{
    "summary": {
        "stock_name": "巨路",
        "stock_id": "6192",
        "category": "其他電子",
        "main_business": "程控儀器買賣及程控系統整合工程<br>提供電子及通信元件之經銷代理",
        "website_url": "http://www.elumax.com",
        "ceo": "周行",
        "pe_ratio": 10,
        "report_year_from": 2001,
        "report_year_to": 2023,
        "age": 23,
        "eps_negative_percentage": 0,
        "eps_growth_avg": {
            "last_all": 5.26,
            "last_2y": -0.25,
            "last_4y": -0.04,
            "last_8y": 4.19,
            "last_12y": 2.83,
            "last_16y": 3.62,
            "last_20y": 4.29,
            "at_2006_last_3y": 7.14,
            "at_2007_last_3y": 19.1,
            "at_2008_last_3y": 21.7,
            "at_2009_last_3y": 17.38,
            "at_2010_last_3y": 6.18,
            "at_2011_last_3y": 0.2,
            "at_2012_last_3y": 1.16,
            "at_2013_last_3y": 2.15,
            "at_2014_last_3y": -0.24,
            "at_2015_last_3y": -4.83,
            "at_2016_last_3y": -6.99,
            "at_2017_last_3y": -4.18,
            "at_2018_last_3y": 9.48,
            "at_2019_last_3y": 10.97,
            "at_2020_last_3y": 14.53,
            "at_2021_last_3y": 17.19,
            "at_2022_last_3y": 6.01,
            "at_2023_last_3y": 0.74,
            "at_2024_last_3y": 0.74,
            "at_2006_last_all": 10.84,
            "at_2007_last_all": 14.56,
            "at_2008_last_all": 11.66,
            "at_2009_last_all": 8.77,
            "at_2010_last_all": 8.77,
            "at_2011_last_all": 8.81,
            "at_2012_last_all": 7.84,
            "at_2013_last_all": 6.56,
            "at_2014_last_all": 6,
            "at_2015_last_all": 4.92,
            "at_2016_last_all": 3.89,
            "at_2017_last_all": 3.88,
            "at_2018_last_all": 6.82,
            "at_2019_last_all": 6.26,
            "at_2020_last_all": 6.13,
            "at_2021_last_all": 6.54,
            "at_2022_last_all": 6.66,
            "at_2023_last_all": 5.26,
            "at_2024_last_all": 5.26
        },
        "latest_eps": 8.83,
        "latest_price": 89.6,
        "latest_roe": 13.84,
        "latest_gross_margin": 30.91,
        "latest_equity": 6364786,
        "latest_revenue": 1685529,
        "latest_gross_profit": 520975,
        "latest_net_income": 222796,
        "latest_debt_ratio": 40.11,
        "latest_current_ratio": 231.26,
        "latest_account_receivable_turnover_ratio": 1,
        "latest_inventory_turnover_ratio": 0.35,
        "latest_reinvestment_rate": -1.17,
        "latest_research_to_sale_ratio": 1.78
    },
    "eps_dividends": {
        "2000": {
            "cash": 1,
            "stock": 0,
            "eps": 0
        },
        "2001": {
            "cash": 0,
            "stock": 2,
            "eps": 3.08
        },
        "2002": {
            "cash": 0.5,
            "stock": 1.6,
            "eps": 3.87
        },
        "2003": {
            "cash": 1.2,
            "stock": 1.2,
            "eps": 3.3
        },
        "2004": {
            "cash": 2.4,
            "stock": 0.6,
            "eps": 2.77
        },
        "2005": {
            "cash": 2,
            "stock": 0.4,
            "eps": 2.93
        },
        "2006": {
            "cash": 2,
            "stock": 0,
            "eps": 4.5
        },
        "2007": {
            "cash": 3,
            "stock": 0.2,
            "eps": 5.99
        },
        "2008": {
            "cash": 3.5,
            "stock": 1,
            "eps": 5.65
        },
        "2009": {
            "cash": 1.5,
            "stock": 1,
            "eps": 5
        },
        "2010": {
            "cash": 3,
            "stock": 0.5,
            "eps": 5.44
        },
        "2011": {
            "cash": 6,
            "stock": 1.5,
            "eps": 5.94
        },
        "2012": {
            "cash": 0,
            "stock": 0,
            "eps": 5.83
        },
        "2013": {
            "cash": 3.5,
            "stock": 0,
            "eps": 5.39
        },
        "2014": {
            "cash": 3,
            "stock": 0,
            "eps": 5.35
        },
        "2015": {
            "cash": 3,
            "stock": 0,
            "eps": 4.86
        },
        "2016": {
            "cash": 3,
            "stock": 0,
            "eps": 4.35
        },
        "2017": {
            "cash": 2,
            "stock": 0,
            "eps": 4.51
        },
        "2018": {
            "cash": 3.3,
            "stock": 0,
            "eps": 6.94
        },
        "2019": {
            "cash": 3.3,
            "stock": 0,
            "eps": 6.72
        },
        "2020": {
            "cash": 3.3,
            "stock": 0,
            "eps": 6.97
        },
        "2021": {
            "cash": 3.4,
            "stock": 0,
            "eps": 7.97
        },
        "2022": {
            "cash": 4,
            "stock": 0,
            "eps": 8.7
        },
        "2023": {
            "cash": 4,
            "stock": 0,
            "eps": 6.59
        }
    },
    "dividends": {
        "2000-06-09": {
            "cash": 1,
            "stock": 0
        },
        "2001-06-22": {
            "cash": 0,
            "stock": 2
        },
        "2002-04-26": {
            "cash": 0.5,
            "stock": 1.6
        },
        "2003-03-06": {
            "cash": 1.2,
            "stock": 1.2
        },
        "2004-02-25": {
            "cash": 2.4,
            "stock": 0.6
        },
        "2005-03-08": {
            "cash": 2,
            "stock": 0.4
        },
        "2006-06-14": {
            "cash": 2,
            "stock": 0
        },
        "2007-03-20": {
            "cash": 3,
            "stock": 0.2
        },
        "2008-03-20": {
            "cash": 3.5,
            "stock": 1
        },
        "2009-03-20": {
            "cash": 1.5,
            "stock": 1
        },
        "2010-03-19": {
            "cash": 3,
            "stock": 0.5
        },
        "2011-01-01": {
            "cash": 3,
            "stock": 1
        },
        "2011-03-18": {
            "cash": 3,
            "stock": 0.5
        },
        "2013-03-26": {
            "cash": 3.5,
            "stock": 0
        },
        "2014-06-11": {
            "cash": 3,
            "stock": 0
        },
        "2015-07-24": {
            "cash": 3,
            "stock": 0
        },
        "2016-08-11": {
            "cash": 3,
            "stock": 0
        },
        "2017-08-04": {
            "cash": 2,
            "stock": 0
        },
        "2018-08-09": {
            "cash": 3.3,
            "stock": 0
        },
        "2019-08-09": {
            "cash": 3.3,
            "stock": 0
        },
        "2020-08-06": {
            "cash": 3.3,
            "stock": 0
        },
        "2021-05-21": {
            "cash": 3.4,
            "stock": 0
        },
        "2022-05-19": {
            "cash": 4,
            "stock": 0
        },
        "2023-05-25": {
            "cash": 4,
            "stock": 0
        }
    },
    "prices": {
        "200101": "無",
        "200102": "無",
        "200103": "無",
        "200104": "無",
        "200105": "無",
        "200106": "無",
        "200107": "無",
        "200108": "無",
        "200109": "無",
        "200110": "無",
        "200111": "無",
        "200112": "無",
        "200201": "無",
        "200202": "無",
        "200203": "無",
        "200204": "無",
        "200205": "無",
        "200206": "無",
        "200207": "無",
        "200208": "無",
        "200209": "無",
        "200210": "無",
        "200211": "40.05",
        "200212": "45.77",
        "200301": "45.85",
        "200302": "38.16",
        "200303": "35.94",
        "200304": "33.05",
        "200305": "31.06",
        "200306": "34.96",
        "200307": "48.37",
        "200308": "63.16",
        "200309": "48.31",
        "200310": "48.71",
        "200311": "47.79",
        "200312": "46.48",
        "200401": "42.73",
        "200402": "42.74",
        "200403": "40.41",
        "200404": "40.08",
        "200405": "35.81",
        "200406": "38.50",
        "200407": "36.06",
        "200408": "32.96",
        "200409": "33.80",
        "200410": "32.66",
        "200411": "29.49",
        "200412": "27.52",
        "200501": "27.67",
        "200502": "29.66",
        "200503": "31.55",
        "200504": "31.68",
        "200505": "30.79",
        "200506": "31.84",
        "200507": "33.06",
        "200508": "36.69",
        "200509": "33.22",
        "200510": "31.83",
        "200511": "30.51",
        "200512": "33.65",
        "200601": "33.86",
        "200602": "30.81",
        "200603": "31.53",
        "200604": "31.99",
        "200605": "31.67",
        "200606": "30.58",
        "200607": "29.56",
        "200608": "30.98",
        "200609": "33.22",
        "200610": "37.69",
        "200611": "40.33",
        "200612": "42.08",
        "200701": "49.93",
        "200702": "55.07",
        "200703": "55.97",
        "200704": "63.10",
        "200705": "61.41",
        "200706": "74.53",
        "200707": "87.57",
        "200708": "83.31",
        "200709": "86.67",
        "200710": "81.34",
        "200711": "78.37",
        "200712": "72.49",
        "200801": "61.43",
        "200802": "61.77",
        "200803": "60.81",
        "200804": "67.50",
        "200805": "62.85",
        "200806": "58.04",
        "200807": "54.69",
        "200808": "51.34",
        "200809": "46.93",
        "200810": "36.07",
        "200811": "38.01",
        "200812": "38.71",
        "200901": "38.12",
        "200902": "36.67",
        "200903": "39.19",
        "200904": "45.36",
        "200905": "54.58",
        "200906": "51.26",
        "200907": "53.18",
        "200908": "55.28",
        "200909": "62.18",
        "200910": "61.25",
        "200911": "58.16",
        "200912": "59.94",
        "201001": "59.04",
        "201002": "53.16",
        "201003": "55.93",
        "201004": "58.57",
        "201005": "54.81",
        "201006": "53.96",
        "201007": "53.85",
        "201008": "51.18",
        "201009": "51.42",
        "201010": "53.99",
        "201011": "53.79",
        "201012": "58.43",
        "201101": "58.57",
        "201102": "55.78",
        "201103": "56.57",
        "201104": "60.88",
        "201105": "71.86",
        "201106": "72.10",
        "201107": "75.94",
        "201108": "74.96",
        "201109": "69.92",
        "201110": "64.38",
        "201111": "67.05",
        "201112": "62.76",
        "201201": "58.14",
        "201202": "61.34",
        "201203": "64.97",
        "201204": "64.52",
        "201205": "65.45",
        "201206": "63.85",
        "201207": "66.83",
        "201208": "60.47",
        "201209": "60.80",
        "201210": "58.15",
        "201211": "57.65",
        "201212": "57.99",
        "201301": "65.02",
        "201302": "67.82",
        "201303": "71.60",
        "201304": "70.32",
        "201305": "69.77",
        "201306": "65.17",
        "201307": "65.68",
        "201308": "67.42",
        "201309": "69.33",
        "201310": "73.14",
        "201311": "72.35",
        "201312": "71.25",
        "201401": "74.16",
        "201402": "77.46",
        "201403": "77.68",
        "201404": "73.78",
        "201405": "73.08",
        "201406": "72.30",
        "201407": "70.58",
        "201408": "69.66",
        "201409": "70.78",
        "201410": "67.24",
        "201411": "64.32",
        "201412": "63.84",
        "201501": "63.64",
        "201502": "62.37",
        "201503": "61.32",
        "201504": "62.05",
        "201505": "59.09",
        "201506": "55.17",
        "201507": "48.19",
        "201508": "42.47",
        "201509": "42.74",
        "201510": "45.13",
        "201511": "44.83",
        "201512": "43.29",
        "201601": "42.04",
        "201602": "44.37",
        "201603": "45.59",
        "201604": "47.28",
        "201605": "45.53",
        "201606": "45.97",
        "201607": "46.53",
        "201608": "46.94",
        "201609": "47.47",
        "201610": "48.63",
        "201611": "50.64",
        "201612": "53.55",
        "201701": "51.61",
        "201702": "51.46",
        "201703": "52.50",
        "201704": "51.33",
        "201705": "55.57",
        "201706": "61.16",
        "201707": "56.46",
        "201708": "52.50",
        "201709": "57.99",
        "201710": "58.00",
        "201711": "56.58",
        "201712": "55.67",
        "201801": "57.89",
        "201802": "56.76",
        "201803": "58.07",
        "201804": "59.56",
        "201805": "60.71",
        "201806": "63.56",
        "201807": "61.41",
        "201808": "63.53",
        "201809": "68.27",
        "201810": "65.95",
        "201811": "65.39",
        "201812": "65.89",
        "201901": "64.07",
        "201902": "67.17",
        "201903": "70.70",
        "201904": "72.34",
        "201905": "72.73",
        "201906": "73.28",
        "201907": "81.47",
        "201908": "90.09",
        "201909": "86.08",
        "201910": "81.68",
        "201911": "75.50",
        "201912": "77.38",
        "202001": "79.92",
        "202002": "72.97",
        "202003": "59.95",
        "202004": "61.63",
        "202005": "65.34",
        "202006": "66.96",
        "202007": "67.54",
        "202008": "66.80",
        "202009": "64.56",
        "202010": "64.42",
        "202011": "66.23",
        "202012": "68.18",
        "202101": "66.90",
        "202102": "67.94",
        "202103": "72.67",
        "202104": "76.99",
        "202105": "69.70",
        "202106": "71.64",
        "202107": "70.17",
        "202108": "70.00",
        "202109": "69.80",
        "202110": "69.40",
        "202111": "69.84",
        "202112": "71.24",
        "202201": "73.77",
        "202202": "74.05",
        "202203": "72.94",
        "202204": "73.82",
        "202205": "70.29",
        "202206": "70.07",
        "202207": "68.13",
        "202208": "68.60",
        "202209": "68.49",
        "202210": "66.10",
        "202211": "69.53",
        "202212": "69.70",
        "202301": "71.10",
        "202302": "73.34",
        "202303": "76.17",
        "202304": "75.62",
        "202305": "73.67",
        "202306": "76.52",
        "202307": "79.48",
        "202308": "82.66",
        "202309": "85.71",
        "202310": "83.02",
        "202311": "83.89",
        "202312": "88.15"
    },
    "quarters": {
        "20011": {
            "year_quarter": 20011,
            "year": 2001,
            "quarter": 1,
            "eps": 0.68,
            "eps_growth_year": null,
            "eps_4q": null,
            "eps_4q_growth_year": null,
            "roe": 2.6,
            "roe_4q": 2.6,
            "gross_profit": 88260,
            "gross_margin": 17.1,
            "gross_margin_4q_avg": 17.1,
            "net_income": 25119,
            "net_income_4q": null,
            "revenue": 516112,
            "revenue_4q": null,
            "common_shares": 420000,
            "book_valuer_per_share": 23.27,
            "book_valuer_per_share_4q_avg": 23.27,
            "equity": 977381,
            "current_ratio": 129.28,
            "debt_ratio": 54.13,
            "inventory_turnover_ratio": 0.67,
            "account_receivable_turnover_ratio": null,
            "reinvestment_rate": null,
            "research_to_sale_ratio": null,
            "price_fair": 0,
            "eps_avg_yearly": 0,
            "eps_latest_yearly": 0,
            "eps_growth_yearly": 0
        },
        "20012": {
            "year_quarter": 20012,
            "year": 2001,
            "quarter": 2,
            "eps": 2.4,
            "eps_growth_year": null,
            "eps_4q": null,
            "eps_4q_growth_year": null,
            "roe": 9.72,
            "roe_4q": 12.32,
            "gross_profit": 209951,
            "gross_margin": 33.39,
            "gross_margin_4q_avg": 25.25,
            "net_income": 100871,
            "net_income_4q": null,
            "revenue": 628719,
            "revenue_4q": null,
            "common_shares": 420000,
            "book_valuer_per_share": 26.13,
            "book_valuer_per_share_4q_avg": 24.7,
            "equity": 1097331,
            "current_ratio": 145.6,
            "debt_ratio": 48.22,
            "inventory_turnover_ratio": 0.59,
            "account_receivable_turnover_ratio": null,
            "reinvestment_rate": null,
            "research_to_sale_ratio": null,
            "price_fair": 0,
            "eps_avg_yearly": 0,
            "eps_latest_yearly": 0,
            "eps_growth_yearly": 0
        },
        "20013": {
            "year_quarter": 20013,
            "year": 2001,
            "quarter": 3,
            "eps": null,
            "eps_growth_year": null,
            "eps_4q": null,
            "eps_4q_growth_year": null,
            "roe": null,
            "roe_4q": 12.32,
            "gross_profit": null,
            "gross_margin": null,
            "gross_margin_4q_avg": 16.83,
            "net_income": null,
            "net_income_4q": null,
            "revenue": null,
            "revenue_4q": null,
            "common_shares": null,
            "book_valuer_per_share": null,
            "book_valuer_per_share_4q_avg": 16.47,
            "equity": null,
            "current_ratio": null,
            "debt_ratio": null,
            "inventory_turnover_ratio": null,
            "account_receivable_turnover_ratio": null,
            "reinvestment_rate": null,
            "research_to_sale_ratio": null,
            "price_fair": 0,
            "eps_avg_yearly": 0,
            "eps_latest_yearly": 0,
            "eps_growth_yearly": 0
        },
        "20014": {
            "year_quarter": 20014,
            "year": 2001,
            "quarter": 4,
            "eps": null,
            "eps_growth_year": null,
            "eps_4q": null,
            "eps_4q_growth_year": null,
            "roe": null,
            "roe_4q": 12.32,
            "gross_profit": null,
            "gross_margin": null,
            "gross_margin_4q_avg": 12.62,
            "net_income": null,
            "net_income_4q": null,
            "revenue": null,
            "revenue_4q": null,
            "common_shares": 504000,
            "book_valuer_per_share": 22.49,
            "book_valuer_per_share_4q_avg": 17.97,
            "equity": 1133301,
            "current_ratio": 211.41,
            "debt_ratio": 44.33,
            "inventory_turnover_ratio": null,
            "account_receivable_turnover_ratio": null,
            "reinvestment_rate": null,
            "research_to_sale_ratio": null,
            "price_fair": 0,
            "eps_avg_yearly": 0,
            "eps_latest_yearly": 0,
            "eps_growth_yearly": 0
        },
        "20021": {
            "year_quarter": 20021,
            "year": 2002,
            "quarter": 1,
            "eps": 0.6,
            "eps_growth_year": -11.76,
            "eps_4q": null,
            "eps_4q_growth_year": null,
            "roe": 2.62,
            "roe_4q": 12.34,
            "gross_profit": 91831,
            "gross_margin": 18.5,
            "gross_margin_4q_avg": 12.97,
            "net_income": 30098,
            "net_income_4q": null,
            "revenue": 496338,
            "revenue_4q": null,
            "common_shares": 504000,
            "book_valuer_per_share": 23.1,
            "book_valuer_per_share_4q_avg": 17.93,
            "equity": 1164088,
            "current_ratio": 166.1,
            "debt_ratio": 46.23,
            "inventory_turnover_ratio": 0.78,
            "account_receivable_turnover_ratio": null,
            "reinvestment_rate": null,
            "research_to_sale_ratio": null,
            "price_fair": 0,
            "eps_avg_yearly": 0,
            "eps_latest_yearly": 0,
            "eps_growth_yearly": 0
        },
        "20022": {
            "year_quarter": 20022,
            "year": 2002,
            "quarter": 2,
            "eps": 0.78,
            "eps_growth_year": -67.5,
            "eps_4q": null,
            "eps_4q_growth_year": null,
            "roe": 3.92,
            "roe_4q": 6.54,
            "gross_profit": 135265,
            "gross_margin": 24.3,
            "gross_margin_4q_avg": 10.7,
            "net_income": 45481,
            "net_income_4q": null,
            "revenue": 556729,
            "revenue_4q": null,
            "common_shares": 584640,
            "book_valuer_per_share": 19.78,
            "book_valuer_per_share_4q_avg": 16.34,
            "equity": 1156378,
            "current_ratio": 213.95,
            "debt_ratio": 40.69,
            "inventory_turnover_ratio": 0.82,
            "account_receivable_turnover_ratio": null,
            "reinvestment_rate": null,
            "research_to_sale_ratio": null,
            "price_fair": 109.2,
            "eps_avg_yearly": 3.12,
            "eps_latest_yearly": 3.12,
            "eps_growth_yearly": 120
        },
        "20023": {
            "year_quarter": 20023,
            "year": 2002,
            "quarter": 3,
            "eps": 0.86,
            "eps_growth_year": null,
            "eps_4q": null,
            "eps_4q_growth_year": null,
            "roe": 4.21,
            "roe_4q": 10.75,
            "gross_profit": 167417,
            "gross_margin": 25.01,
            "gross_margin_4q_avg": 16.95,
            "net_income": 50295,
            "net_income_4q": null,
            "revenue": 669376,
            "revenue_4q": null,
            "common_shares": 584640,
            "book_valuer_per_share": 21.05,
            "book_valuer_per_share_4q_avg": 21.61,
            "equity": 1230582,
            "current_ratio": 194.67,
            "debt_ratio": 44.45,
            "inventory_turnover_ratio": 0.98,
            "account_receivable_turnover_ratio": null,
            "reinvestment_rate": null,
            "research_to_sale_ratio": null,
            "price_fair": 114.8,
            "eps_avg_yearly": 3.28,
            "eps_latest_yearly": 3.44,
            "eps_growth_yearly": 80.51
        },
        "20024": {
            "year_quarter": 20024,
            "year": 2002,
            "quarter": 4,
            "eps": 1.63,
            "eps_growth_year": null,
            "eps_4q": 3.79,
            "eps_4q_growth_year": null,
            "roe": 7.45,
            "roe_4q": 18.2,
            "gross_profit": 258447,
            "gross_margin": 25.87,
            "gross_margin_4q_avg": 23.42,
            "net_income": 95028,
            "net_income_4q": null,
            "revenue": 998911,
            "revenue_4q": null,
            "common_shares": 584640,
            "book_valuer_per_share": 22.61,
            "book_valuer_per_share_4q_avg": 21.64,
            "equity": 1322157,
            "current_ratio": 261.41,
            "debt_ratio": 42.93,
            "inventory_turnover_ratio": 1.48,
            "account_receivable_turnover_ratio": null,
            "reinvestment_rate": null,
            "research_to_sale_ratio": null,
            "price_fair": 152.6,
            "eps_avg_yearly": 4.36,
            "eps_latest_yearly": 6.52,
            "eps_growth_yearly": 173.06
        },
        "20031": {
            "year_quarter": 20031,
            "year": 2003,
            "quarter": 1,
            "eps": 0.77,
            "eps_growth_year": 28.33,
            "eps_4q": 4.05,
            "eps_4q_growth_year": null,
            "roe": 3.09,
            "roe_4q": 18.67,
            "gross_profit": 148531,
            "gross_margin": 18.52,
            "gross_margin_4q_avg": 23.43,
            "net_income": 44860,
            "net_income_4q": null,
            "revenue": 801919,
            "revenue_4q": null,
            "common_shares": 644640,
            "book_valuer_per_share": 24.47,
            "book_valuer_per_share_4q_avg": 21.98,
            "equity": 1577370,
            "current_ratio": 277.14,
            "debt_ratio": 32.27,
            "inventory_turnover_ratio": 1.49,
            "account_receivable_turnover_ratio": null,
            "reinvestment_rate": null,
            "research_to_sale_ratio": null,
            "price_fair": 141.4,
            "eps_avg_yearly": 4.04,
            "eps_latest_yearly": 3.08,
            "eps_growth_yearly": 77.03
        },
        "20032": {
            "year_quarter": 20032,
            "year": 2003,
            "quarter": 2,
            "eps": 0.78,
            "eps_growth_year": 0,
            "eps_4q": 3.58,
            "eps_4q_growth_year": null,
            "roe": 3.49,
            "roe_4q": 18.240000000000002,
            "gross_profit": 131050,
            "gross_margin": 22.24,
            "gross_margin_4q_avg": 22.91,
            "net_income": 53070,
            "net_income_4q": null,
            "revenue": 589144,
            "revenue_4q": null,
            "common_shares": 644640,
            "book_valuer_per_share": 22.73,
            "book_valuer_per_share_4q_avg": 22.72,
            "equity": 1465435,
            "current_ratio": 209.57,
            "debt_ratio": 37,
            "inventory_turnover_ratio": 1.02,
            "account_receivable_turnover_ratio": null,
            "reinvestment_rate": null,
            "research_to_sale_ratio": null,
            "price_fair": 134.96,
            "eps_avg_yearly": 3.86,
            "eps_latest_yearly": 3.12,
            "eps_growth_yearly": 62.66
        },
        "20033": {
            "year_quarter": 20033,
            "year": 2003,
            "quarter": 3,
            "eps": 1.48,
            "eps_growth_year": 72.09,
            "eps_4q": 4.3,
            "eps_4q_growth_year": null,
            "roe": 6.71,
            "roe_4q": 20.74,
            "gross_profit": 180869,
            "gross_margin": 19.6,
            "gross_margin_4q_avg": 21.56,
            "net_income": 101155,
            "net_income_4q": null,
            "revenue": 922971,
            "revenue_4q": null,
            "common_shares": 721997,
            "book_valuer_per_share": 21.47,
            "book_valuer_per_share_4q_avg": 22.82,
            "equity": 1549815,
            "current_ratio": 200.44,
            "debt_ratio": 45.04,
            "inventory_turnover_ratio": 1.66,
            "account_receivable_turnover_ratio": null,
            "reinvestment_rate": null,
            "research_to_sale_ratio": null,
            "price_fair": 147,
            "eps_avg_yearly": 4.2,
            "eps_latest_yearly": 5.92,
            "eps_growth_yearly": 112.05
        },
        "20034": {
            "year_quarter": 20034,
            "year": 2003,
            "quarter": 4,
            "eps": 0.27,
            "eps_growth_year": -83.44,
            "eps_4q": 3.17,
            "eps_4q_growth_year": -16.33,
            "roe": 1.19,
            "roe_4q": 14.48,
            "gross_profit": 157920,
            "gross_margin": 16.59,
            "gross_margin_4q_avg": 19.24,
            "net_income": 18534,
            "net_income_4q": null,
            "revenue": 952174,
            "revenue_4q": null,
            "common_shares": 721997,
            "book_valuer_per_share": 21.73,
            "book_valuer_per_share_4q_avg": 22.6,
            "equity": 1569013,
            "current_ratio": 223.15,
            "debt_ratio": 48.37,
            "inventory_turnover_ratio": 1.74,
            "account_receivable_turnover_ratio": null,
            "reinvestment_rate": null,
            "research_to_sale_ratio": null,
            "price_fair": 131.4,
            "eps_avg_yearly": 3.75,
            "eps_latest_yearly": 1.08,
            "eps_growth_yearly": 49.32
        },
        "20041": {
            "year_quarter": 20041,
            "year": 2004,
            "quarter": 1,
            "eps": 0.54,
            "eps_growth_year": -29.87,
            "eps_4q": 2.97,
            "eps_4q_growth_year": -26.61,
            "roe": 2.4,
            "roe_4q": 13.790000000000001,
            "gross_profit": 165421,
            "gross_margin": 16.49,
            "gross_margin_4q_avg": 18.73,
            "net_income": 38415,
            "net_income_4q": null,
            "revenue": 1003196,
            "revenue_4q": null,
            "common_shares": 721997,
            "book_valuer_per_share": 22.56,
            "book_valuer_per_share_4q_avg": 22.12,
            "equity": 1629104,
            "current_ratio": 191.26,
            "debt_ratio": 45.52,
            "inventory_turnover_ratio": 1.68,
            "account_receivable_turnover_ratio": null,
            "reinvestment_rate": null,
            "research_to_sale_ratio": null,
            "price_fair": 124.43,
            "eps_avg_yearly": 3.56,
            "eps_latest_yearly": 2.16,
            "eps_growth_yearly": 93.16
        },
        "20042": {
            "year_quarter": 20042,
            "year": 2004,
            "quarter": 2,
            "eps": 0.89,
            "eps_growth_year": 14.1,
            "eps_4q": 3,
            "eps_4q_growth_year": -16.14,
            "roe": 4.27,
            "roe_4q": 14.57,
            "gross_profit": 163186,
            "gross_margin": 17.26,
            "gross_margin_4q_avg": 17.49,
            "net_income": 66743,
            "net_income_4q": null,
            "revenue": 945293,
            "revenue_4q": null,
            "common_shares": 721997,
            "book_valuer_per_share": 20.72,
            "book_valuer_per_share_4q_avg": 21.62,
            "equity": 1495898,
            "current_ratio": 153.52,
            "debt_ratio": 54.77,
            "inventory_turnover_ratio": 1.54,
            "account_receivable_turnover_ratio": null,
            "reinvestment_rate": null,
            "research_to_sale_ratio": null,
            "price_fair": 124.44,
            "eps_avg_yearly": 3.56,
            "eps_latest_yearly": 3.56,
            "eps_growth_yearly": 111.61
        },
        "20043": {
            "year_quarter": 20043,
            "year": 2004,
            "quarter": 3,
            "eps": 0.88,
            "eps_growth_year": -40.54,
            "eps_4q": 2.53,
            "eps_4q_growth_year": -41.31,
            "roe": 4.32,
            "roe_4q": 12.18,
            "gross_profit": 166411,
            "gross_margin": 16.4,
            "gross_margin_4q_avg": 16.69,
            "net_income": 66141,
            "net_income_4q": null,
            "revenue": 1014537,
            "revenue_4q": null,
            "common_shares": 765317,
            "book_valuer_per_share": 20.47,
            "book_valuer_per_share_4q_avg": 21.37,
            "equity": 1566680,
            "current_ratio": 171.57,
            "debt_ratio": 53.68,
            "inventory_turnover_ratio": 1.65,
            "account_receivable_turnover_ratio": null,
            "reinvestment_rate": null,
            "research_to_sale_ratio": null,
            "price_fair": 124.32,
            "eps_avg_yearly": 3.55,
            "eps_latest_yearly": 3.52,
            "eps_growth_yearly": 100
        },
        "20044": {
            "year_quarter": 20044,
            "year": 2004,
            "quarter": 4,
            "eps": 0.46,
            "eps_growth_year": 70.37,
            "eps_4q": 2.76,
            "eps_4q_growth_year": -13.03,
            "roe": 2.2,
            "roe_4q": 13.19,
            "gross_profit": 182853,
            "gross_margin": 17.68,
            "gross_margin_4q_avg": 16.96,
            "net_income": 34303,
            "net_income_4q": null,
            "revenue": 1034343,
            "revenue_4q": null,
            "common_shares": 765317,
            "book_valuer_per_share": 20.33,
            "book_valuer_per_share_4q_avg": 21.02,
            "equity": 1556194,
            "current_ratio": 214.62,
            "debt_ratio": 53.75,
            "inventory_turnover_ratio": 1.64,
            "account_receivable_turnover_ratio": null,
            "reinvestment_rate": null,
            "research_to_sale_ratio": null,
            "price_fair": 118.87,
            "eps_avg_yearly": 3.4,
            "eps_latest_yearly": 1.84,
            "eps_growth_yearly": 73.56
        },
        "20051": {
            "year_quarter": 20051,
            "year": 2005,
            "quarter": 1,
            "eps": 0.58,
            "eps_growth_year": 7.41,
            "eps_4q": 2.8,
            "eps_4q_growth_year": -5.7,
            "roe": 2.77,
            "roe_4q": 13.56,
            "gross_profit": 179195,
            "gross_margin": 19.29,
            "gross_margin_4q_avg": 17.66,
            "net_income": 43695,
            "net_income_4q": null,
            "revenue": 929166,
            "revenue_4q": null,
            "common_shares": 765317,
            "book_valuer_per_share": 20.86,
            "book_valuer_per_share_4q_avg": 20.6,
            "equity": 1596466,
            "current_ratio": 182.39,
            "debt_ratio": 53.1,
            "inventory_turnover_ratio": 1.42,
            "account_receivable_turnover_ratio": null,
            "reinvestment_rate": null,
            "research_to_sale_ratio": null,
            "price_fair": 115.73,
            "eps_avg_yearly": 3.31,
            "eps_latest_yearly": 2.32,
            "eps_growth_yearly": 76.12
        },
        "20052": {
            "year_quarter": 20052,
            "year": 2005,
            "quarter": 2,
            "eps": 0.78,
            "eps_growth_year": -12.36,
            "eps_4q": 2.62,
            "eps_4q_growth_year": -12.71,
            "roe": 3.98,
            "roe_4q": 13.27,
            "gross_profit": 157545,
            "gross_margin": 16.76,
            "gross_margin_4q_avg": 17.53,
            "net_income": 61192,
            "net_income_4q": null,
            "revenue": 939740,
            "revenue_4q": null,
            "common_shares": 765317,
            "book_valuer_per_share": 19.28,
            "book_valuer_per_share_4q_avg": 20.24,
            "equity": 1475654,
            "current_ratio": 163.16,
            "debt_ratio": 52.19,
            "inventory_turnover_ratio": 1.39,
            "account_receivable_turnover_ratio": null,
            "reinvestment_rate": null,
            "research_to_sale_ratio": null,
            "price_fair": 115.23,
            "eps_avg_yearly": 3.29,
            "eps_latest_yearly": 3.12,
            "eps_growth_yearly": 80.88
        },
        "20053": {
            "year_quarter": 20053,
            "year": 2005,
            "quarter": 3,
            "eps": 0.74,
            "eps_growth_year": -15.91,
            "eps_4q": 2.52,
            "eps_4q_growth_year": -0.24,
            "roe": 3.81,
            "roe_4q": 12.760000000000002,
            "gross_profit": 188146,
            "gross_margin": 15.65,
            "gross_margin_4q_avg": 17.35,
            "net_income": 57876,
            "net_income_4q": null,
            "revenue": 1202506,
            "revenue_4q": null,
            "common_shares": 795493,
            "book_valuer_per_share": 19.67,
            "book_valuer_per_share_4q_avg": 20.04,
            "equity": 1565055,
            "current_ratio": 169.7,
            "debt_ratio": 50.5,
            "inventory_turnover_ratio": 1.72,
            "account_receivable_turnover_ratio": null,
            "reinvestment_rate": null,
            "research_to_sale_ratio": null,
            "price_fair": 114.4,
            "eps_avg_yearly": 3.27,
            "eps_latest_yearly": 2.96,
            "eps_growth_yearly": 73.63
        },
        "20054": {
            "year_quarter": 20054,
            "year": 2005,
            "quarter": 4,
            "eps": 0.83,
            "eps_growth_year": 80.43,
            "eps_4q": 2.91,
            "eps_4q_growth_year": 5.58,
            "roe": 4.07,
            "roe_4q": 14.63,
            "gross_profit": 203351,
            "gross_margin": 16.22,
            "gross_margin_4q_avg": 16.98,
            "net_income": 64917,
            "net_income_4q": null,
            "revenue": 1253466,
            "revenue_4q": null,
            "common_shares": 795494,
            "book_valuer_per_share": 20.46,
            "book_valuer_per_share_4q_avg": 20.07,
            "equity": 1627862,
            "current_ratio": 207.44,
            "debt_ratio": 52.05,
            "inventory_turnover_ratio": 1.41,
            "account_receivable_turnover_ratio": null,
            "reinvestment_rate": 41.39,
            "research_to_sale_ratio": null,
            "price_fair": 114.52,
            "eps_avg_yearly": 3.27,
            "eps_latest_yearly": 3.32,
            "eps_growth_yearly": 71.97
        },
        "20061": {
            "year_quarter": 20061,
            "year": 2006,
            "quarter": 1,
            "eps": 0.47,
            "eps_growth_year": -18.97,
            "eps_4q": 2.83,
            "eps_4q_growth_year": 1.05,
            "roe": 2.23,
            "roe_4q": 14.090000000000002,
            "gross_profit": 169296,
            "gross_margin": 15.95,
            "gross_margin_4q_avg": 16.15,
            "net_income": 36664,
            "net_income_4q": null,
            "revenue": 1061096,
            "revenue_4q": null,
            "common_shares": 795494,
            "book_valuer_per_share": 20.81,
            "book_valuer_per_share_4q_avg": 20.06,
            "equity": 1655169,
            "current_ratio": 180.85,
            "debt_ratio": 47.86,
            "inventory_turnover_ratio": 1.13,
            "account_receivable_turnover_ratio": null,
            "reinvestment_rate": 34.6,
            "research_to_sale_ratio": null,
            "price_fair": 111.48,
            "eps_avg_yearly": 3.19,
            "eps_latest_yearly": 1.88,
            "eps_growth_yearly": 56.63
        },
        "20062": {
            "year_quarter": 20062,
            "year": 2006,
            "quarter": 2,
            "eps": 1.57,
            "eps_growth_year": 101.28,
            "eps_4q": 3.61,
            "eps_4q_growth_year": 37.8,
            "roe": 7.63,
            "roe_4q": 17.74,
            "gross_profit": 211793,
            "gross_margin": 18.1,
            "gross_margin_4q_avg": 16.48,
            "net_income": 122917,
            "net_income_4q": null,
            "revenue": 1170009,
            "revenue_4q": null,
            "common_shares": 785494,
            "book_valuer_per_share": 19.92,
            "book_valuer_per_share_4q_avg": 20.22,
            "equity": 1564876,
            "current_ratio": 160.67,
            "debt_ratio": 50.65,
            "inventory_turnover_ratio": 1.53,
            "account_receivable_turnover_ratio": null,
            "reinvestment_rate": 31,
            "research_to_sale_ratio": null,
            "price_fair": 118.39,
            "eps_avg_yearly": 3.38,
            "eps_latest_yearly": 6.28,
            "eps_growth_yearly": 107.64
        },
        "20063": {
            "year_quarter": 20063,
            "year": 2006,
            "quarter": 3,
            "eps": 0.98,
            "eps_growth_year": 32.43,
            "eps_4q": 3.83,
            "eps_4q_growth_year": 52.06,
            "roe": 4.79,
            "roe_4q": 18.72,
            "gross_profit": 186665,
            "gross_margin": 19.82,
            "gross_margin_4q_avg": 17.52,
            "net_income": 77154,
            "net_income_4q": null,
            "revenue": 941597,
            "revenue_4q": null,
            "common_shares": 784594,
            "book_valuer_per_share": 21.1,
            "book_valuer_per_share_4q_avg": 20.57,
            "equity": 1655132,
            "current_ratio": 168.56,
            "debt_ratio": 48.2,
            "inventory_turnover_ratio": 1.25,
            "account_receivable_turnover_ratio": null,
            "reinvestment_rate": 32.26,
            "research_to_sale_ratio": null,
            "price_fair": 119.44,
            "eps_avg_yearly": 3.41,
            "eps_latest_yearly": 3.92,
            "eps_growth_yearly": 95.68
        },
        "20064": {
            "year_quarter": 20064,
            "year": 2006,
            "quarter": 4,
            "eps": 1.48,
            "eps_growth_year": 78.31,
            "eps_4q": 4.49,
            "eps_4q_growth_year": 54.34,
            "roe": 6.79,
            "roe_4q": 21.44,
            "gross_profit": 214016,
            "gross_margin": 21.87,
            "gross_margin_4q_avg": 18.94,
            "net_income": 116296,
            "net_income_4q": null,
            "revenue": 978681,
            "revenue_4q": null,
            "common_shares": 784594,
            "book_valuer_per_share": 22.56,
            "book_valuer_per_share_4q_avg": 21.1,
            "equity": 1770030,
            "current_ratio": 234.59,
            "debt_ratio": 46.74,
            "inventory_turnover_ratio": 1.16,
            "account_receivable_turnover_ratio": null,
            "reinvestment_rate": 40.02,
            "research_to_sale_ratio": null,
            "price_fair": 118.13,
            "eps_avg_yearly": 3.38,
            "eps_latest_yearly": 5.92,
            "eps_growth_yearly": 86.05
        },
        "20071": {
            "year_quarter": 20071,
            "year": 2007,
            "quarter": 1,
            "eps": 1.37,
            "eps_growth_year": 191.49,
            "eps_4q": 5.41,
            "eps_4q_growth_year": 91.37,
            "roe": 5.88,
            "roe_4q": 25.09,
            "gross_profit": 236351,
            "gross_margin": 24.83,
            "gross_margin_4q_avg": 21.16,
            "net_income": 107207,
            "net_income_4q": null,
            "revenue": 951887,
            "revenue_4q": null,
            "common_shares": 784594,
            "book_valuer_per_share": 23.93,
            "book_valuer_per_share_4q_avg": 21.88,
            "equity": 1877237,
            "current_ratio": 213.68,
            "debt_ratio": 41.61,
            "inventory_turnover_ratio": 1.13,
            "account_receivable_turnover_ratio": null,
            "reinvestment_rate": 29.59,
            "research_to_sale_ratio": null,
            "price_fair": 123.38,
            "eps_avg_yearly": 3.53,
            "eps_latest_yearly": 5.48,
            "eps_growth_yearly": 97.38
        },
        "20072": {
            "year_quarter": 20072,
            "year": 2007,
            "quarter": 2,
            "eps": 1.06,
            "eps_growth_year": -32.48,
            "eps_4q": 4.82,
            "eps_4q_growth_year": 33.72,
            "roe": 4.77,
            "roe_4q": 22.229999999999997,
            "gross_profit": 224388,
            "gross_margin": 22.4,
            "gross_margin_4q_avg": 22.23,
            "net_income": 84695,
            "net_income_4q": null,
            "revenue": 1001699,
            "revenue_4q": null,
            "common_shares": 784594,
            "book_valuer_per_share": 21.33,
            "book_valuer_per_share_4q_avg": 22.23,
            "equity": 1673838,
            "current_ratio": 164.47,
            "debt_ratio": 49.16,
            "inventory_turnover_ratio": 1.38,
            "account_receivable_turnover_ratio": null,
            "reinvestment_rate": 28.84,
            "research_to_sale_ratio": null,
            "price_fair": 125.83,
            "eps_avg_yearly": 3.6,
            "eps_latest_yearly": 4.24,
            "eps_growth_yearly": 91.4
        },
        "20073": {
            "year_quarter": 20073,
            "year": 2007,
            "quarter": 3,
            "eps": 1.61,
            "eps_growth_year": 64.29,
            "eps_4q": 5.45,
            "eps_4q_growth_year": 42.32,
            "roe": 7.43,
            "roe_4q": 24.869999999999997,
            "gross_profit": 252160,
            "gross_margin": 23.21,
            "gross_margin_4q_avg": 23.08,
            "net_income": 129111,
            "net_income_4q": null,
            "revenue": 1086519,
            "revenue_4q": null,
            "common_shares": 800286,
            "book_valuer_per_share": 22.49,
            "book_valuer_per_share_4q_avg": 22.58,
            "equity": 1799523,
            "current_ratio": 173.57,
            "debt_ratio": 47.33,
            "inventory_turnover_ratio": 1.49,
            "account_receivable_turnover_ratio": null,
            "reinvestment_rate": -4.15,
            "research_to_sale_ratio": null,
            "price_fair": 126.96,
            "eps_avg_yearly": 3.63,
            "eps_latest_yearly": 6.44,
            "eps_growth_yearly": 81.94
        },
        "20074": {
            "year_quarter": 20074,
            "year": 2007,
            "quarter": 4,
            "eps": 1.95,
            "eps_growth_year": 31.76,
            "eps_4q": 5.95,
            "eps_4q_growth_year": 32.51,
            "roe": 8.29,
            "roe_4q": 26.369999999999997,
            "gross_profit": 270761,
            "gross_margin": 24.86,
            "gross_margin_4q_avg": 23.83,
            "net_income": 156362,
            "net_income_4q": null,
            "revenue": 1089339,
            "revenue_4q": null,
            "common_shares": 800286,
            "book_valuer_per_share": 24.64,
            "book_valuer_per_share_4q_avg": 23.1,
            "equity": 1972201,
            "current_ratio": 239.06,
            "debt_ratio": 45.25,
            "inventory_turnover_ratio": 1.29,
            "account_receivable_turnover_ratio": null,
            "reinvestment_rate": 8.48,
            "research_to_sale_ratio": null,
            "price_fair": 141.66,
            "eps_avg_yearly": 4.05,
            "eps_latest_yearly": 7.8,
            "eps_growth_yearly": 107.66
        },
        "20081": {
            "year_quarter": 20081,
            "year": 2008,
            "quarter": 1,
            "eps": 0.77,
            "eps_growth_year": -43.8,
            "eps_4q": 5.38,
            "eps_4q_growth_year": -0.57,
            "roe": 3.12,
            "roe_4q": 23.61,
            "gross_profit": 282358,
            "gross_margin": 24.51,
            "gross_margin_4q_avg": 23.75,
            "net_income": 61804,
            "net_income_4q": null,
            "revenue": 1151978,
            "revenue_4q": null,
            "common_shares": 800286,
            "book_valuer_per_share": 24.87,
            "book_valuer_per_share_4q_avg": 23.33,
            "equity": 1990326,
            "current_ratio": 243.46,
            "debt_ratio": 44.68,
            "inventory_turnover_ratio": 1.15,
            "account_receivable_turnover_ratio": null,
            "reinvestment_rate": 8,
            "research_to_sale_ratio": null,
            "price_fair": 143.68,
            "eps_avg_yearly": 4.11,
            "eps_latest_yearly": 3.08,
            "eps_growth_yearly": 67.53
        },
        "20082": {
            "year_quarter": 20082,
            "year": 2008,
            "quarter": 2,
            "eps": 1.22,
            "eps_growth_year": 15.09,
            "eps_4q": 5.17,
            "eps_4q_growth_year": 7.28,
            "roe": 5.72,
            "roe_4q": 24.56,
            "gross_profit": 303877,
            "gross_margin": 23.04,
            "gross_margin_4q_avg": 23.91,
            "net_income": 107157,
            "net_income_4q": null,
            "revenue": 1318756,
            "revenue_4q": null,
            "common_shares": 800286,
            "book_valuer_per_share": 21.93,
            "book_valuer_per_share_4q_avg": 23.48,
            "equity": 1755261,
            "current_ratio": 182.89,
            "debt_ratio": 54.11,
            "inventory_turnover_ratio": 1.14,
            "account_receivable_turnover_ratio": null,
            "reinvestment_rate": 11.35,
            "research_to_sale_ratio": null,
            "price_fair": 146.56,
            "eps_avg_yearly": 4.19,
            "eps_latest_yearly": 4.88,
            "eps_growth_yearly": 65.93
        },
        "20083": {
            "year_quarter": 20083,
            "year": 2008,
            "quarter": 3,
            "eps": 1.94,
            "eps_growth_year": 20.5,
            "eps_4q": 5.64,
            "eps_4q_growth_year": 3.51,
            "roe": 9.13,
            "roe_4q": 26.26,
            "gross_profit": 424337,
            "gross_margin": 24.72,
            "gross_margin_4q_avg": 24.28,
            "net_income": 170356,
            "net_income_4q": null,
            "revenue": 1716537,
            "revenue_4q": null,
            "common_shares": 880314,
            "book_valuer_per_share": 22.47,
            "book_valuer_per_share_4q_avg": 23.48,
            "equity": 1978112,
            "current_ratio": 191.89,
            "debt_ratio": 51.78,
            "inventory_turnover_ratio": 1.27,
            "account_receivable_turnover_ratio": null,
            "reinvestment_rate": 13.22,
            "research_to_sale_ratio": null,
            "price_fair": 155.84,
            "eps_avg_yearly": 4.45,
            "eps_latest_yearly": 7.76,
            "eps_growth_yearly": 80.97
        },
        "20084": {
            "year_quarter": 20084,
            "year": 2008,
            "quarter": 4,
            "eps": 1.72,
            "eps_growth_year": -11.79,
            "eps_4q": 5.56,
            "eps_4q_growth_year": -6.54,
            "roe": 7.37,
            "roe_4q": 25.34,
            "gross_profit": 365184,
            "gross_margin": 25.63,
            "gross_margin_4q_avg": 24.48,
            "net_income": 151827,
            "net_income_4q": null,
            "revenue": 1424873,
            "revenue_4q": null,
            "common_shares": 880314,
            "book_valuer_per_share": 24.34,
            "book_valuer_per_share_4q_avg": 23.4,
            "equity": 2143120,
            "current_ratio": 224.26,
            "debt_ratio": 45.73,
            "inventory_turnover_ratio": 0.96,
            "account_receivable_turnover_ratio": 3.31,
            "reinvestment_rate": 19.28,
            "research_to_sale_ratio": null,
            "price_fair": 166.86,
            "eps_avg_yearly": 4.77,
            "eps_latest_yearly": 6.88,
            "eps_growth_yearly": 90.07
        },
        "20091": {
            "year_quarter": 20091,
            "year": 2009,
            "quarter": 1,
            "eps": 1.11,
            "eps_growth_year": 44.16,
            "eps_4q": 6,
            "eps_4q_growth_year": 11.47,
            "roe": 4.41,
            "roe_4q": 26.630000000000003,
            "gross_profit": 281949,
            "gross_margin": 22.69,
            "gross_margin_4q_avg": 24.02,
            "net_income": 97473,
            "net_income_4q": null,
            "revenue": 1242786,
            "revenue_4q": null,
            "common_shares": 880314,
            "book_valuer_per_share": 25.83,
            "book_valuer_per_share_4q_avg": 23.64,
            "equity": 2273629,
            "current_ratio": 239.69,
            "debt_ratio": 43.75,
            "inventory_turnover_ratio": 0.88,
            "account_receivable_turnover_ratio": 1.46,
            "reinvestment_rate": 19.5,
            "research_to_sale_ratio": null,
            "price_fair": 171.5,
            "eps_avg_yearly": 4.9,
            "eps_latest_yearly": 4.44,
            "eps_growth_yearly": 74.68
        },
        "20092": {
            "year_quarter": 20092,
            "year": 2009,
            "quarter": 2,
            "eps": 1.4,
            "eps_growth_year": 14.75,
            "eps_4q": 6.17,
            "eps_4q_growth_year": 19.35,
            "roe": 5.41,
            "roe_4q": 26.32,
            "gross_profit": 316192,
            "gross_margin": 22.5,
            "gross_margin_4q_avg": 23.89,
            "net_income": 123046,
            "net_income_4q": null,
            "revenue": 1405370,
            "revenue_4q": null,
            "common_shares": 880314,
            "book_valuer_per_share": 25.83,
            "book_valuer_per_share_4q_avg": 24.62,
            "equity": 2274078,
            "current_ratio": 223.11,
            "debt_ratio": 45.51,
            "inventory_turnover_ratio": 1.07,
            "account_receivable_turnover_ratio": 1.57,
            "reinvestment_rate": 24.58,
            "research_to_sale_ratio": null,
            "price_fair": 176.93,
            "eps_avg_yearly": 5.06,
            "eps_latest_yearly": 5.6,
            "eps_growth_yearly": 72.59
        },
        "20093": {
            "year_quarter": 20093,
            "year": 2009,
            "quarter": 3,
            "eps": 1.55,
            "eps_growth_year": -20.1,
            "eps_4q": 5.37,
            "eps_4q_growth_year": -4.89,
            "roe": 6.46,
            "roe_4q": 23.650000000000002,
            "gross_profit": 384146,
            "gross_margin": 22.66,
            "gross_margin_4q_avg": 23.37,
            "net_income": 151127,
            "net_income_4q": null,
            "revenue": 1695615,
            "revenue_4q": null,
            "common_shares": 880314,
            "book_valuer_per_share": 27.32,
            "book_valuer_per_share_4q_avg": 25.83,
            "equity": 2404930,
            "current_ratio": 221.74,
            "debt_ratio": 45.71,
            "inventory_turnover_ratio": 1.34,
            "account_receivable_turnover_ratio": 1.57,
            "reinvestment_rate": 22.17,
            "research_to_sale_ratio": null,
            "price_fair": 184.01,
            "eps_avg_yearly": 5.26,
            "eps_latest_yearly": 6.2,
            "eps_growth_yearly": 76.55
        },
        "20094": {
            "year_quarter": 20094,
            "year": 2009,
            "quarter": 4,
            "eps": 0.94,
            "eps_growth_year": -45.35,
            "eps_4q": 4.74,
            "eps_4q_growth_year": -14.9,
            "roe": 3.75,
            "roe_4q": 20.03,
            "gross_profit": 291495,
            "gross_margin": 19.8,
            "gross_margin_4q_avg": 21.91,
            "net_income": 91850,
            "net_income_4q": null,
            "revenue": 1472567,
            "revenue_4q": null,
            "common_shares": 978857,
            "book_valuer_per_share": 25.41,
            "book_valuer_per_share_4q_avg": 26.1,
            "equity": 2487411,
            "current_ratio": 241.67,
            "debt_ratio": 42.17,
            "inventory_turnover_ratio": 1.24,
            "account_receivable_turnover_ratio": 1.86,
            "reinvestment_rate": 75.02,
            "research_to_sale_ratio": null,
            "price_fair": 184.98,
            "eps_avg_yearly": 5.29,
            "eps_latest_yearly": 3.76,
            "eps_growth_yearly": 63.67
        },
        "20101": {
            "year_quarter": 20101,
            "year": 2010,
            "quarter": 1,
            "eps": 0.84,
            "eps_growth_year": -24.32,
            "eps_4q": 4.58,
            "eps_4q_growth_year": -23.71,
            "roe": 3.24,
            "roe_4q": 18.86,
            "gross_profit": 281578,
            "gross_margin": 21.27,
            "gross_margin_4q_avg": 21.56,
            "net_income": 81960,
            "net_income_4q": null,
            "revenue": 1323800,
            "revenue_4q": null,
            "common_shares": 978857,
            "book_valuer_per_share": 26.21,
            "book_valuer_per_share_4q_avg": 26.19,
            "equity": 2566022,
            "current_ratio": 245.99,
            "debt_ratio": 41.52,
            "inventory_turnover_ratio": 1.16,
            "account_receivable_turnover_ratio": 1,
            "reinvestment_rate": 73.06,
            "research_to_sale_ratio": 1.01,
            "price_fair": 188.21,
            "eps_avg_yearly": 5.38,
            "eps_latest_yearly": 3.36,
            "eps_growth_yearly": 71.85
        },
        "20102": {
            "year_quarter": 20102,
            "year": 2010,
            "quarter": 2,
            "eps": 1.38,
            "eps_growth_year": -1.18,
            "eps_4q": 4.54,
            "eps_4q_growth_year": -26.4,
            "roe": 5.68,
            "roe_4q": 19.13,
            "gross_profit": 352860,
            "gross_margin": 21.53,
            "gross_margin_4q_avg": 21.32,
            "net_income": 142192,
            "net_income_4q": null,
            "revenue": 1639055,
            "revenue_4q": null,
            "common_shares": 978857,
            "book_valuer_per_share": 24.9,
            "book_valuer_per_share_4q_avg": 25.96,
            "equity": 2437484,
            "current_ratio": 199.58,
            "debt_ratio": 48.6,
            "inventory_turnover_ratio": 1.36,
            "account_receivable_turnover_ratio": 1.34,
            "reinvestment_rate": 76.52,
            "research_to_sale_ratio": 0.81,
            "price_fair": 186.55,
            "eps_avg_yearly": 5.33,
            "eps_latest_yearly": 5.52,
            "eps_growth_yearly": 29.41
        },
        "20103": {
            "year_quarter": 20103,
            "year": 2010,
            "quarter": 3,
            "eps": 1.42,
            "eps_growth_year": -8.54,
            "eps_4q": 4.49,
            "eps_4q_growth_year": -16.33,
            "roe": 5.83,
            "roe_4q": 18.5,
            "gross_profit": 350907,
            "gross_margin": 22.18,
            "gross_margin_4q_avg": 21.2,
            "net_income": 145701,
            "net_income_4q": null,
            "revenue": 1582067,
            "revenue_4q": null,
            "common_shares": 1027800,
            "book_valuer_per_share": 24.92,
            "book_valuer_per_share_4q_avg": 25.36,
            "equity": 2561439,
            "current_ratio": 226.12,
            "debt_ratio": 44.36,
            "inventory_turnover_ratio": 1.13,
            "account_receivable_turnover_ratio": 1.12,
            "reinvestment_rate": 75.82,
            "research_to_sale_ratio": 0.89,
            "price_fair": 190.4,
            "eps_avg_yearly": 5.44,
            "eps_latest_yearly": 5.68,
            "eps_growth_yearly": 39.53
        },
        "20104": {
            "year_quarter": 20104,
            "year": 2010,
            "quarter": 4,
            "eps": 1.8,
            "eps_growth_year": 91.35,
            "eps_4q": 5.4,
            "eps_4q_growth_year": 13.98,
            "roe": 7.07,
            "roe_4q": 21.82,
            "gross_profit": 449391,
            "gross_margin": 25.05,
            "gross_margin_4q_avg": 22.51,
            "net_income": 184866,
            "net_income_4q": null,
            "revenue": 1793980,
            "revenue_4q": null,
            "common_shares": 1027800,
            "book_valuer_per_share": 25.98,
            "book_valuer_per_share_4q_avg": 25.5,
            "equity": 2669868,
            "current_ratio": 229.48,
            "debt_ratio": 44.26,
            "inventory_turnover_ratio": 1.17,
            "account_receivable_turnover_ratio": 0.96,
            "reinvestment_rate": 68.11,
            "research_to_sale_ratio": 0.85,
            "price_fair": 193.2,
            "eps_avg_yearly": 5.52,
            "eps_latest_yearly": 7.2,
            "eps_growth_yearly": 33.47
        },
        "20111": {
            "year_quarter": 20111,
            "year": 2011,
            "quarter": 1,
            "eps": 1.58,
            "eps_growth_year": 88.1,
            "eps_4q": 6.18,
            "eps_4q_growth_year": 34.93,
            "roe": 5.87,
            "roe_4q": 24.450000000000003,
            "gross_profit": 376004,
            "gross_margin": 22.46,
            "gross_margin_4q_avg": 22.81,
            "net_income": 161908,
            "net_income_4q": null,
            "revenue": 1674078,
            "revenue_4q": null,
            "common_shares": 1027800,
            "book_valuer_per_share": 27.68,
            "book_valuer_per_share_4q_avg": 25.87,
            "equity": 2845251,
            "current_ratio": 235.3,
            "debt_ratio": 43.57,
            "inventory_turnover_ratio": 1.09,
            "account_receivable_turnover_ratio": 0.9,
            "reinvestment_rate": 73.61,
            "research_to_sale_ratio": 0.76,
            "price_fair": 195.04,
            "eps_avg_yearly": 5.57,
            "eps_latest_yearly": 6.32,
            "eps_growth_yearly": 32.27
        },
        "20112": {
            "year_quarter": 20112,
            "year": 2011,
            "quarter": 2,
            "eps": 1.49,
            "eps_growth_year": 7.37,
            "eps_4q": 6.05,
            "eps_4q_growth_year": 33.09,
            "roe": 5.8,
            "roe_4q": 24.57,
            "gross_profit": 425875,
            "gross_margin": 22.64,
            "gross_margin_4q_avg": 23.08,
            "net_income": 160306,
            "net_income_4q": null,
            "revenue": 1881028,
            "revenue_4q": null,
            "common_shares": 1027800,
            "book_valuer_per_share": 26.08,
            "book_valuer_per_share_4q_avg": 26.17,
            "equity": 2680212,
            "current_ratio": 212.73,
            "debt_ratio": 47.95,
            "inventory_turnover_ratio": 1.15,
            "account_receivable_turnover_ratio": 1.24,
            "reinvestment_rate": 74,
            "research_to_sale_ratio": 0.78,
            "price_fair": 198.8,
            "eps_avg_yearly": 5.68,
            "eps_latest_yearly": 5.96,
            "eps_growth_yearly": 36.5
        },
        "20113": {
            "year_quarter": 20113,
            "year": 2011,
            "quarter": 3,
            "eps": 1.74,
            "eps_growth_year": 22.86,
            "eps_4q": 6.44,
            "eps_4q_growth_year": 43.37,
            "roe": 6.67,
            "roe_4q": 25.41,
            "gross_profit": 404163,
            "gross_margin": 21.82,
            "gross_margin_4q_avg": 22.99,
            "net_income": 187959,
            "net_income_4q": null,
            "revenue": 1852245,
            "revenue_4q": null,
            "common_shares": 1079190,
            "book_valuer_per_share": 27.42,
            "book_valuer_per_share_4q_avg": 26.79,
            "equity": 2959550,
            "current_ratio": 234.49,
            "debt_ratio": 45.2,
            "inventory_turnover_ratio": 1.13,
            "account_receivable_turnover_ratio": 1.06,
            "reinvestment_rate": 78.02,
            "research_to_sale_ratio": 0.13,
            "price_fair": 199.94,
            "eps_avg_yearly": 5.71,
            "eps_latest_yearly": 6.96,
            "eps_growth_yearly": 27.73
        },
        "20114": {
            "year_quarter": 20114,
            "year": 2011,
            "quarter": 4,
            "eps": 1.13,
            "eps_growth_year": -37.41,
            "eps_4q": 5.85,
            "eps_4q_growth_year": 8.45,
            "roe": 4.03,
            "roe_4q": 22.37,
            "gross_profit": 330876,
            "gross_margin": 22.01,
            "gross_margin_4q_avg": 22.23,
            "net_income": 121497,
            "net_income_4q": null,
            "revenue": 1503494,
            "revenue_4q": null,
            "common_shares": 1079190,
            "book_valuer_per_share": 28.52,
            "book_valuer_per_share_4q_avg": 27.43,
            "equity": 3077424,
            "current_ratio": 248.41,
            "debt_ratio": 43.2,
            "inventory_turnover_ratio": 0.9,
            "account_receivable_turnover_ratio": 0.71,
            "reinvestment_rate": 72.8,
            "research_to_sale_ratio": 0.06,
            "price_fair": 130.44,
            "eps_avg_yearly": 5.51,
            "eps_latest_yearly": 4.52,
            "eps_growth_yearly": 13.68
        },
        "20121": {
            "year_quarter": 20121,
            "year": 2012,
            "quarter": 1,
            "eps": 1.71,
            "eps_growth_year": 8.23,
            "eps_4q": 6.06,
            "eps_4q_growth_year": -1.86,
            "roe": 5.85,
            "roe_4q": 22.349999999999998,
            "gross_profit": 390131,
            "gross_margin": 24.75,
            "gross_margin_4q_avg": 22.81,
            "net_income": 184237,
            "net_income_4q": null,
            "revenue": 1576231,
            "revenue_4q": null,
            "common_shares": 1079190,
            "book_valuer_per_share": 29.88,
            "book_valuer_per_share_4q_avg": 27.98,
            "equity": 3224698,
            "current_ratio": 241.03,
            "debt_ratio": 43.43,
            "inventory_turnover_ratio": 0.87,
            "account_receivable_turnover_ratio": 0.82,
            "reinvestment_rate": 69.59,
            "research_to_sale_ratio": 0.05,
            "price_fair": 200.99,
            "eps_avg_yearly": 5.74,
            "eps_latest_yearly": 6.84,
            "eps_growth_yearly": 41.64
        },
        "20122": {
            "year_quarter": 20122,
            "year": 2012,
            "quarter": 2,
            "eps": 1.09,
            "eps_growth_year": -26.78,
            "eps_4q": 5.25,
            "eps_4q_growth_year": -13.27,
            "roe": 4.12,
            "roe_4q": 20.67,
            "gross_profit": 353316,
            "gross_margin": 20.74,
            "gross_margin_4q_avg": 22.33,
            "net_income": 129111,
            "net_income_4q": null,
            "revenue": 1703410,
            "revenue_4q": null,
            "common_shares": 1079190,
            "book_valuer_per_share": 28.18,
            "book_valuer_per_share_4q_avg": 28.5,
            "equity": 3040808,
            "current_ratio": 216.15,
            "debt_ratio": 47.75,
            "inventory_turnover_ratio": 0.94,
            "account_receivable_turnover_ratio": 1.15,
            "reinvestment_rate": 68.3,
            "research_to_sale_ratio": 0.42,
            "price_fair": 159.7,
            "eps_avg_yearly": 5.71,
            "eps_latest_yearly": 4.36,
            "eps_growth_yearly": 17.97
        },
        "20123": {
            "year_quarter": 20123,
            "year": 2012,
            "quarter": 3,
            "eps": 1.52,
            "eps_growth_year": -12.59,
            "eps_4q": 5.19,
            "eps_4q_growth_year": -19.49,
            "roe": 5.79,
            "roe_4q": 19.79,
            "gross_profit": 403738,
            "gross_margin": 23.07,
            "gross_margin_4q_avg": 22.64,
            "net_income": 180725,
            "net_income_4q": null,
            "revenue": 1749730,
            "revenue_4q": null,
            "common_shares": 1187109,
            "book_valuer_per_share": 26.96,
            "book_valuer_per_share_4q_avg": 28.39,
            "equity": 3200781,
            "current_ratio": 232.98,
            "debt_ratio": 44.41,
            "inventory_turnover_ratio": 0.89,
            "account_receivable_turnover_ratio": 1.09,
            "reinvestment_rate": 68.8,
            "research_to_sale_ratio": 0.64,
            "price_fair": 129.35,
            "eps_avg_yearly": 5.61,
            "eps_latest_yearly": 6.08,
            "eps_growth_yearly": 13.08
        },
        "20124": {
            "year_quarter": 20124,
            "year": 2012,
            "quarter": 4,
            "eps": 1.51,
            "eps_growth_year": 33.83,
            "eps_4q": 5.67,
            "eps_4q_growth_year": -3.15,
            "roe": 5.44,
            "roe_4q": 21.200000000000003,
            "gross_profit": 437083,
            "gross_margin": 25.42,
            "gross_margin_4q_avg": 23.5,
            "net_income": 178856,
            "net_income_4q": null,
            "revenue": 1719741,
            "revenue_4q": null,
            "common_shares": 1187109,
            "book_valuer_per_share": 28.4,
            "book_valuer_per_share_4q_avg": 28.36,
            "equity": 3371781,
            "current_ratio": 243.24,
            "debt_ratio": 42.76,
            "inventory_turnover_ratio": 0.86,
            "account_receivable_turnover_ratio": 1.02,
            "reinvestment_rate": 66.09,
            "research_to_sale_ratio": 0.82,
            "price_fair": 142.96,
            "eps_avg_yearly": 5.55,
            "eps_latest_yearly": 6.04,
            "eps_growth_yearly": 15.75
        },
        "20131": {
            "year_quarter": 20131,
            "year": 2013,
            "quarter": 1,
            "eps": 1.33,
            "eps_growth_year": -22.22,
            "eps_4q": 5.44,
            "eps_4q_growth_year": -10.2,
            "roe": 4.55,
            "roe_4q": 19.900000000000002,
            "gross_profit": 360672,
            "gross_margin": 26.22,
            "gross_margin_4q_avg": 23.86,
            "net_income": 157328,
            "net_income_4q": null,
            "revenue": 1375548,
            "revenue_4q": null,
            "common_shares": 1187109,
            "book_valuer_per_share": 29.89,
            "book_valuer_per_share_4q_avg": 28.36,
            "equity": 3548609,
            "current_ratio": 278.68,
            "debt_ratio": 38.87,
            "inventory_turnover_ratio": 0.69,
            "account_receivable_turnover_ratio": 0.92,
            "reinvestment_rate": -3.25,
            "research_to_sale_ratio": 0.87,
            "price_fair": 177.39,
            "eps_avg_yearly": 5.61,
            "eps_latest_yearly": 5.32,
            "eps_growth_yearly": 21.63
        },
        "20132": {
            "year_quarter": 20132,
            "year": 2013,
            "quarter": 2,
            "eps": 1.24,
            "eps_growth_year": 14.01,
            "eps_4q": 5.59,
            "eps_4q_growth_year": 6.64,
            "roe": 4.3,
            "roe_4q": 20.08,
            "gross_profit": 433610,
            "gross_margin": 30.62,
            "gross_margin_4q_avg": 26.33,
            "net_income": 147228,
            "net_income_4q": null,
            "revenue": 1416118,
            "revenue_4q": null,
            "common_shares": 1187109,
            "book_valuer_per_share": 27.79,
            "book_valuer_per_share_4q_avg": 28.26,
            "equity": 3299216,
            "current_ratio": 229.57,
            "debt_ratio": 45.3,
            "inventory_turnover_ratio": 0.65,
            "account_receivable_turnover_ratio": 1.07,
            "reinvestment_rate": -3.08,
            "research_to_sale_ratio": 0.95,
            "price_fair": 130.34,
            "eps_avg_yearly": 5.57,
            "eps_latest_yearly": 4.96,
            "eps_growth_yearly": 13.41
        },
        "20133": {
            "year_quarter": 20133,
            "year": 2013,
            "quarter": 3,
            "eps": 1.38,
            "eps_growth_year": -9.35,
            "eps_4q": 5.45,
            "eps_4q_growth_year": 5.05,
            "roe": 4.85,
            "roe_4q": 19.14,
            "gross_profit": 435231,
            "gross_margin": 27.14,
            "gross_margin_4q_avg": 27.35,
            "net_income": 163235,
            "net_income_4q": null,
            "revenue": 1603433,
            "revenue_4q": null,
            "common_shares": 1187109,
            "book_valuer_per_share": 28.96,
            "book_valuer_per_share_4q_avg": 28.76,
            "equity": 3437782,
            "current_ratio": 256.18,
            "debt_ratio": 41.87,
            "inventory_turnover_ratio": 0.76,
            "account_receivable_turnover_ratio": 1.17,
            "reinvestment_rate": -2.83,
            "research_to_sale_ratio": 0.83,
            "price_fair": 130.14,
            "eps_avg_yearly": 5.53,
            "eps_latest_yearly": 5.52,
            "eps_growth_yearly": 13.55
        },
        "20134": {
            "year_quarter": 20134,
            "year": 2013,
            "quarter": 4,
            "eps": 1.44,
            "eps_growth_year": -4.21,
            "eps_4q": 5.38,
            "eps_4q_growth_year": -5.02,
            "roe": 4.85,
            "roe_4q": 18.55,
            "gross_profit": 438123,
            "gross_margin": 23.74,
            "gross_margin_4q_avg": 26.93,
            "net_income": 171332,
            "net_income_4q": null,
            "revenue": 1845287,
            "revenue_4q": null,
            "common_shares": 1187109,
            "book_valuer_per_share": 30.51,
            "book_valuer_per_share_4q_avg": 29.29,
            "equity": 3621372,
            "current_ratio": 269.28,
            "debt_ratio": 41.05,
            "inventory_turnover_ratio": 0.96,
            "account_receivable_turnover_ratio": 1.23,
            "reinvestment_rate": -44.06,
            "research_to_sale_ratio": 0.65,
            "price_fair": 194.81,
            "eps_avg_yearly": 5.65,
            "eps_latest_yearly": 5.76,
            "eps_growth_yearly": 24.48
        },
        "20141": {
            "year_quarter": 20141,
            "year": 2014,
            "quarter": 1,
            "eps": 1.51,
            "eps_growth_year": 13.53,
            "eps_4q": 5.57,
            "eps_4q_growth_year": 2.28,
            "roe": 4.81,
            "roe_4q": 18.81,
            "gross_profit": 413942,
            "gross_margin": 29.58,
            "gross_margin_4q_avg": 27.77,
            "net_income": 178970,
            "net_income_4q": null,
            "revenue": 1399238,
            "revenue_4q": null,
            "common_shares": 1187109,
            "book_valuer_per_share": 32.14,
            "book_valuer_per_share_4q_avg": 29.85,
            "equity": 3815372,
            "current_ratio": 302.78,
            "debt_ratio": 37.73,
            "inventory_turnover_ratio": 0.7,
            "account_receivable_turnover_ratio": 0.98,
            "reinvestment_rate": -40.29,
            "research_to_sale_ratio": 0.96,
            "price_fair": 203.61,
            "eps_avg_yearly": 5.82,
            "eps_latest_yearly": 6.04,
            "eps_growth_yearly": 28.36
        },
        "20142": {
            "year_quarter": 20142,
            "year": 2014,
            "quarter": 2,
            "eps": 1,
            "eps_growth_year": -19.35,
            "eps_4q": 5.32,
            "eps_4q_growth_year": -4.89,
            "roe": 3.21,
            "roe_4q": 17.72,
            "gross_profit": 375824,
            "gross_margin": 25.07,
            "gross_margin_4q_avg": 26.38,
            "net_income": 118140,
            "net_income_4q": null,
            "revenue": 1499336,
            "revenue_4q": null,
            "common_shares": 1187109,
            "book_valuer_per_share": 29.85,
            "book_valuer_per_share_4q_avg": 30.37,
            "equity": 3543106,
            "current_ratio": 262.15,
            "debt_ratio": 41.61,
            "inventory_turnover_ratio": 0.83,
            "account_receivable_turnover_ratio": 1.19,
            "reinvestment_rate": -43.39,
            "research_to_sale_ratio": 1.02,
            "price_fair": 79.2,
            "eps_avg_yearly": 5.72,
            "eps_latest_yearly": 4,
            "eps_growth_yearly": 3.84
        },
        "20143": {
            "year_quarter": 20143,
            "year": 2014,
            "quarter": 3,
            "eps": 1.3,
            "eps_growth_year": -5.8,
            "eps_4q": 5.24,
            "eps_4q_growth_year": -3.74,
            "roe": 4.23,
            "roe_4q": 17.1,
            "gross_profit": 397481,
            "gross_margin": 27.38,
            "gross_margin_4q_avg": 26.44,
            "net_income": 154049,
            "net_income_4q": null,
            "revenue": 1451643,
            "revenue_4q": null,
            "common_shares": 1187109,
            "book_valuer_per_share": 31.52,
            "book_valuer_per_share_4q_avg": 31.01,
            "equity": 3742038,
            "current_ratio": 283.68,
            "debt_ratio": 38.87,
            "inventory_turnover_ratio": 0.76,
            "account_receivable_turnover_ratio": 1.1,
            "reinvestment_rate": -42.82,
            "research_to_sale_ratio": 1.12,
            "price_fair": 117.35,
            "eps_avg_yearly": 5.69,
            "eps_latest_yearly": 5.2,
            "eps_growth_yearly": 10.62
        },
        "20144": {
            "year_quarter": 20144,
            "year": 2014,
            "quarter": 4,
            "eps": 1.54,
            "eps_growth_year": 6.83,
            "eps_4q": 5.34,
            "eps_4q_growth_year": -0.77,
            "roe": 4.74,
            "roe_4q": 16.99,
            "gross_profit": 433675,
            "gross_margin": 27.69,
            "gross_margin_4q_avg": 27.43,
            "net_income": 183041,
            "net_income_4q": null,
            "revenue": 1566183,
            "revenue_4q": null,
            "common_shares": 1187109,
            "book_valuer_per_share": 33.57,
            "book_valuer_per_share_4q_avg": 31.77,
            "equity": 3985111,
            "current_ratio": 307.77,
            "debt_ratio": 36.78,
            "inventory_turnover_ratio": 0.76,
            "account_receivable_turnover_ratio": 1.23,
            "reinvestment_rate": -41.85,
            "research_to_sale_ratio": 0.96,
            "price_fair": 104.34,
            "eps_avg_yearly": 5.63,
            "eps_latest_yearly": 6.16,
            "eps_growth_yearly": 8.54
        },
        "20151": {
            "year_quarter": 20151,
            "year": 2015,
            "quarter": 1,
            "eps": 0.78,
            "eps_growth_year": -48.34,
            "eps_4q": 4.61,
            "eps_4q_growth_year": -17.17,
            "roe": 2.29,
            "roe_4q": 14.470000000000002,
            "gross_profit": 314309,
            "gross_margin": 24.98,
            "gross_margin_4q_avg": 26.28,
            "net_income": 92075,
            "net_income_4q": null,
            "revenue": 1258459,
            "revenue_4q": null,
            "common_shares": 1187109,
            "book_valuer_per_share": 34.12,
            "book_valuer_per_share_4q_avg": 32.27,
            "equity": 4049945,
            "current_ratio": 315.55,
            "debt_ratio": 36.1,
            "inventory_turnover_ratio": 0.61,
            "account_receivable_turnover_ratio": 1.06,
            "reinvestment_rate": -45.54,
            "research_to_sale_ratio": 1.22,
            "price_fair": 16.28,
            "eps_avg_yearly": 5.43,
            "eps_latest_yearly": 3.12,
            "eps_growth_yearly": -0.74
        },
        "20152": {
            "year_quarter": 20152,
            "year": 2015,
            "quarter": 2,
            "eps": 0.98,
            "eps_growth_year": -2,
            "eps_4q": 4.6,
            "eps_4q_growth_year": -13.57,
            "roe": 2.98,
            "roe_4q": 14.24,
            "gross_profit": 347834,
            "gross_margin": 29.19,
            "gross_margin_4q_avg": 27.31,
            "net_income": 116809,
            "net_income_4q": null,
            "revenue": 1191697,
            "revenue_4q": null,
            "common_shares": 1187109,
            "book_valuer_per_share": 31.84,
            "book_valuer_per_share_4q_avg": 32.76,
            "equity": 3779711,
            "current_ratio": 266.04,
            "debt_ratio": 40.87,
            "inventory_turnover_ratio": 0.51,
            "account_receivable_turnover_ratio": 1.03,
            "reinvestment_rate": -49.1,
            "research_to_sale_ratio": 1.33,
            "price_fair": 90.59,
            "eps_avg_yearly": 5.3,
            "eps_latest_yearly": 3.92,
            "eps_growth_yearly": 7.09
        },
        "20153": {
            "year_quarter": 20153,
            "year": 2015,
            "quarter": 3,
            "eps": 1.16,
            "eps_growth_year": -10.77,
            "eps_4q": 4.46,
            "eps_4q_growth_year": -14.93,
            "roe": 3.52,
            "roe_4q": 13.53,
            "gross_profit": 361796,
            "gross_margin": 27.45,
            "gross_margin_4q_avg": 27.33,
            "net_income": 137622,
            "net_income_4q": null,
            "revenue": 1317927,
            "revenue_4q": null,
            "common_shares": 1187109,
            "book_valuer_per_share": 33.98,
            "book_valuer_per_share_4q_avg": 33.38,
            "equity": 4033228,
            "current_ratio": 296.65,
            "debt_ratio": 37.43,
            "inventory_turnover_ratio": 0.53,
            "account_receivable_turnover_ratio": 1.15,
            "reinvestment_rate": -56.16,
            "research_to_sale_ratio": 1.23,
            "price_fair": 90.16,
            "eps_avg_yearly": 5.16,
            "eps_latest_yearly": 4.64,
            "eps_growth_yearly": 7.49
        },
        "20154": {
            "year_quarter": 20154,
            "year": 2015,
            "quarter": 4,
            "eps": 1.94,
            "eps_growth_year": 25.78,
            "eps_4q": 4.86,
            "eps_4q_growth_year": -9.06,
            "roe": 5.58,
            "roe_4q": 14.370000000000001,
            "gross_profit": 468789,
            "gross_margin": 30,
            "gross_margin_4q_avg": 27.91,
            "net_income": 230223,
            "net_income_4q": null,
            "revenue": 1562452,
            "revenue_4q": null,
            "common_shares": 1187109,
            "book_valuer_per_share": 35.51,
            "book_valuer_per_share_4q_avg": 33.86,
            "equity": 4215400,
            "current_ratio": 305.62,
            "debt_ratio": 36.56,
            "inventory_turnover_ratio": 0.64,
            "account_receivable_turnover_ratio": 1.27,
            "reinvestment_rate": -54.74,
            "research_to_sale_ratio": 0.99,
            "price_fair": 187.51,
            "eps_avg_yearly": 5.36,
            "eps_latest_yearly": 7.76,
            "eps_growth_yearly": 33.06
        },
        "20161": {
            "year_quarter": 20161,
            "year": 2016,
            "quarter": 1,
            "eps": 0.92,
            "eps_growth_year": 17.95,
            "eps_4q": 5,
            "eps_4q_growth_year": 8.51,
            "roe": 2.57,
            "roe_4q": 14.65,
            "gross_profit": 304774,
            "gross_margin": 25.87,
            "gross_margin_4q_avg": 28.13,
            "net_income": 109209,
            "net_income_4q": null,
            "revenue": 1177900,
            "revenue_4q": null,
            "common_shares": 1187109,
            "book_valuer_per_share": 36.18,
            "book_valuer_per_share_4q_avg": 34.38,
            "equity": 4294682,
            "current_ratio": 330.36,
            "debt_ratio": 34.27,
            "inventory_turnover_ratio": 0.56,
            "account_receivable_turnover_ratio": 0.98,
            "reinvestment_rate": -56.97,
            "research_to_sale_ratio": 1.24,
            "price_fair": 88.18,
            "eps_avg_yearly": 5.16,
            "eps_latest_yearly": 3.68,
            "eps_growth_yearly": 7.09
        },
        "20162": {
            "year_quarter": 20162,
            "year": 2016,
            "quarter": 2,
            "eps": 1.1,
            "eps_growth_year": 12.24,
            "eps_4q": 5.11,
            "eps_4q_growth_year": 11.2,
            "roe": 3.12,
            "roe_4q": 14.79,
            "gross_profit": 347694,
            "gross_margin": 30.13,
            "gross_margin_4q_avg": 28.36,
            "net_income": 130067,
            "net_income_4q": null,
            "revenue": 1153990,
            "revenue_4q": null,
            "common_shares": 1187109,
            "book_valuer_per_share": 34.07,
            "book_valuer_per_share_4q_avg": 34.94,
            "equity": 4044827,
            "current_ratio": 280.29,
            "debt_ratio": 38.36,
            "inventory_turnover_ratio": 0.55,
            "account_receivable_turnover_ratio": 1.09,
            "reinvestment_rate": -58.48,
            "research_to_sale_ratio": 1.2,
            "price_fair": 160.27,
            "eps_avg_yearly": 5.16,
            "eps_latest_yearly": 4.4,
            "eps_growth_yearly": 21.04
        },
        "20163": {
            "year_quarter": 20163,
            "year": 2016,
            "quarter": 3,
            "eps": 1.02,
            "eps_growth_year": -12.07,
            "eps_4q": 4.98,
            "eps_4q_growth_year": 11.58,
            "roe": 2.98,
            "roe_4q": 14.25,
            "gross_profit": 336203,
            "gross_margin": 28.57,
            "gross_margin_4q_avg": 28.64,
            "net_income": 121366,
            "net_income_4q": null,
            "revenue": 1176851,
            "revenue_4q": null,
            "common_shares": 1187109,
            "book_valuer_per_share": 34.5,
            "book_valuer_per_share_4q_avg": 35.07,
            "equity": 4095535,
            "current_ratio": 303.7,
            "debt_ratio": 36.17,
            "inventory_turnover_ratio": 0.57,
            "account_receivable_turnover_ratio": 1.08,
            "reinvestment_rate": -59.29,
            "research_to_sale_ratio": 1.26,
            "price_fair": 97.54,
            "eps_avg_yearly": 5.04,
            "eps_latest_yearly": 4.08,
            "eps_growth_yearly": 9.36
        },
        "20164": {
            "year_quarter": 20164,
            "year": 2016,
            "quarter": 4,
            "eps": 1.31,
            "eps_growth_year": -32.6,
            "eps_4q": 4.35,
            "eps_4q_growth_year": -10.56,
            "roe": 3.71,
            "roe_4q": 12.379999999999999,
            "gross_profit": 337015,
            "gross_margin": 25.75,
            "gross_margin_4q_avg": 27.58,
            "net_income": 155160,
            "net_income_4q": null,
            "revenue": 1308689,
            "revenue_4q": null,
            "common_shares": 1187109,
            "book_valuer_per_share": 35.88,
            "book_valuer_per_share_4q_avg": 35.16,
            "equity": 4259449,
            "current_ratio": 333.47,
            "debt_ratio": 33.85,
            "inventory_turnover_ratio": 0.66,
            "account_receivable_turnover_ratio": 1.08,
            "reinvestment_rate": -62.37,
            "research_to_sale_ratio": 1.1,
            "price_fair": 132.85,
            "eps_avg_yearly": 4.99,
            "eps_latest_yearly": 5.24,
            "eps_growth_yearly": 16.64
        },
        "20171": {
            "year_quarter": 20171,
            "year": 2017,
            "quarter": 1,
            "eps": 1.24,
            "eps_growth_year": 34.78,
            "eps_4q": 4.67,
            "eps_4q_growth_year": -6.67,
            "roe": 3.46,
            "roe_4q": 13.27,
            "gross_profit": 377039,
            "gross_margin": 33.21,
            "gross_margin_4q_avg": 29.42,
            "net_income": 147631,
            "net_income_4q": null,
            "revenue": 1135277,
            "revenue_4q": null,
            "common_shares": 1187109,
            "book_valuer_per_share": 36.06,
            "book_valuer_per_share_4q_avg": 35.13,
            "equity": 4280789,
            "current_ratio": 335.29,
            "debt_ratio": 33.65,
            "inventory_turnover_ratio": 0.55,
            "account_receivable_turnover_ratio": 0.96,
            "reinvestment_rate": 5.18,
            "research_to_sale_ratio": 1.31,
            "price_fair": 140.41,
            "eps_avg_yearly": 4.97,
            "eps_latest_yearly": 4.96,
            "eps_growth_yearly": 18.28
        },
        "20172": {
            "year_quarter": 20172,
            "year": 2017,
            "quarter": 2,
            "eps": 0.67,
            "eps_growth_year": -39.09,
            "eps_4q": 4.24,
            "eps_4q_growth_year": -17.13,
            "roe": 1.88,
            "roe_4q": 12.030000000000001,
            "gross_profit": 325624,
            "gross_margin": 30.53,
            "gross_margin_4q_avg": 29.52,
            "net_income": 78958,
            "net_income_4q": null,
            "revenue": 1066599,
            "revenue_4q": null,
            "common_shares": 1187109,
            "book_valuer_per_share": 34.89,
            "book_valuer_per_share_4q_avg": 35.33,
            "equity": 4141284,
            "current_ratio": 297.01,
            "debt_ratio": 36.61,
            "inventory_turnover_ratio": 0.54,
            "account_receivable_turnover_ratio": 0.96,
            "reinvestment_rate": 6.17,
            "research_to_sale_ratio": 1.5,
            "price_fair": 89.12,
            "eps_avg_yearly": 4.82,
            "eps_latest_yearly": 2.68,
            "eps_growth_yearly": 8.48
        },
        "20173": {
            "year_quarter": 20173,
            "year": 2017,
            "quarter": 3,
            "eps": 1.02,
            "eps_growth_year": 0,
            "eps_4q": 4.62,
            "eps_4q_growth_year": -7.26,
            "roe": 2.69,
            "roe_4q": 11.740000000000002,
            "gross_profit": 311931,
            "gross_margin": 29.04,
            "gross_margin_4q_avg": 29.63,
            "net_income": 111447,
            "net_income_4q": null,
            "revenue": 1074254,
            "revenue_4q": null,
            "common_shares": 1068398,
            "book_valuer_per_share": 38.75,
            "book_valuer_per_share_4q_avg": 36.4,
            "equity": 4140046,
            "current_ratio": 296.69,
            "debt_ratio": 36.57,
            "inventory_turnover_ratio": 0.52,
            "account_receivable_turnover_ratio": 0.95,
            "reinvestment_rate": 6.14,
            "research_to_sale_ratio": 1.45,
            "price_fair": 135.9,
            "eps_avg_yearly": 4.73,
            "eps_latest_yearly": 4.08,
            "eps_growth_yearly": 18.72
        },
        "20174": {
            "year_quarter": 20174,
            "year": 2017,
            "quarter": 4,
            "eps": 1.58,
            "eps_growth_year": 20.76,
            "eps_4q": 4.74,
            "eps_4q_growth_year": 9.14,
            "roe": 4,
            "roe_4q": 12.030000000000001,
            "gross_profit": 420325,
            "gross_margin": 31,
            "gross_margin_4q_avg": 30.95,
            "net_income": 168634,
            "net_income_4q": null,
            "revenue": 1355798,
            "revenue_4q": null,
            "common_shares": 1068398,
            "book_valuer_per_share": 40.08,
            "book_valuer_per_share_4q_avg": 37.45,
            "equity": 4281643,
            "current_ratio": 274.29,
            "debt_ratio": 35.96,
            "inventory_turnover_ratio": 0.6,
            "account_receivable_turnover_ratio": 1.14,
            "reinvestment_rate": 9.64,
            "research_to_sale_ratio": 1.2,
            "price_fair": 166.86,
            "eps_avg_yearly": 4.77,
            "eps_latest_yearly": 6.32,
            "eps_growth_yearly": 31.36
        },
        "20181": {
            "year_quarter": 20181,
            "year": 2018,
            "quarter": 1,
            "eps": 1.04,
            "eps_growth_year": -16.13,
            "eps_4q": 4.4,
            "eps_4q_growth_year": -5.7,
            "roe": 2.61,
            "roe_4q": 11.18,
            "gross_profit": 391629,
            "gross_margin": 30.5,
            "gross_margin_4q_avg": 30.27,
            "net_income": 111328,
            "net_income_4q": null,
            "revenue": 1284138,
            "revenue_4q": null,
            "common_shares": 1068398,
            "book_valuer_per_share": 39.81,
            "book_valuer_per_share_4q_avg": 38.38,
            "equity": 4253653,
            "current_ratio": 248.44,
            "debt_ratio": 39.41,
            "inventory_turnover_ratio": 0.56,
            "account_receivable_turnover_ratio": 1.1,
            "reinvestment_rate": 9.44,
            "research_to_sale_ratio": 1.54,
            "price_fair": 146.92,
            "eps_avg_yearly": 4.65,
            "eps_latest_yearly": 4.16,
            "eps_growth_yearly": 21.6
        },
        "20182": {
            "year_quarter": 20182,
            "year": 2018,
            "quarter": 2,
            "eps": 2,
            "eps_growth_year": 198.51,
            "eps_4q": 5.67,
            "eps_4q_growth_year": 33.68,
            "roe": 5.1,
            "roe_4q": 14.399999999999999,
            "gross_profit": 427332,
            "gross_margin": 31.51,
            "gross_margin_4q_avg": 30.51,
            "net_income": 213916,
            "net_income_4q": null,
            "revenue": 1356171,
            "revenue_4q": null,
            "common_shares": 1068398,
            "book_valuer_per_share": 38.63,
            "book_valuer_per_share_4q_avg": 39.32,
            "equity": 4127387,
            "current_ratio": 225.34,
            "debt_ratio": 42.89,
            "inventory_turnover_ratio": 0.56,
            "account_receivable_turnover_ratio": 1.21,
            "reinvestment_rate": 8.55,
            "research_to_sale_ratio": 1.41,
            "price_fair": 171.5,
            "eps_avg_yearly": 4.9,
            "eps_latest_yearly": 8,
            "eps_growth_yearly": 53.12
        },
        "20183": {
            "year_quarter": 20183,
            "year": 2018,
            "quarter": 3,
            "eps": 2,
            "eps_growth_year": 96.08,
            "eps_4q": 6.62,
            "eps_4q_growth_year": 43.49,
            "roe": 5.07,
            "roe_4q": 16.78,
            "gross_profit": 465698,
            "gross_margin": 30.75,
            "gross_margin_4q_avg": 30.94,
            "net_income": 213794,
            "net_income_4q": null,
            "revenue": 1514521,
            "revenue_4q": null,
            "common_shares": 1068398,
            "book_valuer_per_share": 40.35,
            "book_valuer_per_share_4q_avg": 39.72,
            "equity": 4311385,
            "current_ratio": 253.28,
            "debt_ratio": 38.95,
            "inventory_turnover_ratio": 0.6,
            "account_receivable_turnover_ratio": 1.28,
            "reinvestment_rate": 5.54,
            "research_to_sale_ratio": 1.33,
            "price_fair": 177.63,
            "eps_avg_yearly": 5.08,
            "eps_latest_yearly": 8,
            "eps_growth_yearly": 45.62
        },
        "20184": {
            "year_quarter": 20184,
            "year": 2018,
            "quarter": 4,
            "eps": 1.9,
            "eps_growth_year": 20.48,
            "eps_4q": 6.95,
            "eps_4q_growth_year": 46.49,
            "roe": 4.6,
            "roe_4q": 17.38,
            "gross_profit": 513673,
            "gross_margin": 32.67,
            "gross_margin_4q_avg": 31.36,
            "net_income": 203171,
            "net_income_4q": null,
            "revenue": 1572114,
            "revenue_4q": null,
            "common_shares": 1068398,
            "book_valuer_per_share": 42.29,
            "book_valuer_per_share_4q_avg": 40.27,
            "equity": 4518133,
            "current_ratio": 252.32,
            "debt_ratio": 39.29,
            "inventory_turnover_ratio": 0.59,
            "account_receivable_turnover_ratio": 1.26,
            "reinvestment_rate": 5.48,
            "research_to_sale_ratio": 1.48,
            "price_fair": 180.78,
            "eps_avg_yearly": 5.17,
            "eps_latest_yearly": 7.6,
            "eps_growth_yearly": 39.75
        },
        "20191": {
            "year_quarter": 20191,
            "year": 2019,
            "quarter": 1,
            "eps": 1.93,
            "eps_growth_year": 85.58,
            "eps_4q": 7.83,
            "eps_4q_growth_year": 77.94,
            "roe": 4.45,
            "roe_4q": 19.22,
            "gross_profit": 450812,
            "gross_margin": 30.68,
            "gross_margin_4q_avg": 31.4,
            "net_income": 206090,
            "net_income_4q": null,
            "revenue": 1469321,
            "revenue_4q": null,
            "common_shares": 1068398,
            "book_valuer_per_share": 44.45,
            "book_valuer_per_share_4q_avg": 41.43,
            "equity": 4748765,
            "current_ratio": 258.93,
            "debt_ratio": 38.4,
            "inventory_turnover_ratio": 0.56,
            "account_receivable_turnover_ratio": 1.18,
            "reinvestment_rate": 5.26,
            "research_to_sale_ratio": 1.25,
            "price_fair": 190.84,
            "eps_avg_yearly": 5.45,
            "eps_latest_yearly": 7.72,
            "eps_growth_yearly": 52.48
        },
        "20192": {
            "year_quarter": 20192,
            "year": 2019,
            "quarter": 2,
            "eps": 2.19,
            "eps_growth_year": 9.5,
            "eps_4q": 8.02,
            "eps_4q_growth_year": 41.58,
            "roe": 4.99,
            "roe_4q": 19.11,
            "gross_profit": 500816,
            "gross_margin": 29.43,
            "gross_margin_4q_avg": 30.88,
            "net_income": 233946,
            "net_income_4q": null,
            "revenue": 1701817,
            "revenue_4q": null,
            "common_shares": 1068398,
            "book_valuer_per_share": 43.25,
            "book_valuer_per_share_4q_avg": 42.59,
            "equity": 4621255,
            "current_ratio": 243.76,
            "debt_ratio": 40.42,
            "inventory_turnover_ratio": 0.65,
            "account_receivable_turnover_ratio": 1.31,
            "reinvestment_rate": 4.82,
            "research_to_sale_ratio": 1.2,
            "price_fair": 201.43,
            "eps_avg_yearly": 5.76,
            "eps_latest_yearly": 8.76,
            "eps_growth_yearly": 49.44
        },
        "20193": {
            "year_quarter": 20193,
            "year": 2019,
            "quarter": 3,
            "eps": 1.77,
            "eps_growth_year": -11.5,
            "eps_4q": 7.79,
            "eps_4q_growth_year": 17.54,
            "roe": 4.02,
            "roe_4q": 18.060000000000002,
            "gross_profit": 450802,
            "gross_margin": 27.15,
            "gross_margin_4q_avg": 29.98,
            "net_income": 188579,
            "net_income_4q": null,
            "revenue": 1660678,
            "revenue_4q": null,
            "common_shares": 1068398,
            "book_valuer_per_share": 44.63,
            "book_valuer_per_share_4q_avg": 43.66,
            "equity": 4767938,
            "current_ratio": 284.89,
            "debt_ratio": 35.62,
            "inventory_turnover_ratio": 0.71,
            "account_receivable_turnover_ratio": 1.26,
            "reinvestment_rate": 4.43,
            "research_to_sale_ratio": 1.34,
            "price_fair": 206.76,
            "eps_avg_yearly": 5.91,
            "eps_latest_yearly": 7.08,
            "eps_growth_yearly": 40.06
        },
        "20194": {
            "year_quarter": 20194,
            "year": 2019,
            "quarter": 4,
            "eps": 0.83,
            "eps_growth_year": -56.18,
            "eps_4q": 6.72,
            "eps_4q_growth_year": -3.31,
            "roe": 1.86,
            "roe_4q": 15.32,
            "gross_profit": 404730,
            "gross_margin": 28.39,
            "gross_margin_4q_avg": 28.91,
            "net_income": 89020,
            "net_income_4q": null,
            "revenue": 1425833,
            "revenue_4q": null,
            "common_shares": 1068398,
            "book_valuer_per_share": 45.12,
            "book_valuer_per_share_4q_avg": 44.36,
            "equity": 4820639,
            "current_ratio": 262.17,
            "debt_ratio": 38.21,
            "inventory_turnover_ratio": 0.61,
            "account_receivable_turnover_ratio": 1.1,
            "reinvestment_rate": 4.7,
            "research_to_sale_ratio": 1.5,
            "price_fair": 112.42,
            "eps_avg_yearly": 5.63,
            "eps_latest_yearly": 3.32,
            "eps_growth_yearly": 9.97
        },
        "20201": {
            "year_quarter": 20201,
            "year": 2020,
            "quarter": 1,
            "eps": 1.55,
            "eps_growth_year": -19.69,
            "eps_4q": 6.34,
            "eps_4q_growth_year": -19.09,
            "roe": 3.38,
            "roe_4q": 14.25,
            "gross_profit": 449091,
            "gross_margin": 32.51,
            "gross_margin_4q_avg": 29.37,
            "net_income": 165680,
            "net_income_4q": null,
            "revenue": 1381484,
            "revenue_4q": null,
            "common_shares": 1068398,
            "book_valuer_per_share": 46.6,
            "book_valuer_per_share_4q_avg": 44.9,
            "equity": 4979090,
            "current_ratio": 279.05,
            "debt_ratio": 35.36,
            "inventory_turnover_ratio": 0.55,
            "account_receivable_turnover_ratio": 1.12,
            "reinvestment_rate": 4.46,
            "research_to_sale_ratio": 1.8,
            "price_fair": 202.56,
            "eps_avg_yearly": 5.79,
            "eps_latest_yearly": 6.2,
            "eps_growth_yearly": 44.8
        },
        "20202": {
            "year_quarter": 20202,
            "year": 2020,
            "quarter": 2,
            "eps": 1.7,
            "eps_growth_year": -22.37,
            "eps_4q": 5.85,
            "eps_4q_growth_year": -27.13,
            "roe": 3.71,
            "roe_4q": 12.969999999999999,
            "gross_profit": 473021,
            "gross_margin": 31.34,
            "gross_margin_4q_avg": 29.85,
            "net_income": 181257,
            "net_income_4q": null,
            "revenue": 1509310,
            "revenue_4q": null,
            "common_shares": 1068398,
            "book_valuer_per_share": 44.83,
            "book_valuer_per_share_4q_avg": 45.3,
            "equity": 4789493,
            "current_ratio": 249.31,
            "debt_ratio": 37.8,
            "inventory_turnover_ratio": 0.63,
            "account_receivable_turnover_ratio": 1.34,
            "reinvestment_rate": 4.23,
            "research_to_sale_ratio": 1.49,
            "price_fair": 207.81,
            "eps_avg_yearly": 5.94,
            "eps_latest_yearly": 6.8,
            "eps_growth_yearly": 42.33
        },
        "20203": {
            "year_quarter": 20203,
            "year": 2020,
            "quarter": 3,
            "eps": 1.87,
            "eps_growth_year": 5.65,
            "eps_4q": 5.95,
            "eps_4q_growth_year": -23.63,
            "roe": 4.07,
            "roe_4q": 13.02,
            "gross_profit": 499056,
            "gross_margin": 32.29,
            "gross_margin_4q_avg": 31.13,
            "net_income": 199261,
            "net_income_4q": null,
            "revenue": 1545606,
            "revenue_4q": null,
            "common_shares": 1068398,
            "book_valuer_per_share": 46.84,
            "book_valuer_per_share_4q_avg": 45.85,
            "equity": 5004231,
            "current_ratio": 276.46,
            "debt_ratio": 34.14,
            "inventory_turnover_ratio": 0.63,
            "account_receivable_turnover_ratio": 1.4,
            "reinvestment_rate": 3.99,
            "research_to_sale_ratio": 1.48,
            "price_fair": 215.25,
            "eps_avg_yearly": 6.15,
            "eps_latest_yearly": 7.48,
            "eps_growth_yearly": 46.65
        },
        "20204": {
            "year_quarter": 20204,
            "year": 2020,
            "quarter": 4,
            "eps": 1.85,
            "eps_growth_year": 122.35,
            "eps_4q": 6.96,
            "eps_4q_growth_year": 3.69,
            "roe": 3.87,
            "roe_4q": 15.030000000000001,
            "gross_profit": 472032,
            "gross_margin": 31.51,
            "gross_margin_4q_avg": 31.91,
            "net_income": 197934,
            "net_income_4q": null,
            "revenue": 1498149,
            "revenue_4q": null,
            "common_shares": 1068398,
            "book_valuer_per_share": 48.88,
            "book_valuer_per_share_4q_avg": 46.79,
            "equity": 5221825,
            "current_ratio": 260.2,
            "debt_ratio": 34.94,
            "inventory_turnover_ratio": 0.59,
            "account_receivable_turnover_ratio": 1.31,
            "reinvestment_rate": 4.15,
            "research_to_sale_ratio": 1.44,
            "price_fair": 219.98,
            "eps_avg_yearly": 6.29,
            "eps_latest_yearly": 7.4,
            "eps_growth_yearly": 39.27
        },
        "20211": {
            "year_quarter": 20211,
            "year": 2021,
            "quarter": 1,
            "eps": 1.62,
            "eps_growth_year": 4.52,
            "eps_4q": 7.04,
            "eps_4q_growth_year": 11.02,
            "roe": 3.39,
            "roe_4q": 15.04,
            "gross_profit": 463918,
            "gross_margin": 31.65,
            "gross_margin_4q_avg": 31.7,
            "net_income": 173421,
            "net_income_4q": null,
            "revenue": 1465625,
            "revenue_4q": null,
            "common_shares": 1068398,
            "book_valuer_per_share": 47.02,
            "book_valuer_per_share_4q_avg": 46.89,
            "equity": 5023803,
            "current_ratio": 231.61,
            "debt_ratio": 38.93,
            "inventory_turnover_ratio": 0.54,
            "account_receivable_turnover_ratio": 1.28,
            "reinvestment_rate": 4.22,
            "research_to_sale_ratio": 1.69,
            "price_fair": 223.3,
            "eps_avg_yearly": 6.38,
            "eps_latest_yearly": 6.48,
            "eps_growth_yearly": 37.5
        },
        "20212": {
            "year_quarter": 20212,
            "year": 2021,
            "quarter": 2,
            "eps": 2.34,
            "eps_growth_year": 37.65,
            "eps_4q": 7.68,
            "eps_4q_growth_year": 31.38,
            "roe": 4.86,
            "roe_4q": 16.19,
            "gross_profit": 561829,
            "gross_margin": 37.12,
            "gross_margin_4q_avg": 33.14,
            "net_income": 249881,
            "net_income_4q": null,
            "revenue": 1513694,
            "revenue_4q": null,
            "common_shares": 1068398,
            "book_valuer_per_share": 49.24,
            "book_valuer_per_share_4q_avg": 48,
            "equity": 5260981,
            "current_ratio": 252.56,
            "debt_ratio": 35.97,
            "inventory_turnover_ratio": 0.49,
            "account_receivable_turnover_ratio": 1.3,
            "reinvestment_rate": 3.58,
            "research_to_sale_ratio": 1.59,
            "price_fair": 237.91,
            "eps_avg_yearly": 6.8,
            "eps_latest_yearly": 9.36,
            "eps_growth_yearly": 60.1
        },
        "20213": {
            "year_quarter": 20213,
            "year": 2021,
            "quarter": 3,
            "eps": 1.89,
            "eps_growth_year": 1.07,
            "eps_4q": 7.7,
            "eps_4q_growth_year": 29.51,
            "roe": 3.76,
            "roe_4q": 15.880000000000003,
            "gross_profit": 529892,
            "gross_margin": 33.18,
            "gross_margin_4q_avg": 33.37,
            "net_income": 201443,
            "net_income_4q": null,
            "revenue": 1597253,
            "revenue_4q": null,
            "common_shares": 1068398,
            "book_valuer_per_share": 51.11,
            "book_valuer_per_share_4q_avg": 49.06,
            "equity": 5461809,
            "current_ratio": 243.64,
            "debt_ratio": 37.7,
            "inventory_turnover_ratio": 0.51,
            "account_receivable_turnover_ratio": 1.21,
            "reinvestment_rate": 1.96,
            "research_to_sale_ratio": 1.49,
            "price_fair": 245.53,
            "eps_avg_yearly": 7.02,
            "eps_latest_yearly": 7.56,
            "eps_growth_yearly": 42.23
        },
        "20214": {
            "year_quarter": 20214,
            "year": 2021,
            "quarter": 4,
            "eps": 2.12,
            "eps_growth_year": 14.19,
            "eps_4q": 7.96,
            "eps_4q_growth_year": 14.33,
            "roe": 4.05,
            "roe_4q": 16.06,
            "gross_profit": 507368,
            "gross_margin": 29.96,
            "gross_margin_4q_avg": 32.98,
            "net_income": 226028,
            "net_income_4q": null,
            "revenue": 1693501,
            "revenue_4q": null,
            "common_shares": 1068398,
            "book_valuer_per_share": 53.3,
            "book_valuer_per_share_4q_avg": 50.17,
            "equity": 5695795,
            "current_ratio": 248.38,
            "debt_ratio": 37.51,
            "inventory_turnover_ratio": 0.56,
            "account_receivable_turnover_ratio": 1.18,
            "reinvestment_rate": -0.85,
            "research_to_sale_ratio": 1.57,
            "price_fair": 250.25,
            "eps_avg_yearly": 7.15,
            "eps_latest_yearly": 8.48,
            "eps_growth_yearly": 31.55
        },
        "20221": {
            "year_quarter": 20221,
            "year": 2022,
            "quarter": 1,
            "eps": 1.97,
            "eps_growth_year": 21.6,
            "eps_4q": 8.31,
            "eps_4q_growth_year": 18.08,
            "roe": 3.75,
            "roe_4q": 16.419999999999998,
            "gross_profit": 522878,
            "gross_margin": 32.56,
            "gross_margin_4q_avg": 33.21,
            "net_income": 210273,
            "net_income_4q": null,
            "revenue": 1605732,
            "revenue_4q": null,
            "common_shares": 1068398,
            "book_valuer_per_share": 51.78,
            "book_valuer_per_share_4q_avg": 51.36,
            "equity": 5532419,
            "current_ratio": 229.83,
            "debt_ratio": 40.28,
            "inventory_turnover_ratio": 0.51,
            "account_receivable_turnover_ratio": 1.2,
            "reinvestment_rate": -0.5,
            "research_to_sale_ratio": 1.72,
            "price_fair": 258.39,
            "eps_avg_yearly": 7.38,
            "eps_latest_yearly": 7.88,
            "eps_growth_yearly": 38.33
        },
        "20222": {
            "year_quarter": 20222,
            "year": 2022,
            "quarter": 2,
            "eps": 1.94,
            "eps_growth_year": -17.09,
            "eps_4q": 7.91,
            "eps_4q_growth_year": 2.98,
            "roe": 3.68,
            "roe_4q": 15.24,
            "gross_profit": 557599,
            "gross_margin": 34.5,
            "gross_margin_4q_avg": 32.55,
            "net_income": 207042,
            "net_income_4q": null,
            "revenue": 1616358,
            "revenue_4q": null,
            "common_shares": 1068398,
            "book_valuer_per_share": 53.58,
            "book_valuer_per_share_4q_avg": 52.44,
            "equity": 5724661,
            "current_ratio": 246.77,
            "debt_ratio": 37.76,
            "inventory_turnover_ratio": 0.45,
            "account_receivable_turnover_ratio": 1.24,
            "reinvestment_rate": -0.6,
            "research_to_sale_ratio": 1.66,
            "price_fair": 183.22,
            "eps_avg_yearly": 7.37,
            "eps_latest_yearly": 7.76,
            "eps_growth_yearly": 14.87
        },
        "20223": {
            "year_quarter": 20223,
            "year": 2022,
            "quarter": 3,
            "eps": 2.55,
            "eps_growth_year": 34.92,
            "eps_4q": 9.37,
            "eps_4q_growth_year": 21.64,
            "roe": 4.42,
            "roe_4q": 15.899999999999999,
            "gross_profit": 549677,
            "gross_margin": 33.21,
            "gross_margin_4q_avg": 32.56,
            "net_income": 257109,
            "net_income_4q": null,
            "revenue": 1654977,
            "revenue_4q": null,
            "common_shares": 961558,
            "book_valuer_per_share": 61.45,
            "book_valuer_per_share_4q_avg": 55.03,
            "equity": 5909223,
            "current_ratio": 245.83,
            "debt_ratio": 38.05,
            "inventory_turnover_ratio": 0.42,
            "account_receivable_turnover_ratio": 1.18,
            "reinvestment_rate": -0.83,
            "research_to_sale_ratio": 1.69,
            "price_fair": 245.63,
            "eps_avg_yearly": 7.51,
            "eps_latest_yearly": 10.2,
            "eps_growth_yearly": 22.73
        },
        "20224": {
            "year_quarter": 20224,
            "year": 2022,
            "quarter": 4,
            "eps": 2.24,
            "eps_growth_year": 6.11,
            "eps_4q": 9.26,
            "eps_4q_growth_year": 16.29,
            "roe": 3.6,
            "roe_4q": 15.45,
            "gross_profit": 528127,
            "gross_margin": 31.61,
            "gross_margin_4q_avg": 32.97,
            "net_income": 215957,
            "net_income_4q": null,
            "revenue": 1670574,
            "revenue_4q": null,
            "common_shares": 961558,
            "book_valuer_per_share": 63.27,
            "book_valuer_per_share_4q_avg": 57.52,
            "equity": 6084773,
            "current_ratio": 243.03,
            "debt_ratio": 38.54,
            "inventory_turnover_ratio": 0.4,
            "account_receivable_turnover_ratio": 1.2,
            "reinvestment_rate": -1.49,
            "research_to_sale_ratio": 1.84,
            "price_fair": 234.83,
            "eps_avg_yearly": 7.59,
            "eps_latest_yearly": 8.96,
            "eps_growth_yearly": 20.94
        },
        "20231": {
            "year_quarter": 20231,
            "year": 2023,
            "quarter": 1,
            "eps": 1.79,
            "eps_growth_year": -9.14,
            "eps_4q": 8.86,
            "eps_4q_growth_year": 6.66,
            "roe": 2.88,
            "roe_4q": 14.58,
            "gross_profit": 529234,
            "gross_margin": 34.83,
            "gross_margin_4q_avg": 33.54,
            "net_income": 172253,
            "net_income_4q": null,
            "revenue": 1519494,
            "revenue_4q": null,
            "common_shares": 961558,
            "book_valuer_per_share": 61.07,
            "book_valuer_per_share_4q_avg": 59.84,
            "equity": 5872889,
            "current_ratio": 219.21,
            "debt_ratio": 42.1,
            "inventory_turnover_ratio": 0.32,
            "account_receivable_turnover_ratio": 1.13,
            "reinvestment_rate": -1.6,
            "research_to_sale_ratio": 1.91,
            "price_fair": 192.82,
            "eps_avg_yearly": 7.56,
            "eps_latest_yearly": 7.16,
            "eps_growth_yearly": 15.52
        },
        "20232": {
            "year_quarter": 20232,
            "year": 2023,
            "quarter": 2,
            "eps": 2.48,
            "eps_growth_year": 27.84,
            "eps_4q": 9.19,
            "eps_4q_growth_year": 16.15,
            "roe": 3.98,
            "roe_4q": 14.879999999999999,
            "gross_profit": 598231,
            "gross_margin": 33.96,
            "gross_margin_4q_avg": 33.4,
            "net_income": 238317,
            "net_income_4q": null,
            "revenue": 1761486,
            "revenue_4q": null,
            "common_shares": 961558,
            "book_valuer_per_share": 63.32,
            "book_valuer_per_share_4q_avg": 62.28,
            "equity": 6089505,
            "current_ratio": 235.3,
            "debt_ratio": 39.5,
            "inventory_turnover_ratio": 0.36,
            "account_receivable_turnover_ratio": 1.16,
            "reinvestment_rate": -1.42,
            "research_to_sale_ratio": 1.62,
            "price_fair": 242.49,
            "eps_avg_yearly": 7.63,
            "eps_latest_yearly": 9.92,
            "eps_growth_yearly": 21.79
        },
        "20233": {
            "year_quarter": 20233,
            "year": 2023,
            "quarter": 3,
            "eps": 2.32,
            "eps_growth_year": -9.02,
            "eps_4q": 8.83,
            "eps_4q_growth_year": -5.74,
            "roe": 3.58,
            "roe_4q": 14.040000000000001,
            "gross_profit": 520975,
            "gross_margin": 30.91,
            "gross_margin_4q_avg": 32.83,
            "net_income": 222796,
            "net_income_4q": null,
            "revenue": 1685529,
            "revenue_4q": null,
            "common_shares": 961558,
            "book_valuer_per_share": 66.18,
            "book_valuer_per_share_4q_avg": 63.46,
            "equity": 6364786,
            "current_ratio": 231.26,
            "debt_ratio": 40.11,
            "inventory_turnover_ratio": 0.35,
            "account_receivable_turnover_ratio": 1,
            "reinvestment_rate": -1.17,
            "research_to_sale_ratio": 1.78,
            "price_fair": 271.57,
            "eps_avg_yearly": 7.77,
            "eps_latest_yearly": 9.28,
            "eps_growth_yearly": 24.97
        }
    },
    "months": {
        "2002-11": {
            "month": "2002-11",
            "price": "40.05",
            "revenue": 177760
        },
        "2002-12": {
            "month": "2002-12",
            "price": "45.77",
            "revenue": 575855
        },
        "2003-01": {
            "month": "2003-01",
            "price": "45.85",
            "revenue": 309557
        },
        "2003-02": {
            "month": "2003-02",
            "price": "38.16",
            "revenue": 275404
        },
        "2003-03": {
            "month": "2003-03",
            "price": "35.94",
            "revenue": 216957
        },
        "2003-04": {
            "month": "2003-04",
            "price": "33.05",
            "revenue": 196310
        },
        "2003-05": {
            "month": "2003-05",
            "price": "31.06",
            "revenue": 171702
        },
        "2003-06": {
            "month": "2003-06",
            "price": "34.96",
            "revenue": 220245
        },
        "2003-07": {
            "month": "2003-07",
            "price": "48.37",
            "revenue": 202235
        },
        "2003-08": {
            "month": "2003-08",
            "price": "63.16",
            "revenue": 304755
        },
        "2003-09": {
            "month": "2003-09",
            "price": "48.31",
            "revenue": 384417
        },
        "2003-10": {
            "month": "2003-10",
            "price": "48.71",
            "revenue": 302323
        },
        "2003-11": {
            "month": "2003-11",
            "price": "47.79",
            "revenue": 327933
        },
        "2003-12": {
            "month": "2003-12",
            "price": "46.48",
            "revenue": 354367
        },
        "2004-01": {
            "month": "2004-01",
            "price": "42.73",
            "revenue": 298365
        },
        "2004-02": {
            "month": "2004-02",
            "price": "42.74",
            "revenue": 305597
        },
        "2004-03": {
            "month": "2004-03",
            "price": "40.41",
            "revenue": 399233
        },
        "2004-04": {
            "month": "2004-04",
            "price": "40.08",
            "revenue": 356359
        },
        "2004-05": {
            "month": "2004-05",
            "price": "35.81",
            "revenue": 252787
        },
        "2004-06": {
            "month": "2004-06",
            "price": "38.50",
            "revenue": 336148
        },
        "2004-07": {
            "month": "2004-07",
            "price": "36.06",
            "revenue": 268527
        },
        "2004-08": {
            "month": "2004-08",
            "price": "32.96",
            "revenue": 331596
        },
        "2004-09": {
            "month": "2004-09",
            "price": "33.80",
            "revenue": 414413
        },
        "2004-10": {
            "month": "2004-10",
            "price": "32.66",
            "revenue": 331517
        },
        "2004-11": {
            "month": "2004-11",
            "price": "29.49",
            "revenue": 375428
        },
        "2004-12": {
            "month": "2004-12",
            "price": "27.52",
            "revenue": 326084
        },
        "2005-01": {
            "month": "2005-01",
            "price": "27.67",
            "revenue": 372102
        },
        "2005-02": {
            "month": "2005-02",
            "price": "29.66",
            "revenue": 265425
        },
        "2005-03": {
            "month": "2005-03",
            "price": "31.55",
            "revenue": 306601
        },
        "2005-04": {
            "month": "2005-04",
            "price": "31.68",
            "revenue": 299879
        },
        "2005-05": {
            "month": "2005-05",
            "price": "30.79",
            "revenue": 349392
        },
        "2005-06": {
            "month": "2005-06",
            "price": "31.84",
            "revenue": 275507
        },
        "2005-07": {
            "month": "2005-07",
            "price": "33.06",
            "revenue": 336271
        },
        "2005-08": {
            "month": "2005-08",
            "price": "36.69",
            "revenue": 378873
        },
        "2005-09": {
            "month": "2005-09",
            "price": "33.22",
            "revenue": 487362
        },
        "2005-10": {
            "month": "2005-10",
            "price": "31.83",
            "revenue": 392694
        },
        "2005-11": {
            "month": "2005-11",
            "price": "30.51",
            "revenue": 491437
        },
        "2005-12": {
            "month": "2005-12",
            "price": "33.65",
            "revenue": 369335
        },
        "2006-01": {
            "month": "2006-01",
            "price": "33.86",
            "revenue": 316094
        },
        "2006-02": {
            "month": "2006-02",
            "price": "30.81",
            "revenue": 410990
        },
        "2006-03": {
            "month": "2006-03",
            "price": "31.53",
            "revenue": 334012
        },
        "2006-04": {
            "month": "2006-04",
            "price": "31.99",
            "revenue": 396216
        },
        "2006-05": {
            "month": "2006-05",
            "price": "31.67",
            "revenue": 420330
        },
        "2006-06": {
            "month": "2006-06",
            "price": "30.58",
            "revenue": 327366
        },
        "2006-07": {
            "month": "2006-07",
            "price": "29.56",
            "revenue": 305652
        },
        "2006-08": {
            "month": "2006-08",
            "price": "30.98",
            "revenue": 361919
        },
        "2006-09": {
            "month": "2006-09",
            "price": "33.22",
            "revenue": 300123
        },
        "2006-10": {
            "month": "2006-10",
            "price": "37.69",
            "revenue": 356031
        },
        "2006-11": {
            "month": "2006-11",
            "price": "40.33",
            "revenue": 300134
        },
        "2006-12": {
            "month": "2006-12",
            "price": "42.08",
            "revenue": 322516
        },
        "2007-01": {
            "month": "2007-01",
            "price": "49.93",
            "revenue": 285322
        },
        "2007-02": {
            "month": "2007-02",
            "price": "55.07",
            "revenue": 209044
        },
        "2007-03": {
            "month": "2007-03",
            "price": "55.97",
            "revenue": 457520
        },
        "2007-04": {
            "month": "2007-04",
            "price": "63.10",
            "revenue": 362243
        },
        "2007-05": {
            "month": "2007-05",
            "price": "61.41",
            "revenue": 301874
        },
        "2007-06": {
            "month": "2007-06",
            "price": "74.53",
            "revenue": 337583
        },
        "2007-07": {
            "month": "2007-07",
            "price": "87.57",
            "revenue": 350980
        },
        "2007-08": {
            "month": "2007-08",
            "price": "83.31",
            "revenue": 398313
        },
        "2007-09": {
            "month": "2007-09",
            "price": "86.67",
            "revenue": 337226
        },
        "2007-10": {
            "month": "2007-10",
            "price": "81.34",
            "revenue": 435898
        },
        "2007-11": {
            "month": "2007-11",
            "price": "78.37",
            "revenue": 299316
        },
        "2007-12": {
            "month": "2007-12",
            "price": "72.49",
            "revenue": 354125
        },
        "2008-01": {
            "month": "2008-01",
            "price": "61.43",
            "revenue": 309448
        },
        "2008-02": {
            "month": "2008-02",
            "price": "61.77",
            "revenue": 283212
        },
        "2008-03": {
            "month": "2008-03",
            "price": "60.81",
            "revenue": 320634
        },
        "2008-04": {
            "month": "2008-04",
            "price": "67.50",
            "revenue": 328953
        },
        "2008-05": {
            "month": "2008-05",
            "price": "62.85",
            "revenue": 323368
        },
        "2008-06": {
            "month": "2008-06",
            "price": "58.04",
            "revenue": 349164
        },
        "2008-07": {
            "month": "2008-07",
            "price": "54.69",
            "revenue": 430171
        },
        "2008-08": {
            "month": "2008-08",
            "price": "51.34",
            "revenue": 342589
        },
        "2008-09": {
            "month": "2008-09",
            "price": "46.93",
            "revenue": 381532
        },
        "2008-10": {
            "month": "2008-10",
            "price": "36.07",
            "revenue": 475450
        },
        "2008-11": {
            "month": "2008-11",
            "price": "38.01",
            "revenue": 319654
        },
        "2008-12": {
            "month": "2008-12",
            "price": "38.71",
            "revenue": 292319
        },
        "2009-01": {
            "month": "2009-01",
            "price": "38.12",
            "revenue": 328879
        },
        "2009-02": {
            "month": "2009-02",
            "price": "36.67",
            "revenue": 413934
        },
        "2009-03": {
            "month": "2009-03",
            "price": "39.19",
            "revenue": 502496
        },
        "2009-04": {
            "month": "2009-04",
            "price": "45.36",
            "revenue": 483018
        },
        "2009-05": {
            "month": "2009-05",
            "price": "54.58",
            "revenue": 440913
        },
        "2009-06": {
            "month": "2009-06",
            "price": "51.26",
            "revenue": 459997
        },
        "2009-07": {
            "month": "2009-07",
            "price": "53.18",
            "revenue": 513195
        },
        "2009-08": {
            "month": "2009-08",
            "price": "55.28",
            "revenue": 568411
        },
        "2009-09": {
            "month": "2009-09",
            "price": "62.18",
            "revenue": 596142
        },
        "2009-10": {
            "month": "2009-10",
            "price": "61.25",
            "revenue": 537471
        },
        "2009-11": {
            "month": "2009-11",
            "price": "58.16",
            "revenue": 455553
        },
        "2009-12": {
            "month": "2009-12",
            "price": "59.94",
            "revenue": 498961
        },
        "2010-01": {
            "month": "2010-01",
            "price": "59.04",
            "revenue": 487837
        },
        "2010-02": {
            "month": "2010-02",
            "price": "53.16",
            "revenue": 370458
        },
        "2010-03": {
            "month": "2010-03",
            "price": "55.93",
            "revenue": 481975
        },
        "2010-04": {
            "month": "2010-04",
            "price": "58.57",
            "revenue": 590786
        },
        "2010-05": {
            "month": "2010-05",
            "price": "54.81",
            "revenue": 530652
        },
        "2010-06": {
            "month": "2010-06",
            "price": "53.96",
            "revenue": 505162
        },
        "2010-07": {
            "month": "2010-07",
            "price": "53.85",
            "revenue": 460102
        },
        "2010-08": {
            "month": "2010-08",
            "price": "51.18",
            "revenue": 560518
        },
        "2010-09": {
            "month": "2010-09",
            "price": "51.42",
            "revenue": 514197
        },
        "2010-10": {
            "month": "2010-10",
            "price": "53.99",
            "revenue": 653208
        },
        "2010-11": {
            "month": "2010-11",
            "price": "53.79",
            "revenue": 694663
        },
        "2010-12": {
            "month": "2010-12",
            "price": "58.43",
            "revenue": 447146
        },
        "2011-01": {
            "month": "2011-01",
            "price": "58.57",
            "revenue": 631167
        },
        "2011-02": {
            "month": "2011-02",
            "price": "55.78",
            "revenue": 410976
        },
        "2011-03": {
            "month": "2011-03",
            "price": "56.57",
            "revenue": 643071
        },
        "2011-04": {
            "month": "2011-04",
            "price": "60.88",
            "revenue": 674963
        },
        "2011-05": {
            "month": "2011-05",
            "price": "71.86",
            "revenue": 580048
        },
        "2011-06": {
            "month": "2011-06",
            "price": "72.10",
            "revenue": 581026
        },
        "2011-07": {
            "month": "2011-07",
            "price": "75.94",
            "revenue": 623077
        },
        "2011-08": {
            "month": "2011-08",
            "price": "74.96",
            "revenue": 543470
        },
        "2011-09": {
            "month": "2011-09",
            "price": "69.92",
            "revenue": 621873
        },
        "2011-10": {
            "month": "2011-10",
            "price": "64.38",
            "revenue": 561884
        },
        "2011-11": {
            "month": "2011-11",
            "price": "67.05",
            "revenue": 475698
        },
        "2011-12": {
            "month": "2011-12",
            "price": "62.76",
            "revenue": 474133
        },
        "2012-01": {
            "month": "2012-01",
            "price": "58.14",
            "revenue": 424250
        },
        "2012-02": {
            "month": "2012-02",
            "price": "61.34",
            "revenue": 434140
        },
        "2012-03": {
            "month": "2012-03",
            "price": "64.97",
            "revenue": 708990
        },
        "2012-04": {
            "month": "2012-04",
            "price": "64.52",
            "revenue": 524124
        },
        "2012-05": {
            "month": "2012-05",
            "price": "65.45",
            "revenue": 592918
        },
        "2012-06": {
            "month": "2012-06",
            "price": "63.85",
            "revenue": 624310
        },
        "2012-07": {
            "month": "2012-07",
            "price": "66.83",
            "revenue": 527825
        },
        "2012-08": {
            "month": "2012-08",
            "price": "60.47",
            "revenue": 598917
        },
        "2012-09": {
            "month": "2012-09",
            "price": "60.80",
            "revenue": 612113
        },
        "2012-10": {
            "month": "2012-10",
            "price": "58.15",
            "revenue": 540268
        },
        "2012-11": {
            "month": "2012-11",
            "price": "57.65",
            "revenue": 636860
        },
        "2012-12": {
            "month": "2012-12",
            "price": "57.99",
            "revenue": 574195
        },
        "2013-01": {
            "month": "2013-01",
            "price": "65.02",
            "revenue": 516904
        },
        "2013-02": {
            "month": "2013-02",
            "price": "67.82",
            "revenue": 322101
        },
        "2013-03": {
            "month": "2013-03",
            "price": "71.60",
            "revenue": 495113
        },
        "2013-04": {
            "month": "2013-04",
            "price": "70.32",
            "revenue": 482583
        },
        "2013-05": {
            "month": "2013-05",
            "price": "69.77",
            "revenue": 417889
        },
        "2013-06": {
            "month": "2013-06",
            "price": "65.17",
            "revenue": 534759
        },
        "2013-07": {
            "month": "2013-07",
            "price": "65.68",
            "revenue": 463833
        },
        "2013-08": {
            "month": "2013-08",
            "price": "67.42",
            "revenue": 574075
        },
        "2013-09": {
            "month": "2013-09",
            "price": "69.33",
            "revenue": 589057
        },
        "2013-10": {
            "month": "2013-10",
            "price": "73.14",
            "revenue": 450502
        },
        "2013-11": {
            "month": "2013-11",
            "price": "72.35",
            "revenue": 624753
        },
        "2013-12": {
            "month": "2013-12",
            "price": "71.25",
            "revenue": 748106
        },
        "2014-01": {
            "month": "2014-01",
            "price": "74.16",
            "revenue": 452029
        },
        "2014-02": {
            "month": "2014-02",
            "price": "77.46",
            "revenue": 484214
        },
        "2014-03": {
            "month": "2014-03",
            "price": "77.68",
            "revenue": 472445
        },
        "2014-04": {
            "month": "2014-04",
            "price": "73.78",
            "revenue": 437918
        },
        "2014-05": {
            "month": "2014-05",
            "price": "73.08",
            "revenue": 431193
        },
        "2014-06": {
            "month": "2014-06",
            "price": "72.30",
            "revenue": 625461
        },
        "2014-07": {
            "month": "2014-07",
            "price": "70.58",
            "revenue": 407202
        },
        "2014-08": {
            "month": "2014-08",
            "price": "69.66",
            "revenue": 592138
        },
        "2014-09": {
            "month": "2014-09",
            "price": "70.78",
            "revenue": 485847
        },
        "2014-10": {
            "month": "2014-10",
            "price": "67.24",
            "revenue": 497241
        },
        "2014-11": {
            "month": "2014-11",
            "price": "64.32",
            "revenue": 553371
        },
        "2014-12": {
            "month": "2014-12",
            "price": "63.84",
            "revenue": 526874
        },
        "2015-01": {
            "month": "2015-01",
            "price": "63.64",
            "revenue": 400533
        },
        "2015-02": {
            "month": "2015-02",
            "price": "62.37",
            "revenue": 357743
        },
        "2015-03": {
            "month": "2015-03",
            "price": "61.32",
            "revenue": 502549
        },
        "2015-04": {
            "month": "2015-04",
            "price": "62.05",
            "revenue": 404486
        },
        "2015-05": {
            "month": "2015-05",
            "price": "59.09",
            "revenue": 449492
        },
        "2015-06": {
            "month": "2015-06",
            "price": "55.17",
            "revenue": 337604
        },
        "2015-07": {
            "month": "2015-07",
            "price": "48.19",
            "revenue": 388062
        },
        "2015-08": {
            "month": "2015-08",
            "price": "42.47",
            "revenue": 499771
        },
        "2015-09": {
            "month": "2015-09",
            "price": "42.74",
            "revenue": 433046
        },
        "2015-10": {
            "month": "2015-10",
            "price": "45.13",
            "revenue": 437594
        },
        "2015-11": {
            "month": "2015-11",
            "price": "44.83",
            "revenue": 494481
        },
        "2015-12": {
            "month": "2015-12",
            "price": "43.29",
            "revenue": 630404
        },
        "2016-01": {
            "month": "2016-01",
            "price": "42.04",
            "revenue": 425293
        },
        "2016-02": {
            "month": "2016-02",
            "price": "44.37",
            "revenue": 300629
        },
        "2016-03": {
            "month": "2016-03",
            "price": "45.59",
            "revenue": 454542
        },
        "2016-04": {
            "month": "2016-04",
            "price": "47.28",
            "revenue": 333268
        },
        "2016-05": {
            "month": "2016-05",
            "price": "45.53",
            "revenue": 428583
        },
        "2016-06": {
            "month": "2016-06",
            "price": "45.97",
            "revenue": 389575
        },
        "2016-07": {
            "month": "2016-07",
            "price": "46.53",
            "revenue": 345916
        },
        "2016-08": {
            "month": "2016-08",
            "price": "46.94",
            "revenue": 444027
        },
        "2016-09": {
            "month": "2016-09",
            "price": "47.47",
            "revenue": 386907
        },
        "2016-10": {
            "month": "2016-10",
            "price": "48.63",
            "revenue": 414047
        },
        "2016-11": {
            "month": "2016-11",
            "price": "50.64",
            "revenue": 415997
        },
        "2016-12": {
            "month": "2016-12",
            "price": "53.55",
            "revenue": 478646
        },
        "2017-01": {
            "month": "2017-01",
            "price": "51.61",
            "revenue": 352873
        },
        "2017-02": {
            "month": "2017-02",
            "price": "51.46",
            "revenue": 338020
        },
        "2017-03": {
            "month": "2017-03",
            "price": "52.50",
            "revenue": 444385
        },
        "2017-04": {
            "month": "2017-04",
            "price": "51.33",
            "revenue": 361814
        },
        "2017-05": {
            "month": "2017-05",
            "price": "55.57",
            "revenue": 328434
        },
        "2017-06": {
            "month": "2017-06",
            "price": "61.16",
            "revenue": 376351
        },
        "2017-07": {
            "month": "2017-07",
            "price": "56.46",
            "revenue": 288141
        },
        "2017-08": {
            "month": "2017-08",
            "price": "52.50",
            "revenue": 363078
        },
        "2017-09": {
            "month": "2017-09",
            "price": "57.99",
            "revenue": 423032
        },
        "2017-10": {
            "month": "2017-10",
            "price": "58.00",
            "revenue": 359693
        },
        "2017-11": {
            "month": "2017-11",
            "price": "56.58",
            "revenue": 454901
        },
        "2017-12": {
            "month": "2017-12",
            "price": "55.67",
            "revenue": 541206
        },
        "2018-01": {
            "month": "2018-01",
            "price": "57.89",
            "revenue": 487484
        },
        "2018-02": {
            "month": "2018-02",
            "price": "56.76",
            "revenue": 330158
        },
        "2018-03": {
            "month": "2018-03",
            "price": "58.07",
            "revenue": 466555
        },
        "2018-04": {
            "month": "2018-04",
            "price": "59.56",
            "revenue": 429668
        },
        "2018-05": {
            "month": "2018-05",
            "price": "60.71",
            "revenue": 488198
        },
        "2018-06": {
            "month": "2018-06",
            "price": "63.56",
            "revenue": 438190
        },
        "2018-07": {
            "month": "2018-07",
            "price": "61.41",
            "revenue": 471741
        },
        "2018-08": {
            "month": "2018-08",
            "price": "63.53",
            "revenue": 524267
        },
        "2018-09": {
            "month": "2018-09",
            "price": "68.27",
            "revenue": 518510
        },
        "2018-10": {
            "month": "2018-10",
            "price": "65.95",
            "revenue": 514003
        },
        "2018-11": {
            "month": "2018-11",
            "price": "65.39",
            "revenue": 599057
        },
        "2018-12": {
            "month": "2018-12",
            "price": "65.89",
            "revenue": 463664
        },
        "2019-01": {
            "month": "2019-01",
            "price": "64.07",
            "revenue": 571444
        },
        "2019-02": {
            "month": "2019-02",
            "price": "67.17",
            "revenue": 361240
        },
        "2019-03": {
            "month": "2019-03",
            "price": "70.70",
            "revenue": 532005
        },
        "2019-04": {
            "month": "2019-04",
            "price": "72.34",
            "revenue": 531071
        },
        "2019-05": {
            "month": "2019-05",
            "price": "72.73",
            "revenue": 516053
        },
        "2019-06": {
            "month": "2019-06",
            "price": "73.28",
            "revenue": 654702
        },
        "2019-07": {
            "month": "2019-07",
            "price": "81.47",
            "revenue": 673562
        },
        "2019-08": {
            "month": "2019-08",
            "price": "90.09",
            "revenue": 494699
        },
        "2019-09": {
            "month": "2019-09",
            "price": "86.08",
            "revenue": 492464
        },
        "2019-10": {
            "month": "2019-10",
            "price": "81.68",
            "revenue": 434750
        },
        "2019-11": {
            "month": "2019-11",
            "price": "75.50",
            "revenue": 543889
        },
        "2019-12": {
            "month": "2019-12",
            "price": "77.38",
            "revenue": 447237
        },
        "2020-01": {
            "month": "2020-01",
            "price": "79.92",
            "revenue": 386140
        },
        "2020-02": {
            "month": "2020-02",
            "price": "72.97",
            "revenue": 402684
        },
        "2020-03": {
            "month": "2020-03",
            "price": "59.95",
            "revenue": 592659
        },
        "2020-04": {
            "month": "2020-04",
            "price": "61.63",
            "revenue": 461032
        },
        "2020-05": {
            "month": "2020-05",
            "price": "65.34",
            "revenue": 507089
        },
        "2020-06": {
            "month": "2020-06",
            "price": "66.96",
            "revenue": 541190
        },
        "2020-07": {
            "month": "2020-07",
            "price": "67.54",
            "revenue": 479134
        },
        "2020-08": {
            "month": "2020-08",
            "price": "66.80",
            "revenue": 558311
        },
        "2020-09": {
            "month": "2020-09",
            "price": "64.56",
            "revenue": 508161
        },
        "2020-10": {
            "month": "2020-10",
            "price": "64.42",
            "revenue": 500920
        },
        "2020-11": {
            "month": "2020-11",
            "price": "66.23",
            "revenue": 543378
        },
        "2020-12": {
            "month": "2020-12",
            "price": "68.18",
            "revenue": 453847
        },
        "2021-01": {
            "month": "2021-01",
            "price": "66.90",
            "revenue": 512443
        },
        "2021-02": {
            "month": "2021-02",
            "price": "67.94",
            "revenue": 454111
        },
        "2021-03": {
            "month": "2021-03",
            "price": "72.67",
            "revenue": 499070
        },
        "2021-04": {
            "month": "2021-04",
            "price": "76.99",
            "revenue": 597714
        },
        "2021-05": {
            "month": "2021-05",
            "price": "69.70",
            "revenue": 414780
        },
        "2021-06": {
            "month": "2021-06",
            "price": "71.64",
            "revenue": 501201
        },
        "2021-07": {
            "month": "2021-07",
            "price": "70.17",
            "revenue": 461461
        },
        "2021-08": {
            "month": "2021-08",
            "price": "70.00",
            "revenue": 542079
        },
        "2021-09": {
            "month": "2021-09",
            "price": "69.80",
            "revenue": 593713
        },
        "2021-10": {
            "month": "2021-10",
            "price": "69.40",
            "revenue": 455592
        },
        "2021-11": {
            "month": "2021-11",
            "price": "69.84",
            "revenue": 706377
        },
        "2021-12": {
            "month": "2021-12",
            "price": "71.24",
            "revenue": 531532
        },
        "2022-01": {
            "month": "2022-01",
            "price": "73.77",
            "revenue": 587892
        },
        "2022-02": {
            "month": "2022-02",
            "price": "74.05",
            "revenue": 450376
        },
        "2022-03": {
            "month": "2022-03",
            "price": "72.94",
            "revenue": 567464
        },
        "2022-04": {
            "month": "2022-04",
            "price": "73.82",
            "revenue": 462081
        },
        "2022-05": {
            "month": "2022-05",
            "price": "70.29",
            "revenue": 574835
        },
        "2022-06": {
            "month": "2022-06",
            "price": "70.07",
            "revenue": 579442
        },
        "2022-07": {
            "month": "2022-07",
            "price": "68.13",
            "revenue": 536883
        },
        "2022-08": {
            "month": "2022-08",
            "price": "68.60",
            "revenue": 507972
        },
        "2022-09": {
            "month": "2022-09",
            "price": "68.49",
            "revenue": 610122
        },
        "2022-10": {
            "month": "2022-10",
            "price": "66.10",
            "revenue": 445568
        },
        "2022-11": {
            "month": "2022-11",
            "price": "69.53",
            "revenue": 650644
        },
        "2022-12": {
            "month": "2022-12",
            "price": "69.70",
            "revenue": 574362
        },
        "2023-01": {
            "month": "2023-01",
            "price": "71.10",
            "revenue": 464020
        },
        "2023-02": {
            "month": "2023-02",
            "price": "73.34",
            "revenue": 488463
        },
        "2023-03": {
            "month": "2023-03",
            "price": "76.17",
            "revenue": 567011
        },
        "2023-04": {
            "month": "2023-04",
            "price": "75.62",
            "revenue": 613877
        },
        "2023-05": {
            "month": "2023-05",
            "price": "73.67",
            "revenue": 567611
        },
        "2023-06": {
            "month": "2023-06",
            "price": "76.52",
            "revenue": 579998
        },
        "2023-07": {
            "month": "2023-07",
            "price": "79.48",
            "revenue": 555933
        },
        "2023-08": {
            "month": "2023-08",
            "price": "82.66",
            "revenue": 538772
        },
        "2023-09": {
            "month": "2023-09",
            "price": "85.71",
            "revenue": 590824
        },
        "2023-10": {
            "month": "2023-10",
            "price": "83.02",
            "revenue": 540604
        },
        "2023-11": {
            "month": "2023-11",
            "price": "83.89",
            "revenue": 595621
        },
        "2023-12": {
            "month": "2023-12",
            "price": "88.15",
            "revenue": 637249
        }
    }
}
