{
    "summary": {
        "stock_name": "育富",
        "stock_id": "6194",
        "category": "電子零組件",
        "main_business": "各項印刷電路板及電腦週邊之維修安裝製造加工買賣業務<br>電子產品及其零件之製造加工修理買賣業務<br>一般化學藥品原物料之買賣業務",
        "website_url": "http://www.yufo.com.tw",
        "ceo": "劉永幹",
        "pe_ratio": 26,
        "report_year_from": 2001,
        "report_year_to": 2023,
        "age": 22,
        "eps_negative_percentage": 22,
        "eps_growth_avg": {
            "last_all": -4.93,
            "last_2y": -25.7,
            "last_4y": 5.73,
            "last_8y": -12.64,
            "last_12y": -15.86,
            "last_16y": -16.32,
            "last_20y": null,
            "at_2006_last_3y": 30.92,
            "at_2007_last_3y": 22.13,
            "at_2008_last_3y": -6.31,
            "at_2009_last_3y": -17.49,
            "at_2010_last_3y": -26.21,
            "at_2011_last_3y": -8.72,
            "at_2012_last_3y": -10.31,
            "at_2013_last_3y": -20.68,
            "at_2014_last_3y": -6.38,
            "at_2015_last_3y": -47.03,
            "at_2016_last_3y": -47.11,
            "at_2017_last_3y": -49.38,
            "at_2018_last_3y": -100,
            "at_2019_last_3y": 100,
            "at_2020_last_3y": 69.48,
            "at_2021_last_3y": 16.61,
            "at_2022_last_3y": 5.73,
            "at_2023_last_3y": 5.73,
            "at_2006_last_all": 30.92,
            "at_2007_last_all": 23.26,
            "at_2008_last_all": 12.64,
            "at_2009_last_all": 10.69,
            "at_2010_last_all": 2.36,
            "at_2011_last_all": 9.05,
            "at_2012_last_all": 3.46,
            "at_2013_last_all": -0.72,
            "at_2014_last_all": -0.56,
            "at_2015_last_all": -8.21,
            "at_2016_last_all": -8.21,
            "at_2017_last_all": -8.21,
            "at_2018_last_all": -8.21,
            "at_2019_last_all": -0.48,
            "at_2020_last_all": 2.15,
            "at_2021_last_all": -3.55,
            "at_2022_last_all": -4.93,
            "at_2023_last_all": -4.93
        },
        "latest_eps": 1.11,
        "latest_price": 28.95,
        "latest_roe": 3.05,
        "latest_gross_margin": 16.33,
        "latest_equity": 1713623,
        "latest_revenue": 321245,
        "latest_gross_profit": 52469,
        "latest_net_income": 25457,
        "latest_debt_ratio": 17.34,
        "latest_current_ratio": 539,
        "latest_account_receivable_turnover_ratio": 0.8,
        "latest_inventory_turnover_ratio": 2.47,
        "latest_reinvestment_rate": -39.78,
        "latest_research_to_sale_ratio": null
    },
    "eps_dividends": {
        "2000": {
            "cash": 0,
            "stock": 3,
            "eps": 0
        },
        "2001": {
            "cash": 2,
            "stock": 2,
            "eps": 0
        },
        "2002": {
            "cash": 1,
            "stock": 2,
            "eps": 2.7
        },
        "2003": {
            "cash": 1,
            "stock": 1,
            "eps": 3.45
        },
        "2004": {
            "cash": 1,
            "stock": 2,
            "eps": 5.98
        },
        "2005": {
            "cash": 1,
            "stock": 2,
            "eps": 8.59
        },
        "2006": {
            "cash": 2,
            "stock": 3,
            "eps": 6.78
        },
        "2007": {
            "cash": 3,
            "stock": 1,
            "eps": 6.28
        },
        "2008": {
            "cash": 3,
            "stock": 0,
            "eps": 3.74
        },
        "2009": {
            "cash": 2,
            "stock": 0,
            "eps": 3.7
        },
        "2010": {
            "cash": 3,
            "stock": 0,
            "eps": 1.63
        },
        "2011": {
            "cash": 2,
            "stock": 0,
            "eps": 2.65
        },
        "2012": {
            "cash": 2,
            "stock": 0,
            "eps": 1.41
        },
        "2013": {
            "cash": 1,
            "stock": 0,
            "eps": 0.81
        },
        "2014": {
            "cash": 1,
            "stock": 0,
            "eps": 0.82
        },
        "2015": {
            "cash": 1,
            "stock": 0,
            "eps": -0.59
        },
        "2016": {
            "cash": 1,
            "stock": 0,
            "eps": -1.3
        },
        "2017": {
            "cash": 1,
            "stock": 0,
            "eps": -0.56
        },
        "2018": {
            "cash": 1,
            "stock": 0,
            "eps": 0.8
        },
        "2019": {
            "cash": 1,
            "stock": 0,
            "eps": 1.72
        },
        "2020": {
            "cash": 1,
            "stock": 0,
            "eps": 2.39
        },
        "2021": {
            "cash": 2,
            "stock": 0,
            "eps": 0.26
        },
        "2022": {
            "cash": 0,
            "stock": 0,
            "eps": 0.19
        },
        "2023": {
            "cash": 0,
            "stock": 0,
            "eps": 0.53
        }
    },
    "dividends": {
        "2000-06-17": {
            "cash": 0,
            "stock": 3
        },
        "2001-04-28": {
            "cash": 1.5,
            "stock": 2
        },
        "2002-05-04": {
            "cash": 0.5,
            "stock": 2
        },
        "2003-06-18": {
            "cash": 0.5,
            "stock": 0.8
        },
        "2004-04-27": {
            "cash": 0.5,
            "stock": 2
        },
        "2005-04-26": {
            "cash": 1.2,
            "stock": 2.42
        },
        "2006-05-04": {
            "cash": 2,
            "stock": 2.5
        },
        "2007-04-26": {
            "cash": 2.5,
            "stock": 0.8
        },
        "2008-04-24": {
            "cash": 3.3,
            "stock": 0
        },
        "2009-03-19": {
            "cash": 2.2,
            "stock": 0
        },
        "2010-03-16": {
            "cash": 3,
            "stock": 0
        },
        "2011-04-26": {
            "cash": 2,
            "stock": 0
        },
        "2012-06-18": {
            "cash": 2,
            "stock": 0
        },
        "2013-06-14": {
            "cash": 1.2,
            "stock": 0
        },
        "2014-08-12": {
            "cash": 1.2,
            "stock": 0
        },
        "2015-08-10": {
            "cash": 0.75,
            "stock": 0
        },
        "2016-08-11": {
            "cash": 0.75,
            "stock": 0
        },
        "2017-08-10": {
            "cash": 0.75,
            "stock": 0
        },
        "2018-08-10": {
            "cash": 0.75,
            "stock": 0
        },
        "2019-08-09": {
            "cash": 0.75,
            "stock": 0
        },
        "2020-08-10": {
            "cash": 1.1,
            "stock": 0
        },
        "2021-09-17": {
            "cash": 1.5,
            "stock": 0
        },
        "2022-08-10": {
            "cash": 0.25,
            "stock": 0
        },
        "2023-03-23": {
            "cash": 0.3,
            "stock": 0
        }
    },
    "prices": {
        "200101": "無",
        "200102": "無",
        "200103": "無",
        "200104": "無",
        "200105": "無",
        "200106": "無",
        "200107": "無",
        "200108": "無",
        "200109": "無",
        "200110": "無",
        "200111": "無",
        "200112": "無",
        "200201": "無",
        "200202": "無",
        "200203": "無",
        "200204": "無",
        "200205": "無",
        "200206": "無",
        "200207": "無",
        "200208": "無",
        "200209": "無",
        "200210": "無",
        "200211": "無",
        "200212": "33.73",
        "200301": "29.90",
        "200302": "26.69",
        "200303": "23.13",
        "200304": "23.50",
        "200305": "22.85",
        "200306": "23.78",
        "200307": "24.01",
        "200308": "25.72",
        "200309": "25.20",
        "200310": "25.15",
        "200311": "36.54",
        "200312": "46.65",
        "200401": "49.49",
        "200402": "59.52",
        "200403": "55.89",
        "200404": "54.34",
        "200405": "50.73",
        "200406": "46.70",
        "200407": "31.95",
        "200408": "37.84",
        "200409": "40.00",
        "200410": "39.00",
        "200411": "39.27",
        "200412": "37.54",
        "200501": "37.25",
        "200502": "45.22",
        "200503": "61.53",
        "200504": "62.64",
        "200505": "59.84",
        "200506": "65.04",
        "200507": "80.58",
        "200508": "80.06",
        "200509": "71.08",
        "200510": "72.54",
        "200511": "72.84",
        "200512": "80.38",
        "200601": "79.24",
        "200602": "70.60",
        "200603": "67.12",
        "200604": "72.11",
        "200605": "65.53",
        "200606": "64.00",
        "200607": "67.40",
        "200608": "67.03",
        "200609": "62.71",
        "200610": "62.08",
        "200611": "61.06",
        "200612": "61.91",
        "200701": "67.41",
        "200702": "66.66",
        "200703": "67.50",
        "200704": "68.81",
        "200705": "65.71",
        "200706": "67.98",
        "200707": "71.23",
        "200708": "63.87",
        "200709": "56.05",
        "200710": "57.57",
        "200711": "54.25",
        "200712": "44.64",
        "200801": "38.86",
        "200802": "38.54",
        "200803": "39.47",
        "200804": "45.34",
        "200805": "48.07",
        "200806": "43.78",
        "200807": "41.01",
        "200808": "39.64",
        "200809": "35.18",
        "200810": "24.55",
        "200811": "22.58",
        "200812": "21.57",
        "200901": "21.27",
        "200902": "21.88",
        "200903": "25.18",
        "200904": "27.72",
        "200905": "29.72",
        "200906": "29.95",
        "200907": "33.51",
        "200908": "36.53",
        "200909": "39.28",
        "200910": "38.76",
        "200911": "37.74",
        "200912": "40.19",
        "201001": "41.60",
        "201002": "38.90",
        "201003": "41.27",
        "201004": "40.82",
        "201005": "36.75",
        "201006": "35.23",
        "201007": "34.03",
        "201008": "30.48",
        "201009": "28.57",
        "201010": "28.53",
        "201011": "26.11",
        "201012": "26.84",
        "201101": "26.14",
        "201102": "25.29",
        "201103": "23.89",
        "201104": "24.35",
        "201105": "24.31",
        "201106": "24.06",
        "201107": "21.45",
        "201108": "19.54",
        "201109": "19.54",
        "201110": "20.32",
        "201111": "21.67",
        "201112": "20.64",
        "201201": "20.52",
        "201202": "23.32",
        "201203": "23.73",
        "201204": "22.80",
        "201205": "22.45",
        "201206": "22.35",
        "201207": "21.42",
        "201208": "20.57",
        "201209": "20.00",
        "201210": "20.23",
        "201211": "19.40",
        "201212": "19.95",
        "201301": "20.95",
        "201302": "21.40",
        "201303": "21.52",
        "201304": "20.88",
        "201305": "20.84",
        "201306": "20.29",
        "201307": "19.65",
        "201308": "19.44",
        "201309": "19.93",
        "201310": "19.25",
        "201311": "19.01",
        "201312": "19.40",
        "201401": "19.91",
        "201402": "20.05",
        "201403": "19.96",
        "201404": "20.05",
        "201405": "19.56",
        "201406": "19.53",
        "201407": "19.10",
        "201408": "18.42",
        "201409": "18.89",
        "201410": "18.39",
        "201411": "18.97",
        "201412": "19.20",
        "201501": "19.12",
        "201502": "19.09",
        "201503": "19.06",
        "201504": "19.28",
        "201505": "18.90",
        "201506": "18.98",
        "201507": "18.48",
        "201508": "17.39",
        "201509": "16.77",
        "201510": "17.78",
        "201511": "20.01",
        "201512": "19.43",
        "201601": "19.24",
        "201602": "19.48",
        "201603": "20.72",
        "201604": "19.60",
        "201605": "18.45",
        "201606": "17.27",
        "201607": "16.42",
        "201608": "16.67",
        "201609": "16.72",
        "201610": "16.62",
        "201611": "16.09",
        "201612": "15.87",
        "201701": "15.36",
        "201702": "15.95",
        "201703": "16.20",
        "201704": "17.47",
        "201705": "17.66",
        "201706": "17.96",
        "201707": "17.62",
        "201708": "17.95",
        "201709": "19.11",
        "201710": "19.39",
        "201711": "19.70",
        "201712": "19.26",
        "201801": "19.15",
        "201802": "19.08",
        "201803": "18.90",
        "201804": "18.90",
        "201805": "18.80",
        "201806": "19.08",
        "201807": "18.18",
        "201808": "17.83",
        "201809": "17.49",
        "201810": "15.46",
        "201811": "15.25",
        "201812": "16.21",
        "201901": "16.08",
        "201902": "17.96",
        "201903": "19.47",
        "201904": "20.58",
        "201905": "19.57",
        "201906": "19.69",
        "201907": "19.96",
        "201908": "19.93",
        "201909": "22.43",
        "201910": "25.48",
        "201911": "26.92",
        "201912": "26.15",
        "202001": "26.15",
        "202002": "24.29",
        "202003": "22.23",
        "202004": "22.82",
        "202005": "24.21",
        "202006": "25.01",
        "202007": "25.91",
        "202008": "28.69",
        "202009": "35.33",
        "202010": "33.43",
        "202011": "33.97",
        "202012": "33.48",
        "202101": "32.30",
        "202102": "34.37",
        "202103": "34.80",
        "202104": "35.24",
        "202105": "31.90",
        "202106": "31.06",
        "202107": "29.78",
        "202108": "28.56",
        "202109": "27.92",
        "202110": "26.14",
        "202111": "25.01",
        "202112": "24.79",
        "202201": "25.24",
        "202202": "24.92",
        "202203": "24.71",
        "202204": "23.80",
        "202205": "22.01",
        "202206": "21.41",
        "202207": "21.49",
        "202208": "21.12",
        "202209": "20.81",
        "202210": "22.14",
        "202211": "24.10",
        "202212": "23.72",
        "202301": "23.08",
        "202302": "22.90",
        "202303": "24.06",
        "202304": "26.57",
        "202305": "26.51"
    },
    "quarters": {
        "20011": {
            "year_quarter": 20011,
            "year": 2001,
            "quarter": 1,
            "eps": null,
            "eps_growth_year": null,
            "eps_4q": null,
            "eps_4q_growth_year": null,
            "roe": null,
            "gross_profit": null,
            "gross_margin": null,
            "net_income": null,
            "revenue": null,
            "common_shares": null,
            "equity": null,
            "current_ratio": null,
            "debt_ratio": null,
            "inventory_turnover_ratio": null,
            "account_receivable_turnover_ratio": null,
            "reinvestment_rate": null,
            "research_to_sale_ratio": null,
            "price_fair": 0,
            "eps_avg_yearly": 0,
            "eps_latest_yearly": 0,
            "eps_growth_yearly": 0
        },
        "20012": {
            "year_quarter": 20012,
            "year": 2001,
            "quarter": 2,
            "eps": null,
            "eps_growth_year": null,
            "eps_4q": null,
            "eps_4q_growth_year": null,
            "roe": null,
            "gross_profit": null,
            "gross_margin": null,
            "net_income": null,
            "revenue": null,
            "common_shares": null,
            "equity": null,
            "current_ratio": null,
            "debt_ratio": null,
            "inventory_turnover_ratio": null,
            "account_receivable_turnover_ratio": null,
            "reinvestment_rate": null,
            "research_to_sale_ratio": null,
            "price_fair": 0,
            "eps_avg_yearly": 0,
            "eps_latest_yearly": 0,
            "eps_growth_yearly": 0
        },
        "20013": {
            "year_quarter": 20013,
            "year": 2001,
            "quarter": 3,
            "eps": null,
            "eps_growth_year": null,
            "eps_4q": null,
            "eps_4q_growth_year": null,
            "roe": null,
            "gross_profit": null,
            "gross_margin": null,
            "net_income": null,
            "revenue": null,
            "common_shares": null,
            "equity": null,
            "current_ratio": null,
            "debt_ratio": null,
            "inventory_turnover_ratio": null,
            "account_receivable_turnover_ratio": null,
            "reinvestment_rate": null,
            "research_to_sale_ratio": null,
            "price_fair": 0,
            "eps_avg_yearly": 0,
            "eps_latest_yearly": 0,
            "eps_growth_yearly": 0
        },
        "20014": {
            "year_quarter": 20014,
            "year": 2001,
            "quarter": 4,
            "eps": null,
            "eps_growth_year": null,
            "eps_4q": null,
            "eps_4q_growth_year": null,
            "roe": null,
            "gross_profit": null,
            "gross_margin": null,
            "net_income": null,
            "revenue": null,
            "common_shares": 459600,
            "equity": 816797,
            "current_ratio": 133.15,
            "debt_ratio": 49.15,
            "inventory_turnover_ratio": null,
            "account_receivable_turnover_ratio": null,
            "reinvestment_rate": null,
            "research_to_sale_ratio": null,
            "price_fair": 0,
            "eps_avg_yearly": 0,
            "eps_latest_yearly": 0,
            "eps_growth_yearly": 0
        },
        "20021": {
            "year_quarter": 20021,
            "year": 2002,
            "quarter": 1,
            "eps": 1.27,
            "eps_growth_year": null,
            "eps_4q": null,
            "eps_4q_growth_year": null,
            "roe": 8.2,
            "gross_profit": 129120,
            "gross_margin": 24.71,
            "net_income": 69842,
            "revenue": 522599,
            "common_shares": 459600,
            "equity": 886639,
            "current_ratio": 155.96,
            "debt_ratio": 44.35,
            "inventory_turnover_ratio": 4.13,
            "account_receivable_turnover_ratio": null,
            "reinvestment_rate": null,
            "research_to_sale_ratio": null,
            "price_fair": 0,
            "eps_avg_yearly": 0,
            "eps_latest_yearly": 0,
            "eps_growth_yearly": 0
        },
        "20022": {
            "year_quarter": 20022,
            "year": 2002,
            "quarter": 2,
            "eps": 0.42,
            "eps_growth_year": null,
            "eps_4q": null,
            "eps_4q_growth_year": null,
            "roe": 2.65,
            "gross_profit": 68232,
            "gross_margin": 19.89,
            "net_income": 23321,
            "revenue": 343075,
            "common_shares": 551520,
            "equity": 876094,
            "current_ratio": 149.05,
            "debt_ratio": 43.16,
            "inventory_turnover_ratio": 3.45,
            "account_receivable_turnover_ratio": null,
            "reinvestment_rate": null,
            "research_to_sale_ratio": null,
            "price_fair": 5.04,
            "eps_avg_yearly": 1.68,
            "eps_latest_yearly": 1.68,
            "eps_growth_yearly": -267.72
        },
        "20023": {
            "year_quarter": 20023,
            "year": 2002,
            "quarter": 3,
            "eps": 0.51,
            "eps_growth_year": null,
            "eps_4q": null,
            "eps_4q_growth_year": null,
            "roe": 3.14,
            "gross_profit": 72309,
            "gross_margin": 17,
            "net_income": 28138,
            "revenue": 425404,
            "common_shares": 551520,
            "equity": 915589,
            "current_ratio": 134.04,
            "debt_ratio": 41.87,
            "inventory_turnover_ratio": 3.97,
            "account_receivable_turnover_ratio": null,
            "reinvestment_rate": null,
            "research_to_sale_ratio": null,
            "price_fair": 5.58,
            "eps_avg_yearly": 1.86,
            "eps_latest_yearly": 2.04,
            "eps_growth_yearly": -91
        },
        "20024": {
            "year_quarter": 20024,
            "year": 2002,
            "quarter": 4,
            "eps": 0.5,
            "eps_growth_year": null,
            "eps_4q": 2.71,
            "eps_4q_growth_year": null,
            "roe": 2.96,
            "gross_profit": 81627,
            "gross_margin": 19.58,
            "net_income": 27472,
            "revenue": 416787,
            "common_shares": 551520,
            "equity": 940491,
            "current_ratio": 95.95,
            "debt_ratio": 49.66,
            "inventory_turnover_ratio": 3.16,
            "account_receivable_turnover_ratio": null,
            "reinvestment_rate": null,
            "research_to_sale_ratio": null,
            "price_fair": 5.72,
            "eps_avg_yearly": 1.91,
            "eps_latest_yearly": 2,
            "eps_growth_yearly": -63.28
        },
        "20031": {
            "year_quarter": 20031,
            "year": 2003,
            "quarter": 1,
            "eps": 0.28,
            "eps_growth_year": -77.95,
            "eps_4q": 1.71,
            "eps_4q_growth_year": null,
            "roe": 1.63,
            "gross_profit": 59544,
            "gross_margin": 15.51,
            "net_income": 15453,
            "revenue": 383824,
            "common_shares": 551520,
            "equity": 957808,
            "current_ratio": 151.49,
            "debt_ratio": 38.22,
            "inventory_turnover_ratio": 3.32,
            "account_receivable_turnover_ratio": null,
            "reinvestment_rate": null,
            "research_to_sale_ratio": null,
            "price_fair": 5.13,
            "eps_avg_yearly": 1.71,
            "eps_latest_yearly": 1.12,
            "eps_growth_yearly": -91.46
        },
        "20032": {
            "year_quarter": 20032,
            "year": 2003,
            "quarter": 2,
            "eps": 0,
            "eps_growth_year": -100,
            "eps_4q": 1.29,
            "eps_4q_growth_year": null,
            "roe": -0,
            "gross_profit": 38684,
            "gross_margin": 12.48,
            "net_income": -6,
            "revenue": 310002,
            "common_shares": 551520,
            "equity": 926182,
            "current_ratio": 155.82,
            "debt_ratio": 36.43,
            "inventory_turnover_ratio": 3.82,
            "account_receivable_turnover_ratio": null,
            "reinvestment_rate": null,
            "research_to_sale_ratio": null,
            "price_fair": 5.13,
            "eps_avg_yearly": 1.71,
            "eps_latest_yearly": 1.12,
            "eps_growth_yearly": -91.46
        },
        "20033": {
            "year_quarter": 20033,
            "year": 2003,
            "quarter": 3,
            "eps": 1.06,
            "eps_growth_year": 107.84,
            "eps_4q": 1.78,
            "eps_4q_growth_year": null,
            "roe": 6.65,
            "gross_profit": 55317,
            "gross_margin": 13.72,
            "net_income": 63407,
            "revenue": 403087,
            "common_shares": 595642,
            "equity": 980665,
            "current_ratio": 163.61,
            "debt_ratio": 37.18,
            "inventory_turnover_ratio": 5.39,
            "account_receivable_turnover_ratio": null,
            "reinvestment_rate": null,
            "research_to_sale_ratio": null,
            "price_fair": 5.13,
            "eps_avg_yearly": 1.71,
            "eps_latest_yearly": 1.12,
            "eps_growth_yearly": -91.46
        },
        "20034": {
            "year_quarter": 20034,
            "year": 2003,
            "quarter": 4,
            "eps": 2.11,
            "eps_growth_year": 322,
            "eps_4q": 3.43,
            "eps_4q_growth_year": 26.76,
            "roe": 12.05,
            "gross_profit": 51471,
            "gross_margin": 12.64,
            "net_income": 125835,
            "revenue": 407051,
            "common_shares": 595642,
            "equity": 1107763,
            "current_ratio": 117.12,
            "debt_ratio": 54.3,
            "inventory_turnover_ratio": 3.23,
            "account_receivable_turnover_ratio": null,
            "reinvestment_rate": null,
            "research_to_sale_ratio": null,
            "price_fair": 49.13,
            "eps_avg_yearly": 3.06,
            "eps_latest_yearly": 8.44,
            "eps_growth_yearly": 6.08
        },
        "20041": {
            "year_quarter": 20041,
            "year": 2004,
            "quarter": 1,
            "eps": 1.46,
            "eps_growth_year": 421.43,
            "eps_4q": 4.64,
            "eps_4q_growth_year": 171.6,
            "roe": 7.58,
            "gross_profit": 28007,
            "gross_margin": 8.1,
            "net_income": 86747,
            "revenue": 345692,
            "common_shares": 595642,
            "equity": 1180251,
            "current_ratio": 191.09,
            "debt_ratio": 30.95,
            "inventory_turnover_ratio": 2.65,
            "account_receivable_turnover_ratio": null,
            "reinvestment_rate": null,
            "research_to_sale_ratio": null,
            "price_fair": 10.56,
            "eps_avg_yearly": 3.52,
            "eps_latest_yearly": 5.84,
            "eps_growth_yearly": -15.47
        },
        "20042": {
            "year_quarter": 20042,
            "year": 2004,
            "quarter": 2,
            "eps": 0.92,
            "eps_growth_year": null,
            "eps_4q": 4.76,
            "eps_4q_growth_year": 269.6,
            "roe": 5.49,
            "gross_profit": 2154,
            "gross_margin": 0.59,
            "net_income": 66090,
            "revenue": 363848,
            "common_shares": 595642,
            "equity": 1227030,
            "current_ratio": 167.33,
            "debt_ratio": 32.69,
            "inventory_turnover_ratio": 4.28,
            "account_receivable_turnover_ratio": null,
            "reinvestment_rate": null,
            "research_to_sale_ratio": null,
            "price_fair": 10.63,
            "eps_avg_yearly": 3.54,
            "eps_latest_yearly": 3.68,
            "eps_growth_yearly": -34.4
        },
        "20043": {
            "year_quarter": 20043,
            "year": 2004,
            "quarter": 3,
            "eps": 1.57,
            "eps_growth_year": 48.11,
            "eps_4q": 5.48,
            "eps_4q_growth_year": 208.2,
            "roe": 8.71,
            "gross_profit": 30565,
            "gross_margin": 6.73,
            "net_income": 111949,
            "revenue": 454148,
            "common_shares": 714770,
            "equity": 1343674,
            "current_ratio": 157.38,
            "debt_ratio": 33.7,
            "inventory_turnover_ratio": 4.68,
            "account_receivable_turnover_ratio": null,
            "reinvestment_rate": null,
            "research_to_sale_ratio": null,
            "price_fair": 59.16,
            "eps_avg_yearly": 3.89,
            "eps_latest_yearly": 6.28,
            "eps_growth_yearly": 5.23
        },
        "20044": {
            "year_quarter": 20044,
            "year": 2004,
            "quarter": 4,
            "eps": 2.03,
            "eps_growth_year": -3.79,
            "eps_4q": 5.73,
            "eps_4q_growth_year": 67.09,
            "roe": 10.47,
            "gross_profit": 47329,
            "gross_margin": 10.44,
            "net_income": 145079,
            "revenue": 453195,
            "common_shares": 714770,
            "equity": 1427605,
            "current_ratio": 157.29,
            "debt_ratio": 50.56,
            "inventory_turnover_ratio": 3.18,
            "account_receivable_turnover_ratio": null,
            "reinvestment_rate": null,
            "research_to_sale_ratio": null,
            "price_fair": 120.51,
            "eps_avg_yearly": 4.36,
            "eps_latest_yearly": 8.12,
            "eps_growth_yearly": 17.67
        },
        "20051": {
            "year_quarter": 20051,
            "year": 2005,
            "quarter": 1,
            "eps": 2.21,
            "eps_growth_year": 51.37,
            "eps_4q": 6.73,
            "eps_4q_growth_year": 44.89,
            "roe": 10.5,
            "gross_profit": 44318,
            "gross_margin": 11.05,
            "net_income": 157990,
            "revenue": 401063,
            "common_shares": 714770,
            "equity": 1580936,
            "current_ratio": 169.15,
            "debt_ratio": 30.55,
            "inventory_turnover_ratio": 3.24,
            "account_receivable_turnover_ratio": null,
            "reinvestment_rate": null,
            "research_to_sale_ratio": null,
            "price_fair": 141.47,
            "eps_avg_yearly": 4.8,
            "eps_latest_yearly": 8.84,
            "eps_growth_yearly": 19.45
        },
        "20052": {
            "year_quarter": 20052,
            "year": 2005,
            "quarter": 2,
            "eps": 1.45,
            "eps_growth_year": 57.61,
            "eps_4q": 6.13,
            "eps_4q_growth_year": 28.72,
            "roe": 8.03,
            "gross_profit": 27182,
            "gross_margin": 8.43,
            "net_income": 128596,
            "revenue": 322308,
            "common_shares": 714770,
            "equity": 1621985,
            "current_ratio": 155.76,
            "debt_ratio": 29.88,
            "inventory_turnover_ratio": 4.79,
            "account_receivable_turnover_ratio": null,
            "reinvestment_rate": null,
            "research_to_sale_ratio": null,
            "price_fair": 74.28,
            "eps_avg_yearly": 4.89,
            "eps_latest_yearly": 5.8,
            "eps_growth_yearly": 5.18
        },
        "20053": {
            "year_quarter": 20053,
            "year": 2005,
            "quarter": 3,
            "eps": 2.08,
            "eps_growth_year": 32.48,
            "eps_4q": 6.93,
            "eps_4q_growth_year": 26.55,
            "roe": 10.54,
            "gross_profit": 30010,
            "gross_margin": 8.87,
            "net_income": 185028,
            "revenue": 338452,
            "common_shares": 888000,
            "equity": 1887496,
            "current_ratio": 185.7,
            "debt_ratio": 24.15,
            "inventory_turnover_ratio": 4.62,
            "account_receivable_turnover_ratio": null,
            "reinvestment_rate": null,
            "research_to_sale_ratio": null,
            "price_fair": 151.4,
            "eps_avg_yearly": 5.18,
            "eps_latest_yearly": 8.32,
            "eps_growth_yearly": 19.23
        },
        "20054": {
            "year_quarter": 20054,
            "year": 2005,
            "quarter": 4,
            "eps": 2.85,
            "eps_growth_year": 40.39,
            "eps_4q": 8.16,
            "eps_4q_growth_year": 42.37,
            "roe": 12.6,
            "gross_profit": 24603,
            "gross_margin": 8.76,
            "net_income": 252902,
            "revenue": 280709,
            "common_shares": 888000,
            "equity": 2128193,
            "current_ratio": 197.87,
            "debt_ratio": 44.03,
            "inventory_turnover_ratio": 1.97,
            "account_receivable_turnover_ratio": null,
            "reinvestment_rate": 31.04,
            "research_to_sale_ratio": null,
            "price_fair": 198.05,
            "eps_avg_yearly": 5.66,
            "eps_latest_yearly": 11.4,
            "eps_growth_yearly": 29.14
        },
        "20061": {
            "year_quarter": 20061,
            "year": 2006,
            "quarter": 1,
            "eps": 1.47,
            "eps_growth_year": -33.48,
            "eps_4q": 7.86,
            "eps_4q_growth_year": 16.72,
            "roe": 5.97,
            "gross_profit": -5274,
            "gross_margin": -2.48,
            "net_income": 130428,
            "revenue": 212444,
            "common_shares": 888000,
            "equity": 2244868,
            "current_ratio": 280.12,
            "debt_ratio": 18.15,
            "inventory_turnover_ratio": 1.7,
            "account_receivable_turnover_ratio": null,
            "reinvestment_rate": -16.26,
            "research_to_sale_ratio": null,
            "price_fair": 131.77,
            "eps_avg_yearly": 5.67,
            "eps_latest_yearly": 5.88,
            "eps_growth_yearly": 13.22
        },
        "20062": {
            "year_quarter": 20062,
            "year": 2006,
            "quarter": 2,
            "eps": 2.15,
            "eps_growth_year": 48.28,
            "eps_4q": 8.54,
            "eps_4q_growth_year": 39.3,
            "roe": 8.51,
            "gross_profit": -11058,
            "gross_margin": -5.53,
            "net_income": 191270,
            "revenue": 199788,
            "common_shares": 888000,
            "equity": 2250577,
            "current_ratio": 113.53,
            "debt_ratio": 28.2,
            "inventory_turnover_ratio": 2.23,
            "account_receivable_turnover_ratio": null,
            "reinvestment_rate": -15.12,
            "research_to_sale_ratio": null,
            "price_fair": 215.9,
            "eps_avg_yearly": 6.17,
            "eps_latest_yearly": 8.6,
            "eps_growth_yearly": 45.56
        },
        "20063": {
            "year_quarter": 20063,
            "year": 2006,
            "quarter": 3,
            "eps": 1.93,
            "eps_growth_year": -7.21,
            "eps_4q": 7.09,
            "eps_4q_growth_year": 2.32,
            "roe": 8.99,
            "gross_profit": 1591,
            "gross_margin": 0.47,
            "net_income": 214771,
            "revenue": 335900,
            "common_shares": 1110000,
            "equity": 2527806,
            "current_ratio": 107.31,
            "debt_ratio": 23.85,
            "inventory_turnover_ratio": 2.61,
            "account_receivable_turnover_ratio": null,
            "reinvestment_rate": -12.53,
            "research_to_sale_ratio": null,
            "price_fair": 230.1,
            "eps_avg_yearly": 6.57,
            "eps_latest_yearly": 7.72,
            "eps_growth_yearly": 36.52
        },
        "20064": {
            "year_quarter": 20064,
            "year": 2006,
            "quarter": 4,
            "eps": 1.23,
            "eps_growth_year": -56.84,
            "eps_4q": 6.06,
            "eps_4q_growth_year": -25.82,
            "roe": 5.29,
            "gross_profit": 21973,
            "gross_margin": 8.57,
            "net_income": 136712,
            "revenue": 256322,
            "common_shares": 1110000,
            "equity": 2637714,
            "current_ratio": 269.1,
            "debt_ratio": 34.34,
            "inventory_turnover_ratio": 1.12,
            "account_receivable_turnover_ratio": null,
            "reinvestment_rate": -2.9,
            "research_to_sale_ratio": null,
            "price_fair": 237.4,
            "eps_avg_yearly": 6.78,
            "eps_latest_yearly": 4.92,
            "eps_growth_yearly": 26.71
        },
        "20071": {
            "year_quarter": 20071,
            "year": 2007,
            "quarter": 1,
            "eps": 1.23,
            "eps_growth_year": -16.33,
            "eps_4q": 6.12,
            "eps_4q_growth_year": -22.07,
            "roe": 5,
            "gross_profit": -3102,
            "gross_margin": -1.29,
            "net_income": 136474,
            "revenue": 241224,
            "common_shares": 1110000,
            "equity": 2818212,
            "current_ratio": 117.91,
            "debt_ratio": 20.87,
            "inventory_turnover_ratio": 1.32,
            "account_receivable_turnover_ratio": null,
            "reinvestment_rate": -10.37,
            "research_to_sale_ratio": null,
            "price_fair": 246.9,
            "eps_avg_yearly": 7.05,
            "eps_latest_yearly": 4.92,
            "eps_growth_yearly": 39.28
        },
        "20072": {
            "year_quarter": 20072,
            "year": 2007,
            "quarter": 2,
            "eps": 0.77,
            "eps_growth_year": -64.19,
            "eps_4q": 5.14,
            "eps_4q_growth_year": -39.77,
            "roe": 3.16,
            "gross_profit": 17636,
            "gross_margin": 6.33,
            "net_income": 85930,
            "revenue": 278612,
            "common_shares": 1110000,
            "equity": 2624786,
            "current_ratio": 72.29,
            "debt_ratio": 30.68,
            "inventory_turnover_ratio": 3.2,
            "account_receivable_turnover_ratio": null,
            "reinvestment_rate": -9.58,
            "research_to_sale_ratio": null,
            "price_fair": 237.63,
            "eps_avg_yearly": 6.79,
            "eps_latest_yearly": 3.08,
            "eps_growth_yearly": 26.69
        },
        "20073": {
            "year_quarter": 20073,
            "year": 2007,
            "quarter": 3,
            "eps": 2.46,
            "eps_growth_year": 27.46,
            "eps_4q": 5.46,
            "eps_4q_growth_year": -23.07,
            "roe": 10.62,
            "gross_profit": 24372,
            "gross_margin": 8.41,
            "net_income": 294753,
            "revenue": 289643,
            "common_shares": 1198800,
            "equity": 2926356,
            "current_ratio": 135.23,
            "debt_ratio": 27.75,
            "inventory_turnover_ratio": 2.75,
            "account_receivable_turnover_ratio": null,
            "reinvestment_rate": -8.34,
            "research_to_sale_ratio": null,
            "price_fair": 244.3,
            "eps_avg_yearly": 6.98,
            "eps_latest_yearly": 9.84,
            "eps_growth_yearly": 79.89
        },
        "20074": {
            "year_quarter": 20074,
            "year": 2007,
            "quarter": 4,
            "eps": 1.82,
            "eps_growth_year": 47.97,
            "eps_4q": 6.13,
            "eps_4q_growth_year": 1.17,
            "roe": 7.19,
            "gross_profit": 7411,
            "gross_margin": 2.93,
            "net_income": 218523,
            "revenue": 252685,
            "common_shares": 1198800,
            "equity": 3152545,
            "current_ratio": 444.19,
            "debt_ratio": 31.48,
            "inventory_turnover_ratio": 1.7,
            "account_receivable_turnover_ratio": null,
            "reinvestment_rate": -3.71,
            "research_to_sale_ratio": null,
            "price_fair": 241.76,
            "eps_avg_yearly": 6.91,
            "eps_latest_yearly": 7.28,
            "eps_growth_yearly": 48.63
        },
        "20081": {
            "year_quarter": 20081,
            "year": 2008,
            "quarter": 1,
            "eps": 1.35,
            "eps_growth_year": 9.76,
            "eps_4q": 6.35,
            "eps_4q_growth_year": 3.8,
            "roe": 5.14,
            "gross_profit": 204930,
            "gross_margin": 21.15,
            "net_income": 161653,
            "revenue": 968955,
            "common_shares": 1198800,
            "equity": 3143604,
            "current_ratio": 476.27,
            "debt_ratio": 31.54,
            "inventory_turnover_ratio": 3.73,
            "account_receivable_turnover_ratio": null,
            "reinvestment_rate": 17.5,
            "research_to_sale_ratio": null,
            "price_fair": 240.8,
            "eps_avg_yearly": 6.88,
            "eps_latest_yearly": 5.4,
            "eps_growth_yearly": 49.87
        },
        "20082": {
            "year_quarter": 20082,
            "year": 2008,
            "quarter": 2,
            "eps": 1.24,
            "eps_growth_year": 61.04,
            "eps_4q": 6.89,
            "eps_4q_growth_year": 33.97,
            "roe": 4.9,
            "gross_profit": 169848,
            "gross_margin": 19,
            "net_income": 148137,
            "revenue": 894169,
            "common_shares": 1198800,
            "equity": 2900485,
            "current_ratio": 329.8,
            "debt_ratio": 37.14,
            "inventory_turnover_ratio": 2.68,
            "account_receivable_turnover_ratio": null,
            "reinvestment_rate": 17.74,
            "research_to_sale_ratio": null,
            "price_fair": 243.6,
            "eps_avg_yearly": 6.96,
            "eps_latest_yearly": 4.96,
            "eps_growth_yearly": 57.08
        },
        "20083": {
            "year_quarter": 20083,
            "year": 2008,
            "quarter": 3,
            "eps": 1.36,
            "eps_growth_year": -44.72,
            "eps_4q": 5.76,
            "eps_4q_growth_year": 5.6,
            "roe": 5.41,
            "gross_profit": 150838,
            "gross_margin": 17.4,
            "net_income": 163196,
            "revenue": 866714,
            "common_shares": 1189980,
            "equity": 3132306,
            "current_ratio": 529.68,
            "debt_ratio": 28,
            "inventory_turnover_ratio": 3.19,
            "account_receivable_turnover_ratio": null,
            "reinvestment_rate": 17.9,
            "research_to_sale_ratio": null,
            "price_fair": 241.76,
            "eps_avg_yearly": 6.91,
            "eps_latest_yearly": 5.44,
            "eps_growth_yearly": 41.84
        },
        "20084": {
            "year_quarter": 20084,
            "year": 2008,
            "quarter": 4,
            "eps": -0.21,
            "eps_growth_year": -111.54,
            "eps_4q": 3.78,
            "eps_4q_growth_year": -38.31,
            "roe": -0.81,
            "gross_profit": 26193,
            "gross_margin": 7.86,
            "net_income": -25081,
            "revenue": 333405,
            "common_shares": 1158000,
            "equity": 3088202,
            "current_ratio": 839.85,
            "debt_ratio": 22.78,
            "inventory_turnover_ratio": 2.95,
            "account_receivable_turnover_ratio": 1.61,
            "reinvestment_rate": -2.56,
            "research_to_sale_ratio": null,
            "price_fair": 238.93,
            "eps_avg_yearly": 6.83,
            "eps_latest_yearly": 5.44,
            "eps_growth_yearly": 36.81
        },
        "20091": {
            "year_quarter": 20091,
            "year": 2009,
            "quarter": 1,
            "eps": 0.51,
            "eps_growth_year": -62.22,
            "eps_4q": 3.03,
            "eps_4q_growth_year": -52.31,
            "roe": 1.83,
            "gross_profit": 49569,
            "gross_margin": 13.05,
            "net_income": 57920,
            "revenue": 379708,
            "common_shares": 1128000,
            "equity": 3239092,
            "current_ratio": 634.77,
            "debt_ratio": 17.96,
            "inventory_turnover_ratio": 4.85,
            "account_receivable_turnover_ratio": 0.94,
            "reinvestment_rate": 19.77,
            "research_to_sale_ratio": null,
            "price_fair": 233.9,
            "eps_avg_yearly": 6.68,
            "eps_latest_yearly": 5.44,
            "eps_growth_yearly": 36.91
        },
        "20092": {
            "year_quarter": 20092,
            "year": 2009,
            "quarter": 2,
            "eps": 0.97,
            "eps_growth_year": -21.77,
            "eps_4q": 2.72,
            "eps_4q_growth_year": -60.57,
            "roe": 3.5,
            "gross_profit": 168429,
            "gross_margin": 27.8,
            "net_income": 108869,
            "revenue": 605777,
            "common_shares": 1128000,
            "equity": 2990733,
            "current_ratio": 372.96,
            "debt_ratio": 26.14,
            "inventory_turnover_ratio": 4.62,
            "account_receivable_turnover_ratio": 1.14,
            "reinvestment_rate": 18.17,
            "research_to_sale_ratio": null,
            "price_fair": 229.1,
            "eps_avg_yearly": 6.55,
            "eps_latest_yearly": 3.88,
            "eps_growth_yearly": 72.51
        },
        "20093": {
            "year_quarter": 20093,
            "year": 2009,
            "quarter": 3,
            "eps": 1.53,
            "eps_growth_year": 12.5,
            "eps_4q": 2.79,
            "eps_4q_growth_year": -51.61,
            "roe": 5.62,
            "gross_profit": 213358,
            "gross_margin": 27.88,
            "net_income": 172230,
            "revenue": 765397,
            "common_shares": 1128000,
            "equity": 3140133,
            "current_ratio": 388.49,
            "debt_ratio": 20.92,
            "inventory_turnover_ratio": 5.84,
            "account_receivable_turnover_ratio": 1.03,
            "reinvestment_rate": 17.2,
            "research_to_sale_ratio": null,
            "price_fair": 223.6,
            "eps_avg_yearly": 6.39,
            "eps_latest_yearly": 6.12,
            "eps_growth_yearly": 76.59
        },
        "20094": {
            "year_quarter": 20094,
            "year": 2009,
            "quarter": 4,
            "eps": 0.69,
            "eps_growth_year": null,
            "eps_4q": 3.7,
            "eps_4q_growth_year": -2.13,
            "roe": 2.48,
            "gross_profit": 144936,
            "gross_margin": 26.22,
            "net_income": 78276,
            "revenue": 552857,
            "common_shares": 1128000,
            "equity": 3162072,
            "current_ratio": 680.36,
            "debt_ratio": 19.25,
            "inventory_turnover_ratio": 5.21,
            "account_receivable_turnover_ratio": 1.82,
            "reinvestment_rate": 123.64,
            "research_to_sale_ratio": null,
            "price_fair": 202,
            "eps_avg_yearly": 5.77,
            "eps_latest_yearly": 2.76,
            "eps_growth_yearly": 50.32
        },
        "20101": {
            "year_quarter": 20101,
            "year": 2010,
            "quarter": 1,
            "eps": 0.43,
            "eps_growth_year": -15.69,
            "eps_4q": 3.61,
            "eps_4q_growth_year": 19.25,
            "roe": 1.52,
            "gross_profit": 76699,
            "gross_margin": 16.74,
            "net_income": 48285,
            "revenue": 458191,
            "common_shares": 1128000,
            "equity": 3191854,
            "current_ratio": 723.66,
            "debt_ratio": 18.83,
            "inventory_turnover_ratio": 3.3,
            "account_receivable_turnover_ratio": 0.81,
            "reinvestment_rate": 160.71,
            "research_to_sale_ratio": 0.11,
            "price_fair": 191.6,
            "eps_avg_yearly": 5.47,
            "eps_latest_yearly": 1.72,
            "eps_growth_yearly": 53.39
        },
        "20102": {
            "year_quarter": 20102,
            "year": 2010,
            "quarter": 2,
            "eps": 0.69,
            "eps_growth_year": -28.72,
            "eps_4q": 3.34,
            "eps_4q_growth_year": 22.96,
            "roe": 2.53,
            "gross_profit": 106117,
            "gross_margin": 23.48,
            "net_income": 77989,
            "revenue": 451992,
            "common_shares": 1128000,
            "equity": 2961463,
            "current_ratio": 440.63,
            "debt_ratio": 23.5,
            "inventory_turnover_ratio": 2.16,
            "account_receivable_turnover_ratio": 0.87,
            "reinvestment_rate": 148.87,
            "research_to_sale_ratio": 0.08,
            "price_fair": 177,
            "eps_avg_yearly": 5.06,
            "eps_latest_yearly": 2.76,
            "eps_growth_yearly": 57.45
        },
        "20103": {
            "year_quarter": 20103,
            "year": 2010,
            "quarter": 3,
            "eps": 0.35,
            "eps_growth_year": -77.41,
            "eps_4q": 2.16,
            "eps_4q_growth_year": -22.58,
            "roe": 1.32,
            "gross_profit": 87946,
            "gross_margin": 20.1,
            "net_income": 38986,
            "revenue": 437616,
            "common_shares": 1128000,
            "equity": 2937398,
            "current_ratio": 661.77,
            "debt_ratio": 13.36,
            "inventory_turnover_ratio": 2.67,
            "account_receivable_turnover_ratio": 0.9,
            "reinvestment_rate": 156.86,
            "research_to_sale_ratio": 0.08,
            "price_fair": 161.2,
            "eps_avg_yearly": 4.61,
            "eps_latest_yearly": 1.4,
            "eps_growth_yearly": 46.3
        },
        "20104": {
            "year_quarter": 20104,
            "year": 2010,
            "quarter": 4,
            "eps": 0.16,
            "eps_growth_year": -76.69,
            "eps_4q": 1.63,
            "eps_4q_growth_year": -56.05,
            "roe": 0.64,
            "gross_profit": 91080,
            "gross_margin": 20.27,
            "net_income": 18140,
            "revenue": 449255,
            "common_shares": 1128000,
            "equity": 2757325,
            "current_ratio": 552.56,
            "debt_ratio": 16.54,
            "inventory_turnover_ratio": 3.44,
            "account_receivable_turnover_ratio": 0.98,
            "reinvestment_rate": 110.04,
            "research_to_sale_ratio": 0.07,
            "price_fair": 150.5,
            "eps_avg_yearly": 4.3,
            "eps_latest_yearly": 0.64,
            "eps_growth_yearly": 41.15
        },
        "20111": {
            "year_quarter": 20111,
            "year": 2011,
            "quarter": 1,
            "eps": 0.42,
            "eps_growth_year": -2.33,
            "eps_4q": 1.63,
            "eps_4q_growth_year": -54.87,
            "roe": 1.67,
            "gross_profit": 98407,
            "gross_margin": 24.5,
            "net_income": 46743,
            "revenue": 401618,
            "common_shares": 1115000,
            "equity": 2835497,
            "current_ratio": 574.19,
            "debt_ratio": 15.95,
            "inventory_turnover_ratio": 2.2,
            "account_receivable_turnover_ratio": 0.87,
            "reinvestment_rate": 164.93,
            "research_to_sale_ratio": 0.06,
            "price_fair": 142.4,
            "eps_avg_yearly": 4.07,
            "eps_latest_yearly": 1.68,
            "eps_growth_yearly": 87.58
        },
        "20112": {
            "year_quarter": 20112,
            "year": 2011,
            "quarter": 2,
            "eps": 0.72,
            "eps_growth_year": 4.55,
            "eps_4q": 1.65,
            "eps_4q_growth_year": -50.47,
            "roe": 2.93,
            "gross_profit": 124928,
            "gross_margin": 29.09,
            "net_income": 80599,
            "revenue": 429428,
            "common_shares": 1115000,
            "equity": 2663765,
            "current_ratio": 618.4,
            "debt_ratio": 16.37,
            "inventory_turnover_ratio": 2.29,
            "account_receivable_turnover_ratio": 0.88,
            "reinvestment_rate": 154.95,
            "research_to_sale_ratio": 0.01,
            "price_fair": 141.9,
            "eps_avg_yearly": 4.05,
            "eps_latest_yearly": 2.88,
            "eps_growth_yearly": 118.67
        },
        "20113": {
            "year_quarter": 20113,
            "year": 2011,
            "quarter": 3,
            "eps": 1.16,
            "eps_growth_year": 236.71,
            "eps_4q": 2.47,
            "eps_4q_growth_year": 14.34,
            "roe": 4.62,
            "gross_profit": 131506,
            "gross_margin": 31.01,
            "net_income": 129757,
            "revenue": 424028,
            "common_shares": 1115000,
            "equity": 2958328,
            "current_ratio": 1107.15,
            "debt_ratio": 9.64,
            "inventory_turnover_ratio": 3.06,
            "account_receivable_turnover_ratio": 0.82,
            "reinvestment_rate": 178.34,
            "research_to_sale_ratio": 0,
            "price_fair": 128.9,
            "eps_avg_yearly": 3.68,
            "eps_latest_yearly": 4.64,
            "eps_growth_yearly": 73.42
        },
        "20114": {
            "year_quarter": 20114,
            "year": 2011,
            "quarter": 4,
            "eps": 0.35,
            "eps_growth_year": 114.96,
            "eps_4q": 2.65,
            "eps_4q_growth_year": 63.08,
            "roe": 1.3,
            "gross_profit": 100326,
            "gross_margin": 32.15,
            "net_income": 38544,
            "revenue": 312070,
            "common_shares": 1115000,
            "equity": 2988030,
            "current_ratio": 1176.12,
            "debt_ratio": 9.21,
            "inventory_turnover_ratio": 3.48,
            "account_receivable_turnover_ratio": 0.68,
            "reinvestment_rate": 136.5,
            "research_to_sale_ratio": -0,
            "price_fair": 114.2,
            "eps_avg_yearly": 3.26,
            "eps_latest_yearly": 1.4,
            "eps_growth_yearly": 60.9
        },
        "20121": {
            "year_quarter": 20121,
            "year": 2012,
            "quarter": 1,
            "eps": 0.29,
            "eps_growth_year": -30.95,
            "eps_4q": 2.52,
            "eps_4q_growth_year": 54.66,
            "roe": 1.09,
            "gross_profit": 43089,
            "gross_margin": 20.54,
            "net_income": 32358,
            "revenue": 209763,
            "common_shares": 1115000,
            "equity": 2952713,
            "current_ratio": 1048.3,
            "debt_ratio": 10.25,
            "inventory_turnover_ratio": 3.17,
            "account_receivable_turnover_ratio": 0.65,
            "reinvestment_rate": 151.63,
            "research_to_sale_ratio": 0,
            "price_fair": 103.6,
            "eps_avg_yearly": 2.96,
            "eps_latest_yearly": 1.16,
            "eps_growth_yearly": 63.38
        },
        "20122": {
            "year_quarter": 20122,
            "year": 2012,
            "quarter": 2,
            "eps": 0.39,
            "eps_growth_year": -45.99,
            "eps_4q": 2.22,
            "eps_4q_growth_year": 34.37,
            "roe": 1.5,
            "gross_profit": 48633,
            "gross_margin": 20.82,
            "net_income": 42750,
            "revenue": 233570,
            "common_shares": 1095000,
            "equity": 2745735,
            "current_ratio": 621.45,
            "debt_ratio": 15.14,
            "inventory_turnover_ratio": 2.72,
            "account_receivable_turnover_ratio": 0.9,
            "reinvestment_rate": 148.22,
            "research_to_sale_ratio": 0,
            "price_fair": 95.1,
            "eps_avg_yearly": 2.72,
            "eps_latest_yearly": 1.56,
            "eps_growth_yearly": 75.57
        },
        "20123": {
            "year_quarter": 20123,
            "year": 2012,
            "quarter": 3,
            "eps": 0.25,
            "eps_growth_year": -78.13,
            "eps_4q": 1.32,
            "eps_4q_growth_year": -46.58,
            "roe": 1,
            "gross_profit": 65787,
            "gross_margin": 21.69,
            "net_income": 27185,
            "revenue": 303360,
            "common_shares": 1068000,
            "equity": 2675059,
            "current_ratio": 1076.1,
            "debt_ratio": 9.52,
            "inventory_turnover_ratio": 3.59,
            "account_receivable_turnover_ratio": 0.99,
            "reinvestment_rate": 165.85,
            "research_to_sale_ratio": 0,
            "price_fair": 84,
            "eps_avg_yearly": 2.4,
            "eps_latest_yearly": 1,
            "eps_growth_yearly": 62.54
        },
        "20124": {
            "year_quarter": 20124,
            "year": 2012,
            "quarter": 4,
            "eps": 0.48,
            "eps_growth_year": 39.31,
            "eps_4q": 1.44,
            "eps_4q_growth_year": -45.72,
            "roe": 1.91,
            "gross_profit": 84306,
            "gross_margin": 27.53,
            "net_income": 51431,
            "revenue": 306238,
            "common_shares": 1068000,
            "equity": 2716042,
            "current_ratio": 1126.11,
            "debt_ratio": 9.57,
            "inventory_turnover_ratio": 4.02,
            "account_receivable_turnover_ratio": 0.85,
            "reinvestment_rate": 155.4,
            "research_to_sale_ratio": 0,
            "price_fair": 82.88,
            "eps_avg_yearly": 2.37,
            "eps_latest_yearly": 1.92,
            "eps_growth_yearly": 82.91
        },
        "20131": {
            "year_quarter": 20131,
            "year": 2013,
            "quarter": 1,
            "eps": 0.23,
            "eps_growth_year": -20.69,
            "eps_4q": 1.36,
            "eps_4q_growth_year": -46.02,
            "roe": 0.87,
            "gross_profit": 51562,
            "gross_margin": 25.01,
            "net_income": 24048,
            "revenue": 206130,
            "common_shares": 1068000,
            "equity": 2812870,
            "current_ratio": 1247.27,
            "debt_ratio": 8.82,
            "inventory_turnover_ratio": 2.97,
            "account_receivable_turnover_ratio": 0.61,
            "reinvestment_rate": -62.9,
            "research_to_sale_ratio": null,
            "price_fair": 79.71,
            "eps_avg_yearly": 2.28,
            "eps_latest_yearly": 0.92,
            "eps_growth_yearly": 64.71
        },
        "20132": {
            "year_quarter": 20132,
            "year": 2013,
            "quarter": 2,
            "eps": 0.19,
            "eps_growth_year": -51.34,
            "eps_4q": 1.15,
            "eps_4q_growth_year": -48.43,
            "roe": 0.71,
            "gross_profit": 27881,
            "gross_margin": 15.35,
            "net_income": 19772,
            "revenue": 181641,
            "common_shares": 1068000,
            "equity": 2731236,
            "current_ratio": 944.72,
            "debt_ratio": 10.85,
            "inventory_turnover_ratio": 3.06,
            "account_receivable_turnover_ratio": 0.7,
            "reinvestment_rate": -63.29,
            "research_to_sale_ratio": null,
            "price_fair": 72.89,
            "eps_avg_yearly": 2.08,
            "eps_latest_yearly": 0.76,
            "eps_growth_yearly": 37.81
        },
        "20133": {
            "year_quarter": 20133,
            "year": 2013,
            "quarter": 3,
            "eps": 0.23,
            "eps_growth_year": -9.64,
            "eps_4q": 1.14,
            "eps_4q_growth_year": -13.47,
            "roe": 0.9,
            "gross_profit": 41755,
            "gross_margin": 22.55,
            "net_income": 24340,
            "revenue": 185162,
            "common_shares": 1068000,
            "equity": 2686107,
            "current_ratio": 1593.58,
            "debt_ratio": 7.24,
            "inventory_turnover_ratio": 3.28,
            "account_receivable_turnover_ratio": 0.83,
            "reinvestment_rate": -71.54,
            "research_to_sale_ratio": null,
            "price_fair": 61.51,
            "eps_avg_yearly": 1.76,
            "eps_latest_yearly": 0.92,
            "eps_growth_yearly": 28.64
        },
        "20134": {
            "year_quarter": 20134,
            "year": 2013,
            "quarter": 4,
            "eps": 0.16,
            "eps_growth_year": -67.45,
            "eps_4q": 0.81,
            "eps_4q_growth_year": -43.92,
            "roe": 0.61,
            "gross_profit": 40070,
            "gross_margin": 21.36,
            "net_income": 16428,
            "revenue": 187601,
            "common_shares": 1048000,
            "equity": 2726154,
            "current_ratio": 1303.7,
            "debt_ratio": 7.97,
            "inventory_turnover_ratio": 3.51,
            "account_receivable_turnover_ratio": 0.83,
            "reinvestment_rate": -504.56,
            "research_to_sale_ratio": null,
            "price_fair": 56.88,
            "eps_avg_yearly": 1.63,
            "eps_latest_yearly": 0.64,
            "eps_growth_yearly": 34.76
        },
        "20141": {
            "year_quarter": 20141,
            "year": 2014,
            "quarter": 1,
            "eps": 0.16,
            "eps_growth_year": -30.43,
            "eps_4q": 0.74,
            "eps_4q_growth_year": -45.8,
            "roe": 0.61,
            "gross_profit": 31278,
            "gross_margin": 19.55,
            "net_income": 16803,
            "revenue": 159992,
            "common_shares": 1048000,
            "equity": 2784725,
            "current_ratio": 1651.89,
            "debt_ratio": 6.57,
            "inventory_turnover_ratio": 3.82,
            "account_receivable_turnover_ratio": 0.75,
            "reinvestment_rate": -531.07,
            "research_to_sale_ratio": null,
            "price_fair": 54.51,
            "eps_avg_yearly": 1.56,
            "eps_latest_yearly": 0.64,
            "eps_growth_yearly": 44.18
        },
        "20142": {
            "year_quarter": 20142,
            "year": 2014,
            "quarter": 2,
            "eps": 0.21,
            "eps_growth_year": 10.53,
            "eps_4q": 0.76,
            "eps_4q_growth_year": -33.5,
            "roe": 0.82,
            "gross_profit": 36225,
            "gross_margin": 23.97,
            "net_income": 22324,
            "revenue": 151134,
            "common_shares": 1048000,
            "equity": 2635600,
            "current_ratio": 1023.33,
            "debt_ratio": 10.06,
            "inventory_turnover_ratio": 3.84,
            "account_receivable_turnover_ratio": 0.8,
            "reinvestment_rate": -513.55,
            "research_to_sale_ratio": null,
            "price_fair": 50.31,
            "eps_avg_yearly": 1.44,
            "eps_latest_yearly": 0.84,
            "eps_growth_yearly": 36.87
        },
        "20143": {
            "year_quarter": 20143,
            "year": 2014,
            "quarter": 3,
            "eps": 0.19,
            "eps_growth_year": -17.39,
            "eps_4q": 0.73,
            "eps_4q_growth_year": -35.65,
            "roe": 0.74,
            "gross_profit": 29722,
            "gross_margin": 24.26,
            "net_income": 19534,
            "revenue": 122537,
            "common_shares": 1048000,
            "equity": 2646406,
            "current_ratio": 2044.98,
            "debt_ratio": 5.15,
            "inventory_turnover_ratio": 3.61,
            "account_receivable_turnover_ratio": 0.74,
            "reinvestment_rate": -512.46,
            "research_to_sale_ratio": null,
            "price_fair": 48.91,
            "eps_avg_yearly": 1.4,
            "eps_latest_yearly": 0.76,
            "eps_growth_yearly": 46.81
        },
        "20144": {
            "year_quarter": 20144,
            "year": 2014,
            "quarter": 4,
            "eps": 0.26,
            "eps_growth_year": 69.05,
            "eps_4q": 0.85,
            "eps_4q_growth_year": 5.51,
            "roe": 0.99,
            "gross_profit": 20167,
            "gross_margin": 22.49,
            "net_income": 26499,
            "revenue": 89686,
            "common_shares": 1020000,
            "equity": 2703743,
            "current_ratio": 2546.9,
            "debt_ratio": 5.1,
            "inventory_turnover_ratio": 3.15,
            "account_receivable_turnover_ratio": 0.65,
            "reinvestment_rate": -456.17,
            "research_to_sale_ratio": null,
            "price_fair": 49.79,
            "eps_avg_yearly": 1.42,
            "eps_latest_yearly": 1.04,
            "eps_growth_yearly": 69.59
        },
        "20151": {
            "year_quarter": 20151,
            "year": 2015,
            "quarter": 1,
            "eps": -0.06,
            "eps_growth_year": -137.5,
            "eps_4q": 0.62,
            "eps_4q_growth_year": -16.1,
            "roe": -0.24,
            "gross_profit": -8467,
            "gross_margin": -21,
            "net_income": -6438,
            "revenue": 40318,
            "common_shares": 1000000,
            "equity": 2673748,
            "current_ratio": 3598.53,
            "debt_ratio": 3.93,
            "inventory_turnover_ratio": 2.96,
            "account_receivable_turnover_ratio": 0.44,
            "reinvestment_rate": -518.61,
            "research_to_sale_ratio": null,
            "price_fair": 49.19,
            "eps_avg_yearly": 1.41,
            "eps_latest_yearly": 1.04,
            "eps_growth_yearly": 30.9
        },
        "20152": {
            "year_quarter": 20152,
            "year": 2015,
            "quarter": 2,
            "eps": -0.16,
            "eps_growth_year": -176.19,
            "eps_4q": 0.24,
            "eps_4q_growth_year": -69,
            "roe": -0.61,
            "gross_profit": -16848,
            "gross_margin": -47.96,
            "net_income": -15965,
            "revenue": 35129,
            "common_shares": 1000000,
            "equity": 2559948,
            "current_ratio": 1995.41,
            "debt_ratio": 5.92,
            "inventory_turnover_ratio": 5.51,
            "account_receivable_turnover_ratio": 0.63,
            "reinvestment_rate": -587.28,
            "research_to_sale_ratio": null,
            "price_fair": 29.51,
            "eps_avg_yearly": 1.3,
            "eps_latest_yearly": 1.04,
            "eps_growth_yearly": 12.7
        },
        "20153": {
            "year_quarter": 20153,
            "year": 2015,
            "quarter": 3,
            "eps": -0.2,
            "eps_growth_year": -205.26,
            "eps_4q": -0.17,
            "eps_4q_growth_year": -123.49,
            "roe": -0.72,
            "gross_profit": -7638,
            "gross_margin": -8.17,
            "net_income": -17895,
            "revenue": 93524,
            "common_shares": 800000,
            "equity": 2421156,
            "current_ratio": 796.34,
            "debt_ratio": 12.86,
            "inventory_turnover_ratio": 6.12,
            "account_receivable_turnover_ratio": 1.13,
            "reinvestment_rate": -885.96,
            "research_to_sale_ratio": null,
            "price_fair": 3.13,
            "eps_avg_yearly": 1.04,
            "eps_latest_yearly": 1.04,
            "eps_growth_yearly": -5.13
        },
        "20154": {
            "year_quarter": 20154,
            "year": 2015,
            "quarter": 4,
            "eps": -0.17,
            "eps_growth_year": -162.72,
            "eps_4q": -0.67,
            "eps_4q_growth_year": -178.67,
            "roe": -0.55,
            "gross_profit": -8386,
            "gross_margin": -6.17,
            "net_income": -13296,
            "revenue": 135966,
            "common_shares": 800000,
            "equity": 2390138,
            "current_ratio": 1427.08,
            "debt_ratio": 7.69,
            "inventory_turnover_ratio": 4.31,
            "account_receivable_turnover_ratio": 0.97,
            "reinvestment_rate": -987.08,
            "research_to_sale_ratio": null,
            "price_fair": 28.09,
            "eps_avg_yearly": 1.01,
            "eps_latest_yearly": 1.04,
            "eps_growth_yearly": 17.72
        },
        "20161": {
            "year_quarter": 20161,
            "year": 2016,
            "quarter": 1,
            "eps": -0.3,
            "eps_growth_year": null,
            "eps_4q": -0.89,
            "eps_4q_growth_year": -243.91,
            "roe": -1.02,
            "gross_profit": -419,
            "gross_margin": -0.33,
            "net_income": -24128,
            "revenue": 127979,
            "common_shares": 800000,
            "equity": 2336479,
            "current_ratio": 1449.23,
            "debt_ratio": 7.5,
            "inventory_turnover_ratio": 3.02,
            "account_receivable_turnover_ratio": 0.73,
            "reinvestment_rate": -1221.31,
            "research_to_sale_ratio": null,
            "price_fair": 35,
            "eps_avg_yearly": 1,
            "eps_latest_yearly": 1.04,
            "eps_growth_yearly": 25.56
        },
        "20162": {
            "year_quarter": 20162,
            "year": 2016,
            "quarter": 2,
            "eps": -0.33,
            "eps_growth_year": null,
            "eps_4q": -1.02,
            "eps_4q_growth_year": -533.09,
            "roe": -1.16,
            "gross_profit": -26579,
            "gross_margin": -26.94,
            "net_income": -26553,
            "revenue": 98645,
            "common_shares": 800000,
            "equity": 2237245,
            "current_ratio": 1279.25,
            "debt_ratio": 8.37,
            "inventory_turnover_ratio": 3.41,
            "account_receivable_turnover_ratio": 0.62,
            "reinvestment_rate": -1668.46,
            "research_to_sale_ratio": null,
            "price_fair": 22.96,
            "eps_avg_yearly": 0.94,
            "eps_latest_yearly": 1.04,
            "eps_growth_yearly": 14.33
        },
        "20163": {
            "year_quarter": 20163,
            "year": 2016,
            "quarter": 3,
            "eps": -0.99,
            "eps_growth_year": null,
            "eps_4q": -1.81,
            "eps_4q_growth_year": null,
            "roe": -3.64,
            "gross_profit": -42409,
            "gross_margin": -39.77,
            "net_income": -78740,
            "revenue": 106633,
            "common_shares": 800000,
            "equity": 2088198,
            "current_ratio": 1253.92,
            "debt_ratio": 7.86,
            "inventory_turnover_ratio": 3.24,
            "account_receivable_turnover_ratio": 0.75,
            "reinvestment_rate": -6129.6,
            "research_to_sale_ratio": null,
            "price_fair": 32.82,
            "eps_avg_yearly": 0.94,
            "eps_latest_yearly": 1.04,
            "eps_growth_yearly": 31.87
        },
        "20164": {
            "year_quarter": 20164,
            "year": 2016,
            "quarter": 4,
            "eps": 0.32,
            "eps_growth_year": null,
            "eps_4q": -1.34,
            "eps_4q_growth_year": null,
            "roe": 1.19,
            "gross_profit": 14872,
            "gross_margin": 7.25,
            "net_income": 25039,
            "revenue": 205172,
            "common_shares": 780000,
            "equity": 2119911,
            "current_ratio": 1285.45,
            "debt_ratio": 7.7,
            "inventory_turnover_ratio": 2.9,
            "account_receivable_turnover_ratio": 1.04,
            "reinvestment_rate": -19869.86,
            "research_to_sale_ratio": null,
            "price_fair": 2.45,
            "eps_avg_yearly": 0.82,
            "eps_latest_yearly": 1.04,
            "eps_growth_yearly": -10.14
        },
        "20171": {
            "year_quarter": 20171,
            "year": 2017,
            "quarter": 1,
            "eps": -0.13,
            "eps_growth_year": null,
            "eps_4q": -1.16,
            "eps_4q_growth_year": null,
            "roe": -0.5,
            "gross_profit": 13238,
            "gross_margin": 6.81,
            "net_income": -10374,
            "revenue": 194290,
            "common_shares": 780000,
            "equity": 2010597,
            "current_ratio": 1098.54,
            "debt_ratio": 8.19,
            "inventory_turnover_ratio": 2.06,
            "account_receivable_turnover_ratio": 0.76,
            "reinvestment_rate": null,
            "research_to_sale_ratio": null,
            "price_fair": 22.53,
            "eps_avg_yearly": 0.8,
            "eps_latest_yearly": 1.04,
            "eps_growth_yearly": 18.17
        },
        "20172": {
            "year_quarter": 20172,
            "year": 2017,
            "quarter": 2,
            "eps": -0.27,
            "eps_growth_year": null,
            "eps_4q": -1.09,
            "eps_4q_growth_year": null,
            "roe": -1.07,
            "gross_profit": -6784,
            "gross_margin": -3.85,
            "net_income": -21236,
            "revenue": 176089,
            "common_shares": 780000,
            "equity": 1947982,
            "current_ratio": 840.96,
            "debt_ratio": 10.4,
            "inventory_turnover_ratio": 1.93,
            "account_receivable_turnover_ratio": 0.68,
            "reinvestment_rate": null,
            "research_to_sale_ratio": null,
            "price_fair": 28.23,
            "eps_avg_yearly": 0.81,
            "eps_latest_yearly": 1.04,
            "eps_growth_yearly": 32.79
        },
        "20173": {
            "year_quarter": 20173,
            "year": 2017,
            "quarter": 3,
            "eps": -0.1,
            "eps_growth_year": null,
            "eps_4q": -0.19,
            "eps_4q_growth_year": null,
            "roe": -0.42,
            "gross_profit": 7969,
            "gross_margin": 3.31,
            "net_income": -8106,
            "revenue": 240526,
            "common_shares": 780000,
            "equity": 1944332,
            "current_ratio": 802.2,
            "debt_ratio": 10.66,
            "inventory_turnover_ratio": 2.33,
            "account_receivable_turnover_ratio": 0.88,
            "reinvestment_rate": null,
            "research_to_sale_ratio": null,
            "price_fair": 25.49,
            "eps_avg_yearly": 0.78,
            "eps_latest_yearly": 1.04,
            "eps_growth_yearly": 22.51
        },
        "20174": {
            "year_quarter": 20174,
            "year": 2017,
            "quarter": 4,
            "eps": -0.06,
            "eps_growth_year": -117.25,
            "eps_4q": -0.56,
            "eps_4q_growth_year": null,
            "roe": -0.22,
            "gross_profit": 16260,
            "gross_margin": 5.97,
            "net_income": -4320,
            "revenue": 272143,
            "common_shares": 780000,
            "equity": 1921708,
            "current_ratio": 731.36,
            "debt_ratio": 11.46,
            "inventory_turnover_ratio": 2.21,
            "account_receivable_turnover_ratio": 0.82,
            "reinvestment_rate": null,
            "research_to_sale_ratio": null,
            "price_fair": 28.7,
            "eps_avg_yearly": 0.82,
            "eps_latest_yearly": 1.04,
            "eps_growth_yearly": 58.57
        },
        "20181": {
            "year_quarter": 20181,
            "year": 2018,
            "quarter": 1,
            "eps": -0.22,
            "eps_growth_year": null,
            "eps_4q": -0.65,
            "eps_4q_growth_year": null,
            "roe": -0.9,
            "gross_profit": -1430,
            "gross_margin": -0.61,
            "net_income": -17169,
            "revenue": 233729,
            "common_shares": 780000,
            "equity": 1892319,
            "current_ratio": 774.98,
            "debt_ratio": 10.38,
            "inventory_turnover_ratio": 2.22,
            "account_receivable_turnover_ratio": 0.69,
            "reinvestment_rate": null,
            "research_to_sale_ratio": null,
            "price_fair": 30.8,
            "eps_avg_yearly": 0.88,
            "eps_latest_yearly": 1.04,
            "eps_growth_yearly": 78.09
        },
        "20182": {
            "year_quarter": 20182,
            "year": 2018,
            "quarter": 2,
            "eps": 0.14,
            "eps_growth_year": null,
            "eps_4q": -0.24,
            "eps_4q_growth_year": null,
            "roe": 0.6,
            "gross_profit": 29404,
            "gross_margin": 8.68,
            "net_income": 11262,
            "revenue": 338771,
            "common_shares": 780000,
            "equity": 1888116,
            "current_ratio": 463.55,
            "debt_ratio": 17.12,
            "inventory_turnover_ratio": 2.83,
            "account_receivable_turnover_ratio": 0.96,
            "reinvestment_rate": null,
            "research_to_sale_ratio": null,
            "price_fair": 31.5,
            "eps_avg_yearly": 0.9,
            "eps_latest_yearly": 1.04,
            "eps_growth_yearly": 54.64
        },
        "20183": {
            "year_quarter": 20183,
            "year": 2018,
            "quarter": 3,
            "eps": 0.39,
            "eps_growth_year": null,
            "eps_4q": 0.26,
            "eps_4q_growth_year": null,
            "roe": 1.62,
            "gross_profit": 44855,
            "gross_margin": 13.34,
            "net_income": 30566,
            "revenue": 336284,
            "common_shares": 780000,
            "equity": 1895661,
            "current_ratio": 558.18,
            "debt_ratio": 14.34,
            "inventory_turnover_ratio": 2.22,
            "account_receivable_turnover_ratio": 0.88,
            "reinvestment_rate": null,
            "research_to_sale_ratio": null,
            "price_fair": 45.5,
            "eps_avg_yearly": 1.3,
            "eps_latest_yearly": 1.56,
            "eps_growth_yearly": 430.83
        },
        "20184": {
            "year_quarter": 20184,
            "year": 2018,
            "quarter": 4,
            "eps": 0.49,
            "eps_growth_year": null,
            "eps_4q": 0.81,
            "eps_4q_growth_year": null,
            "roe": 1.99,
            "gross_profit": 55061,
            "gross_margin": 15.44,
            "net_income": 38139,
            "revenue": 356512,
            "common_shares": 780000,
            "equity": 1946557,
            "current_ratio": 735.5,
            "debt_ratio": 11.53,
            "inventory_turnover_ratio": 2.56,
            "account_receivable_turnover_ratio": 0.9,
            "reinvestment_rate": null,
            "research_to_sale_ratio": null,
            "price_fair": 61.6,
            "eps_avg_yearly": 1.76,
            "eps_latest_yearly": 1.96,
            "eps_growth_yearly": 408.42
        },
        "20191": {
            "year_quarter": 20191,
            "year": 2019,
            "quarter": 1,
            "eps": 0.23,
            "eps_growth_year": null,
            "eps_4q": 1.26,
            "eps_4q_growth_year": null,
            "roe": 0.93,
            "gross_profit": 41381,
            "gross_margin": 12.52,
            "net_income": 18190,
            "revenue": 330446,
            "common_shares": 780000,
            "equity": 1984939,
            "current_ratio": 727.88,
            "debt_ratio": 11.98,
            "inventory_turnover_ratio": 2.98,
            "account_receivable_turnover_ratio": 0.78,
            "reinvestment_rate": null,
            "research_to_sale_ratio": null,
            "price_fair": 51.8,
            "eps_avg_yearly": 1.48,
            "eps_latest_yearly": 0.92,
            "eps_growth_yearly": 201.53
        },
        "20192": {
            "year_quarter": 20192,
            "year": 2019,
            "quarter": 2,
            "eps": 0.49,
            "eps_growth_year": 250,
            "eps_4q": 1.6,
            "eps_4q_growth_year": null,
            "roe": 1.92,
            "gross_profit": 68910,
            "gross_margin": 17.59,
            "net_income": 37887,
            "revenue": 391808,
            "common_shares": 780000,
            "equity": 1962203,
            "current_ratio": 481.47,
            "debt_ratio": 17.93,
            "inventory_turnover_ratio": 2.59,
            "account_receivable_turnover_ratio": 0.89,
            "reinvestment_rate": null,
            "research_to_sale_ratio": null,
            "price_fair": 56,
            "eps_avg_yearly": 1.6,
            "eps_latest_yearly": 1.96,
            "eps_growth_yearly": 264.19
        },
        "20193": {
            "year_quarter": 20193,
            "year": 2019,
            "quarter": 3,
            "eps": 0.6,
            "eps_growth_year": 53.85,
            "eps_4q": 2.24,
            "eps_4q_growth_year": 760.31,
            "roe": 2.15,
            "gross_profit": 71165,
            "gross_margin": 17.55,
            "net_income": 40382,
            "revenue": 405552,
            "common_shares": 600000,
            "equity": 1798383,
            "current_ratio": 401.99,
            "debt_ratio": 21.66,
            "inventory_turnover_ratio": 2.54,
            "account_receivable_turnover_ratio": 0.86,
            "reinvestment_rate": null,
            "research_to_sale_ratio": null,
            "price_fair": 61.6,
            "eps_avg_yearly": 1.76,
            "eps_latest_yearly": 2.4,
            "eps_growth_yearly": 229.31
        },
        "20194": {
            "year_quarter": 20194,
            "year": 2019,
            "quarter": 4,
            "eps": 0.4,
            "eps_growth_year": -18.93,
            "eps_4q": 2,
            "eps_4q_growth_year": 148.92,
            "roe": 1.33,
            "gross_profit": 80292,
            "gross_margin": 19.89,
            "net_income": 23784,
            "revenue": 403581,
            "common_shares": 600000,
            "equity": 1773039,
            "current_ratio": 548.9,
            "debt_ratio": 15.33,
            "inventory_turnover_ratio": 3.32,
            "account_receivable_turnover_ratio": 0.8,
            "reinvestment_rate": 505.03,
            "research_to_sale_ratio": null,
            "price_fair": 60.67,
            "eps_avg_yearly": 1.73,
            "eps_latest_yearly": 1.6,
            "eps_growth_yearly": 168.87
        },
        "20201": {
            "year_quarter": 20201,
            "year": 2020,
            "quarter": 1,
            "eps": 0.27,
            "eps_growth_year": 17.39,
            "eps_4q": 1.97,
            "eps_4q_growth_year": 56.81,
            "roe": 0.92,
            "gross_profit": 31105,
            "gross_margin": 12.48,
            "net_income": 16349,
            "revenue": 249241,
            "common_shares": 600000,
            "equity": 1790005,
            "current_ratio": 650.19,
            "debt_ratio": 13.48,
            "inventory_turnover_ratio": 2.13,
            "account_receivable_turnover_ratio": 0.55,
            "reinvestment_rate": 210.31,
            "research_to_sale_ratio": null,
            "price_fair": 57.4,
            "eps_avg_yearly": 1.64,
            "eps_latest_yearly": 1.08,
            "eps_growth_yearly": 126.18
        },
        "20202": {
            "year_quarter": 20202,
            "year": 2020,
            "quarter": 2,
            "eps": 0.86,
            "eps_growth_year": 75.51,
            "eps_4q": 2.21,
            "eps_4q_growth_year": 37.89,
            "roe": 2.93,
            "gross_profit": 93480,
            "gross_margin": 22.55,
            "net_income": 51841,
            "revenue": 414482,
            "common_shares": 600000,
            "equity": 1743379,
            "current_ratio": 412.67,
            "debt_ratio": 20.47,
            "inventory_turnover_ratio": 2.66,
            "account_receivable_turnover_ratio": 0.93,
            "reinvestment_rate": 86.2,
            "research_to_sale_ratio": null,
            "price_fair": 65.28,
            "eps_avg_yearly": 1.87,
            "eps_latest_yearly": 3.44,
            "eps_growth_yearly": 219.66
        },
        "20203": {
            "year_quarter": 20203,
            "year": 2020,
            "quarter": 3,
            "eps": 0.77,
            "eps_growth_year": 28.33,
            "eps_4q": 2.31,
            "eps_4q_growth_year": 2.87,
            "roe": 2.63,
            "gross_profit": 100898,
            "gross_margin": 22.6,
            "net_income": 46489,
            "revenue": 446407,
            "common_shares": 600000,
            "equity": 1793994,
            "current_ratio": 397.43,
            "debt_ratio": 19.52,
            "inventory_turnover_ratio": 2.47,
            "account_receivable_turnover_ratio": 0.85,
            "reinvestment_rate": 32.48,
            "research_to_sale_ratio": null,
            "price_fair": 70,
            "eps_avg_yearly": 2,
            "eps_latest_yearly": 3.08,
            "eps_growth_yearly": 190.61
        },
        "20204": {
            "year_quarter": 20204,
            "year": 2020,
            "quarter": 4,
            "eps": 0.49,
            "eps_growth_year": 22.39,
            "eps_4q": 2.4,
            "eps_4q_growth_year": 19.58,
            "roe": 1.61,
            "gross_profit": 79247,
            "gross_margin": 19.8,
            "net_income": 29109,
            "revenue": 400322,
            "common_shares": 600000,
            "equity": 1829503,
            "current_ratio": 491.15,
            "debt_ratio": 18.26,
            "inventory_turnover_ratio": 1.84,
            "account_receivable_turnover_ratio": 0.77,
            "reinvestment_rate": 31.72,
            "research_to_sale_ratio": null,
            "price_fair": 69.86,
            "eps_avg_yearly": 2,
            "eps_latest_yearly": 1.96,
            "eps_growth_yearly": 157
        },
        "20211": {
            "year_quarter": 20211,
            "year": 2021,
            "quarter": 1,
            "eps": 0.12,
            "eps_growth_year": -55.56,
            "eps_4q": 2.25,
            "eps_4q_growth_year": 13.78,
            "roe": 0.4,
            "gross_profit": 23018,
            "gross_margin": 6.82,
            "net_income": 7278,
            "revenue": 337319,
            "common_shares": 600000,
            "equity": 1833316,
            "current_ratio": 365.18,
            "debt_ratio": 23.27,
            "inventory_turnover_ratio": 1.2,
            "account_receivable_turnover_ratio": 0.71,
            "reinvestment_rate": 22.71,
            "research_to_sale_ratio": null,
            "price_fair": 65.04,
            "eps_avg_yearly": 1.86,
            "eps_latest_yearly": 0.48,
            "eps_growth_yearly": 115.27
        },
        "20212": {
            "year_quarter": 20212,
            "year": 2021,
            "quarter": 2,
            "eps": 0.24,
            "eps_growth_year": -72.09,
            "eps_4q": 1.62,
            "eps_4q_growth_year": -26.53,
            "roe": 0.79,
            "gross_profit": 39914,
            "gross_margin": 9.1,
            "net_income": 14372,
            "revenue": 438454,
            "common_shares": 600000,
            "equity": 1826333,
            "current_ratio": 454.71,
            "debt_ratio": 19.38,
            "inventory_turnover_ratio": 1.19,
            "account_receivable_turnover_ratio": 0.94,
            "reinvestment_rate": 15.95,
            "research_to_sale_ratio": null,
            "price_fair": 62.42,
            "eps_avg_yearly": 1.78,
            "eps_latest_yearly": 0.96,
            "eps_growth_yearly": 139
        },
        "20213": {
            "year_quarter": 20213,
            "year": 2021,
            "quarter": 3,
            "eps": 0.05,
            "eps_growth_year": -93.51,
            "eps_4q": 0.9,
            "eps_4q_growth_year": -61.13,
            "roe": 0.17,
            "gross_profit": 20854,
            "gross_margin": 5.45,
            "net_income": 3067,
            "revenue": 382409,
            "common_shares": 600000,
            "equity": 1735424,
            "current_ratio": 389.26,
            "debt_ratio": 21.73,
            "inventory_turnover_ratio": 0.99,
            "account_receivable_turnover_ratio": 0.8,
            "reinvestment_rate": 13.17,
            "research_to_sale_ratio": null,
            "price_fair": 58.15,
            "eps_avg_yearly": 1.66,
            "eps_latest_yearly": 0.2,
            "eps_growth_yearly": 103.95
        },
        "20214": {
            "year_quarter": 20214,
            "year": 2021,
            "quarter": 4,
            "eps": -0.15,
            "eps_growth_year": -130.57,
            "eps_4q": 0.26,
            "eps_4q_growth_year": -89,
            "roe": -0.51,
            "gross_profit": 18256,
            "gross_margin": 4.2,
            "net_income": -8900,
            "revenue": 434381,
            "common_shares": 600000,
            "equity": 1732835,
            "current_ratio": 448.19,
            "debt_ratio": 19.54,
            "inventory_turnover_ratio": 1.18,
            "account_receivable_turnover_ratio": 0.89,
            "reinvestment_rate": 14.27,
            "research_to_sale_ratio": null,
            "price_fair": 58.15,
            "eps_avg_yearly": 1.66,
            "eps_latest_yearly": 0.2,
            "eps_growth_yearly": 103.95
        },
        "20221": {
            "year_quarter": 20221,
            "year": 2022,
            "quarter": 1,
            "eps": -0.35,
            "eps_growth_year": -391.67,
            "eps_4q": -0.2,
            "eps_4q_growth_year": -109.06,
            "roe": -1.19,
            "gross_profit": -8213,
            "gross_margin": -2.86,
            "net_income": -20744,
            "revenue": 287028,
            "common_shares": 600000,
            "equity": 1766847,
            "current_ratio": 521.47,
            "debt_ratio": 17.12,
            "inventory_turnover_ratio": 1,
            "account_receivable_turnover_ratio": 0.66,
            "reinvestment_rate": -2.27,
            "research_to_sale_ratio": null,
            "price_fair": 58.15,
            "eps_avg_yearly": 1.66,
            "eps_latest_yearly": 0.2,
            "eps_growth_yearly": 103.95
        },
        "20222": {
            "year_quarter": 20222,
            "year": 2022,
            "quarter": 2,
            "eps": -0.07,
            "eps_growth_year": -129.17,
            "eps_4q": -0.52,
            "eps_4q_growth_year": -131.88,
            "roe": -0.25,
            "gross_profit": -205,
            "gross_margin": -0.06,
            "net_income": -4429,
            "revenue": 332098,
            "common_shares": 600000,
            "equity": 1757331,
            "current_ratio": 616.54,
            "debt_ratio": 15.04,
            "inventory_turnover_ratio": 1.39,
            "account_receivable_turnover_ratio": 0.88,
            "reinvestment_rate": -18.12,
            "research_to_sale_ratio": null,
            "price_fair": 58.15,
            "eps_avg_yearly": 1.66,
            "eps_latest_yearly": 0.2,
            "eps_growth_yearly": 103.95
        },
        "20223": {
            "year_quarter": 20223,
            "year": 2022,
            "quarter": 3,
            "eps": 0.55,
            "eps_growth_year": 1000,
            "eps_4q": -0.1,
            "eps_4q_growth_year": -111.1,
            "roe": 1.69,
            "gross_profit": 15702,
            "gross_margin": 5.4,
            "net_income": 29295,
            "revenue": 290958,
            "common_shares": 480000,
            "equity": 1710142,
            "current_ratio": 441.71,
            "debt_ratio": 19.5,
            "inventory_turnover_ratio": 1.72,
            "account_receivable_turnover_ratio": 0.78,
            "reinvestment_rate": -29.92,
            "research_to_sale_ratio": null,
            "price_fair": 58.45,
            "eps_avg_yearly": 1.67,
            "eps_latest_yearly": 0.2,
            "eps_growth_yearly": 53.08
        },
        "20224": {
            "year_quarter": 20224,
            "year": 2022,
            "quarter": 4,
            "eps": 0.06,
            "eps_growth_year": null,
            "eps_4q": 0.14,
            "eps_4q_growth_year": -45.79,
            "roe": 0.16,
            "gross_profit": 41207,
            "gross_margin": 13.37,
            "net_income": 2738,
            "revenue": 308241,
            "common_shares": 480000,
            "equity": 1688105,
            "current_ratio": 552.12,
            "debt_ratio": 16.69,
            "inventory_turnover_ratio": 2.33,
            "account_receivable_turnover_ratio": 0.79,
            "reinvestment_rate": -37.32,
            "research_to_sale_ratio": null,
            "price_fair": 37.92,
            "eps_avg_yearly": 1.53,
            "eps_latest_yearly": 0.24,
            "eps_growth_yearly": 14.84
        },
        "20231": {
            "year_quarter": 20231,
            "year": 2023,
            "quarter": 1,
            "eps": 0.53,
            "eps_growth_year": null,
            "eps_4q": 1.11,
            "eps_4q_growth_year": null,
            "roe": 1.5,
            "gross_profit": 52469,
            "gross_margin": 16.33,
            "net_income": 25457,
            "revenue": 321245,
            "common_shares": 480000,
            "equity": 1713623,
            "current_ratio": 539,
            "debt_ratio": 17.34,
            "inventory_turnover_ratio": 2.47,
            "account_receivable_turnover_ratio": 0.8,
            "reinvestment_rate": -39.78,
            "research_to_sale_ratio": null,
            "price_fair": 56.93,
            "eps_avg_yearly": 1.63,
            "eps_latest_yearly": 2.12,
            "eps_growth_yearly": 293.64
        }
    },
    "months": {
        "2002-12": {
            "month": "2002-12",
            "price": "33.73",
            "revenue": 103476
        },
        "2003-01": {
            "month": "2003-01",
            "price": "29.90",
            "revenue": 118166
        },
        "2003-02": {
            "month": "2003-02",
            "price": "26.69",
            "revenue": 131032
        },
        "2003-03": {
            "month": "2003-03",
            "price": "23.13",
            "revenue": 134525
        },
        "2003-04": {
            "month": "2003-04",
            "price": "23.50",
            "revenue": 116547
        },
        "2003-05": {
            "month": "2003-05",
            "price": "22.85",
            "revenue": 100962
        },
        "2003-06": {
            "month": "2003-06",
            "price": "23.78",
            "revenue": 92789
        },
        "2003-07": {
            "month": "2003-07",
            "price": "24.01",
            "revenue": 123981
        },
        "2003-08": {
            "month": "2003-08",
            "price": "25.72",
            "revenue": 136295
        },
        "2003-09": {
            "month": "2003-09",
            "price": "25.20",
            "revenue": 142756
        },
        "2003-10": {
            "month": "2003-10",
            "price": "25.15",
            "revenue": 155603
        },
        "2003-11": {
            "month": "2003-11",
            "price": "36.54",
            "revenue": 144350
        },
        "2003-12": {
            "month": "2003-12",
            "price": "46.65",
            "revenue": 107098
        },
        "2004-01": {
            "month": "2004-01",
            "price": "49.49",
            "revenue": 93821
        },
        "2004-02": {
            "month": "2004-02",
            "price": "59.52",
            "revenue": 125556
        },
        "2004-03": {
            "month": "2004-03",
            "price": "55.89",
            "revenue": 126316
        },
        "2004-04": {
            "month": "2004-04",
            "price": "54.34",
            "revenue": 100297
        },
        "2004-05": {
            "month": "2004-05",
            "price": "50.73",
            "revenue": 124882
        },
        "2004-06": {
            "month": "2004-06",
            "price": "46.70",
            "revenue": 138670
        },
        "2004-07": {
            "month": "2004-07",
            "price": "31.95",
            "revenue": 147891
        },
        "2004-08": {
            "month": "2004-08",
            "price": "37.84",
            "revenue": 150718
        },
        "2004-09": {
            "month": "2004-09",
            "price": "40.00",
            "revenue": 156658
        },
        "2004-10": {
            "month": "2004-10",
            "price": "39.00",
            "revenue": 168590
        },
        "2004-11": {
            "month": "2004-11",
            "price": "39.27",
            "revenue": 149592
        },
        "2004-12": {
            "month": "2004-12",
            "price": "37.54",
            "revenue": 135013
        },
        "2005-01": {
            "month": "2005-01",
            "price": "37.25",
            "revenue": 136060
        },
        "2005-02": {
            "month": "2005-02",
            "price": "45.22",
            "revenue": 114431
        },
        "2005-03": {
            "month": "2005-03",
            "price": "61.53",
            "revenue": 150325
        },
        "2005-04": {
            "month": "2005-04",
            "price": "62.64",
            "revenue": 114059
        },
        "2005-05": {
            "month": "2005-05",
            "price": "59.84",
            "revenue": 112067
        },
        "2005-06": {
            "month": "2005-06",
            "price": "65.04",
            "revenue": 95688
        },
        "2005-07": {
            "month": "2005-07",
            "price": "80.58",
            "revenue": 101601
        },
        "2005-08": {
            "month": "2005-08",
            "price": "80.06",
            "revenue": 126151
        },
        "2005-09": {
            "month": "2005-09",
            "price": "71.08",
            "revenue": 111441
        },
        "2005-10": {
            "month": "2005-10",
            "price": "72.54",
            "revenue": 99967
        },
        "2005-11": {
            "month": "2005-11",
            "price": "72.84",
            "revenue": 97617
        },
        "2005-12": {
            "month": "2005-12",
            "price": "80.38",
            "revenue": 83126
        },
        "2006-01": {
            "month": "2006-01",
            "price": "79.24",
            "revenue": 79793
        },
        "2006-02": {
            "month": "2006-02",
            "price": "70.60",
            "revenue": 72685
        },
        "2006-03": {
            "month": "2006-03",
            "price": "67.12",
            "revenue": 59966
        },
        "2006-04": {
            "month": "2006-04",
            "price": "72.11",
            "revenue": 60445
        },
        "2006-05": {
            "month": "2006-05",
            "price": "65.53",
            "revenue": 61538
        },
        "2006-06": {
            "month": "2006-06",
            "price": "64.00",
            "revenue": 77807
        },
        "2006-07": {
            "month": "2006-07",
            "price": "67.40",
            "revenue": 80198
        },
        "2006-08": {
            "month": "2006-08",
            "price": "67.03",
            "revenue": 112848
        },
        "2006-09": {
            "month": "2006-09",
            "price": "62.71",
            "revenue": 142853
        },
        "2006-10": {
            "month": "2006-10",
            "price": "62.08",
            "revenue": 126597
        },
        "2006-11": {
            "month": "2006-11",
            "price": "61.06",
            "revenue": 54893
        },
        "2006-12": {
            "month": "2006-12",
            "price": "61.91",
            "revenue": 91163
        },
        "2007-01": {
            "month": "2007-01",
            "price": "67.41",
            "revenue": 76300
        },
        "2007-02": {
            "month": "2007-02",
            "price": "66.66",
            "revenue": 78942
        },
        "2007-03": {
            "month": "2007-03",
            "price": "67.50",
            "revenue": 85981
        },
        "2007-04": {
            "month": "2007-04",
            "price": "68.81",
            "revenue": 84298
        },
        "2007-05": {
            "month": "2007-05",
            "price": "65.71",
            "revenue": 102900
        },
        "2007-06": {
            "month": "2007-06",
            "price": "67.98",
            "revenue": 91414
        },
        "2007-07": {
            "month": "2007-07",
            "price": "71.23",
            "revenue": 78262
        },
        "2007-08": {
            "month": "2007-08",
            "price": "63.87",
            "revenue": 94527
        },
        "2007-09": {
            "month": "2007-09",
            "price": "56.05",
            "revenue": 116854
        },
        "2007-10": {
            "month": "2007-10",
            "price": "57.57",
            "revenue": 107474
        },
        "2007-11": {
            "month": "2007-11",
            "price": "54.25",
            "revenue": 74699
        },
        "2007-12": {
            "month": "2007-12",
            "price": "44.64",
            "revenue": 71692
        },
        "2008-01": {
            "month": "2008-01",
            "price": "38.86",
            "revenue": 79755
        },
        "2008-02": {
            "month": "2008-02",
            "price": "38.54",
            "revenue": 68473
        },
        "2008-03": {
            "month": "2008-03",
            "price": "39.47",
            "revenue": 94184
        },
        "2008-04": {
            "month": "2008-04",
            "price": "45.34",
            "revenue": 80469
        },
        "2008-05": {
            "month": "2008-05",
            "price": "48.07",
            "revenue": 61102
        },
        "2008-06": {
            "month": "2008-06",
            "price": "43.78",
            "revenue": 66269
        },
        "2008-07": {
            "month": "2008-07",
            "price": "41.01",
            "revenue": 92442
        },
        "2008-08": {
            "month": "2008-08",
            "price": "39.64",
            "revenue": 84950
        },
        "2008-09": {
            "month": "2008-09",
            "price": "35.18",
            "revenue": 84815
        },
        "2008-10": {
            "month": "2008-10",
            "price": "24.55",
            "revenue": 87858
        },
        "2008-11": {
            "month": "2008-11",
            "price": "22.58",
            "revenue": 54665
        },
        "2008-12": {
            "month": "2008-12",
            "price": "21.57",
            "revenue": 58951
        },
        "2009-01": {
            "month": "2009-01",
            "price": "21.27",
            "revenue": 53042
        },
        "2009-02": {
            "month": "2009-02",
            "price": "21.88",
            "revenue": 86463
        },
        "2009-03": {
            "month": "2009-03",
            "price": "25.18",
            "revenue": 91712
        },
        "2009-04": {
            "month": "2009-04",
            "price": "27.72",
            "revenue": 84931
        },
        "2009-05": {
            "month": "2009-05",
            "price": "29.72",
            "revenue": 87807
        },
        "2009-06": {
            "month": "2009-06",
            "price": "29.95",
            "revenue": 126905
        },
        "2009-07": {
            "month": "2009-07",
            "price": "33.51",
            "revenue": 165169
        },
        "2009-08": {
            "month": "2009-08",
            "price": "36.53",
            "revenue": 134838
        },
        "2009-09": {
            "month": "2009-09",
            "price": "39.28",
            "revenue": 145766
        },
        "2009-10": {
            "month": "2009-10",
            "price": "38.76",
            "revenue": 121211
        },
        "2009-11": {
            "month": "2009-11",
            "price": "37.74",
            "revenue": 112412
        },
        "2009-12": {
            "month": "2009-12",
            "price": "40.19",
            "revenue": 105354
        },
        "2010-01": {
            "month": "2010-01",
            "price": "41.60",
            "revenue": 92184
        },
        "2010-02": {
            "month": "2010-02",
            "price": "38.90",
            "revenue": 75301
        },
        "2010-03": {
            "month": "2010-03",
            "price": "41.27",
            "revenue": 94496
        },
        "2010-04": {
            "month": "2010-04",
            "price": "40.82",
            "revenue": 77703
        },
        "2010-05": {
            "month": "2010-05",
            "price": "36.75",
            "revenue": 97702
        },
        "2010-06": {
            "month": "2010-06",
            "price": "35.23",
            "revenue": 76811
        },
        "2010-07": {
            "month": "2010-07",
            "price": "34.03",
            "revenue": 64555
        },
        "2010-08": {
            "month": "2010-08",
            "price": "30.48",
            "revenue": 65044
        },
        "2010-09": {
            "month": "2010-09",
            "price": "28.57",
            "revenue": 107253
        },
        "2010-10": {
            "month": "2010-10",
            "price": "28.53",
            "revenue": 82299
        },
        "2010-11": {
            "month": "2010-11",
            "price": "26.11",
            "revenue": 97637
        },
        "2010-12": {
            "month": "2010-12",
            "price": "26.84",
            "revenue": 87876
        },
        "2011-01": {
            "month": "2011-01",
            "price": "26.14",
            "revenue": 90538
        },
        "2011-02": {
            "month": "2011-02",
            "price": "25.29",
            "revenue": 83595
        },
        "2011-03": {
            "month": "2011-03",
            "price": "23.89",
            "revenue": 87206
        },
        "2011-04": {
            "month": "2011-04",
            "price": "24.35",
            "revenue": 71736
        },
        "2011-05": {
            "month": "2011-05",
            "price": "24.31",
            "revenue": 70976
        },
        "2011-06": {
            "month": "2011-06",
            "price": "24.06",
            "revenue": 71088
        },
        "2011-07": {
            "month": "2011-07",
            "price": "21.45",
            "revenue": 82121
        },
        "2011-08": {
            "month": "2011-08",
            "price": "19.54",
            "revenue": 75437
        },
        "2011-09": {
            "month": "2011-09",
            "price": "19.54",
            "revenue": 87252
        },
        "2011-10": {
            "month": "2011-10",
            "price": "20.32",
            "revenue": 77606
        },
        "2011-11": {
            "month": "2011-11",
            "price": "21.67",
            "revenue": 59195
        },
        "2011-12": {
            "month": "2011-12",
            "price": "20.64",
            "revenue": 37935
        },
        "2012-01": {
            "month": "2012-01",
            "price": "20.52",
            "revenue": 35715
        },
        "2012-02": {
            "month": "2012-02",
            "price": "23.32",
            "revenue": 58581
        },
        "2012-03": {
            "month": "2012-03",
            "price": "23.73",
            "revenue": 58641
        },
        "2012-04": {
            "month": "2012-04",
            "price": "22.80",
            "revenue": 54795
        },
        "2012-05": {
            "month": "2012-05",
            "price": "22.45",
            "revenue": 51604
        },
        "2012-06": {
            "month": "2012-06",
            "price": "22.35",
            "revenue": 32746
        },
        "2012-07": {
            "month": "2012-07",
            "price": "21.42",
            "revenue": 49466
        },
        "2012-08": {
            "month": "2012-08",
            "price": "20.57",
            "revenue": 38551
        },
        "2012-09": {
            "month": "2012-09",
            "price": "20.00",
            "revenue": 102472
        },
        "2012-10": {
            "month": "2012-10",
            "price": "20.23",
            "revenue": 104083
        },
        "2012-11": {
            "month": "2012-11",
            "price": "19.40",
            "revenue": 106659
        },
        "2012-12": {
            "month": "2012-12",
            "price": "19.95",
            "revenue": 95392
        },
        "2013-01": {
            "month": "2013-01",
            "price": "20.95",
            "revenue": 93535
        },
        "2013-02": {
            "month": "2013-02",
            "price": "21.40",
            "revenue": 42309
        },
        "2013-03": {
            "month": "2013-03",
            "price": "21.52",
            "revenue": 68855
        },
        "2013-04": {
            "month": "2013-04",
            "price": "20.88",
            "revenue": 68509
        },
        "2013-05": {
            "month": "2013-05",
            "price": "20.84",
            "revenue": 63098
        },
        "2013-06": {
            "month": "2013-06",
            "price": "20.29",
            "revenue": 50068
        },
        "2013-07": {
            "month": "2013-07",
            "price": "19.65",
            "revenue": 56013
        },
        "2013-08": {
            "month": "2013-08",
            "price": "19.44",
            "revenue": 69524
        },
        "2013-09": {
            "month": "2013-09",
            "price": "19.93",
            "revenue": 63336
        },
        "2013-10": {
            "month": "2013-10",
            "price": "19.25",
            "revenue": 64400
        },
        "2013-11": {
            "month": "2013-11",
            "price": "19.01",
            "revenue": 59584
        },
        "2013-12": {
            "month": "2013-12",
            "price": "19.40",
            "revenue": 58286
        },
        "2014-01": {
            "month": "2014-01",
            "price": "19.91",
            "revenue": 57018
        },
        "2014-02": {
            "month": "2014-02",
            "price": "20.05",
            "revenue": 48066
        },
        "2014-03": {
            "month": "2014-03",
            "price": "19.96",
            "revenue": 55027
        },
        "2014-04": {
            "month": "2014-04",
            "price": "20.05",
            "revenue": 51854
        },
        "2014-05": {
            "month": "2014-05",
            "price": "19.56",
            "revenue": 50826
        },
        "2014-06": {
            "month": "2014-06",
            "price": "19.53",
            "revenue": 48304
        },
        "2014-07": {
            "month": "2014-07",
            "price": "19.10",
            "revenue": 44284
        },
        "2014-08": {
            "month": "2014-08",
            "price": "18.42",
            "revenue": 35530
        },
        "2014-09": {
            "month": "2014-09",
            "price": "18.89",
            "revenue": 42850
        },
        "2014-10": {
            "month": "2014-10",
            "price": "18.39",
            "revenue": 34718
        },
        "2014-11": {
            "month": "2014-11",
            "price": "18.97",
            "revenue": 29134
        },
        "2014-12": {
            "month": "2014-12",
            "price": "19.20",
            "revenue": 24702
        },
        "2015-01": {
            "month": "2015-01",
            "price": "19.12",
            "revenue": 20500
        },
        "2015-02": {
            "month": "2015-02",
            "price": "19.09",
            "revenue": 12563
        },
        "2015-03": {
            "month": "2015-03",
            "price": "19.06",
            "revenue": 7255
        },
        "2015-04": {
            "month": "2015-04",
            "price": "19.28",
            "revenue": 10189
        },
        "2015-05": {
            "month": "2015-05",
            "price": "18.90",
            "revenue": 12778
        },
        "2015-06": {
            "month": "2015-06",
            "price": "18.98",
            "revenue": 12297
        },
        "2015-07": {
            "month": "2015-07",
            "price": "18.48",
            "revenue": 23800
        },
        "2015-08": {
            "month": "2015-08",
            "price": "17.39",
            "revenue": 27456
        },
        "2015-09": {
            "month": "2015-09",
            "price": "16.77",
            "revenue": 42999
        },
        "2015-10": {
            "month": "2015-10",
            "price": "17.78",
            "revenue": 42607
        },
        "2015-11": {
            "month": "2015-11",
            "price": "20.01",
            "revenue": 43020
        },
        "2015-12": {
            "month": "2015-12",
            "price": "19.43",
            "revenue": 50940
        },
        "2016-01": {
            "month": "2016-01",
            "price": "19.24",
            "revenue": 55986
        },
        "2016-02": {
            "month": "2016-02",
            "price": "19.48",
            "revenue": 32553
        },
        "2016-03": {
            "month": "2016-03",
            "price": "20.72",
            "revenue": 39044
        },
        "2016-04": {
            "month": "2016-04",
            "price": "19.60",
            "revenue": 40446
        },
        "2016-05": {
            "month": "2016-05",
            "price": "18.45",
            "revenue": 35542
        },
        "2016-06": {
            "month": "2016-06",
            "price": "17.27",
            "revenue": 25855
        },
        "2016-07": {
            "month": "2016-07",
            "price": "16.42",
            "revenue": 41286
        },
        "2016-08": {
            "month": "2016-08",
            "price": "16.67",
            "revenue": 26581
        },
        "2016-09": {
            "month": "2016-09",
            "price": "16.72",
            "revenue": 40760
        },
        "2016-10": {
            "month": "2016-10",
            "price": "16.62",
            "revenue": 55300
        },
        "2016-11": {
            "month": "2016-11",
            "price": "16.09",
            "revenue": 62958
        },
        "2016-12": {
            "month": "2016-12",
            "price": "15.87",
            "revenue": 76462
        },
        "2017-01": {
            "month": "2017-01",
            "price": "15.36",
            "revenue": 58346
        },
        "2017-02": {
            "month": "2017-02",
            "price": "15.95",
            "revenue": 55931
        },
        "2017-03": {
            "month": "2017-03",
            "price": "16.20",
            "revenue": 78654
        },
        "2017-04": {
            "month": "2017-04",
            "price": "17.47",
            "revenue": 72057
        },
        "2017-05": {
            "month": "2017-05",
            "price": "17.66",
            "revenue": 52101
        },
        "2017-06": {
            "month": "2017-06",
            "price": "17.96",
            "revenue": 52530
        },
        "2017-07": {
            "month": "2017-07",
            "price": "17.62",
            "revenue": 78919
        },
        "2017-08": {
            "month": "2017-08",
            "price": "17.95",
            "revenue": 80079
        },
        "2017-09": {
            "month": "2017-09",
            "price": "19.11",
            "revenue": 82205
        },
        "2017-10": {
            "month": "2017-10",
            "price": "19.39",
            "revenue": 94091
        },
        "2017-11": {
            "month": "2017-11",
            "price": "19.70",
            "revenue": 94423
        },
        "2017-12": {
            "month": "2017-12",
            "price": "19.26",
            "revenue": 82923
        },
        "2018-01": {
            "month": "2018-01",
            "price": "19.15",
            "revenue": 81488
        },
        "2018-02": {
            "month": "2018-02",
            "price": "19.08",
            "revenue": 51429
        },
        "2018-03": {
            "month": "2018-03",
            "price": "18.90",
            "revenue": 99626
        },
        "2018-04": {
            "month": "2018-04",
            "price": "18.90",
            "revenue": 101224
        },
        "2018-05": {
            "month": "2018-05",
            "price": "18.80",
            "revenue": 121286
        },
        "2018-06": {
            "month": "2018-06",
            "price": "19.08",
            "revenue": 117674
        },
        "2018-07": {
            "month": "2018-07",
            "price": "18.18",
            "revenue": 120024
        },
        "2018-08": {
            "month": "2018-08",
            "price": "17.83",
            "revenue": 122867
        },
        "2018-09": {
            "month": "2018-09",
            "price": "17.49",
            "revenue": 93272
        },
        "2018-10": {
            "month": "2018-10",
            "price": "15.46",
            "revenue": 117095
        },
        "2018-11": {
            "month": "2018-11",
            "price": "15.25",
            "revenue": 136274
        },
        "2018-12": {
            "month": "2018-12",
            "price": "16.21",
            "revenue": 100541
        },
        "2019-01": {
            "month": "2019-01",
            "price": "16.08",
            "revenue": 130934
        },
        "2019-02": {
            "month": "2019-02",
            "price": "17.96",
            "revenue": 75988
        },
        "2019-03": {
            "month": "2019-03",
            "price": "19.47",
            "revenue": 123083
        },
        "2019-04": {
            "month": "2019-04",
            "price": "20.58",
            "revenue": 122913
        },
        "2019-05": {
            "month": "2019-05",
            "price": "19.57",
            "revenue": 138212
        },
        "2019-06": {
            "month": "2019-06",
            "price": "19.69",
            "revenue": 131172
        },
        "2019-07": {
            "month": "2019-07",
            "price": "19.96",
            "revenue": 131546
        },
        "2019-08": {
            "month": "2019-08",
            "price": "19.93",
            "revenue": 136917
        },
        "2019-09": {
            "month": "2019-09",
            "price": "22.43",
            "revenue": 136227
        },
        "2019-10": {
            "month": "2019-10",
            "price": "25.48",
            "revenue": 132465
        },
        "2019-11": {
            "month": "2019-11",
            "price": "26.92",
            "revenue": 123563
        },
        "2019-12": {
            "month": "2019-12",
            "price": "26.15",
            "revenue": 145546
        },
        "2020-01": {
            "month": "2020-01",
            "price": "26.15",
            "revenue": 69237
        },
        "2020-02": {
            "month": "2020-02",
            "price": "24.29",
            "revenue": 73456
        },
        "2020-03": {
            "month": "2020-03",
            "price": "22.23",
            "revenue": 100769
        },
        "2020-04": {
            "month": "2020-04",
            "price": "22.82",
            "revenue": 137415
        },
        "2020-05": {
            "month": "2020-05",
            "price": "24.21",
            "revenue": 139144
        },
        "2020-06": {
            "month": "2020-06",
            "price": "25.01",
            "revenue": 142461
        },
        "2020-07": {
            "month": "2020-07",
            "price": "25.91",
            "revenue": 149154
        },
        "2020-08": {
            "month": "2020-08",
            "price": "28.69",
            "revenue": 150818
        },
        "2020-09": {
            "month": "2020-09",
            "price": "35.33",
            "revenue": 140067
        },
        "2020-10": {
            "month": "2020-10",
            "price": "33.43",
            "revenue": 129006
        },
        "2020-11": {
            "month": "2020-11",
            "price": "33.97",
            "revenue": 131937
        },
        "2020-12": {
            "month": "2020-12",
            "price": "33.48",
            "revenue": 132855
        },
        "2021-01": {
            "month": "2021-01",
            "price": "32.30",
            "revenue": 124560
        },
        "2021-02": {
            "month": "2021-02",
            "price": "34.37",
            "revenue": 79951
        },
        "2021-03": {
            "month": "2021-03",
            "price": "34.80",
            "revenue": 131726
        },
        "2021-04": {
            "month": "2021-04",
            "price": "35.24",
            "revenue": 141889
        },
        "2021-05": {
            "month": "2021-05",
            "price": "31.90",
            "revenue": 147460
        },
        "2021-06": {
            "month": "2021-06",
            "price": "31.06",
            "revenue": 134691
        },
        "2021-07": {
            "month": "2021-07",
            "price": "29.78",
            "revenue": 129476
        },
        "2021-08": {
            "month": "2021-08",
            "price": "28.56",
            "revenue": 137862
        },
        "2021-09": {
            "month": "2021-09",
            "price": "27.92",
            "revenue": 113734
        },
        "2021-10": {
            "month": "2021-10",
            "price": "26.14",
            "revenue": 119484
        },
        "2021-11": {
            "month": "2021-11",
            "price": "25.01",
            "revenue": 166274
        },
        "2021-12": {
            "month": "2021-12",
            "price": "24.79",
            "revenue": 147125
        },
        "2022-01": {
            "month": "2022-01",
            "price": "25.24",
            "revenue": 122445
        },
        "2022-02": {
            "month": "2022-02",
            "price": "24.92",
            "revenue": 70012
        },
        "2022-03": {
            "month": "2022-03",
            "price": "24.71",
            "revenue": 91924
        },
        "2022-04": {
            "month": "2022-04",
            "price": "23.80",
            "revenue": 129042
        },
        "2022-05": {
            "month": "2022-05",
            "price": "22.01",
            "revenue": 129247
        },
        "2022-06": {
            "month": "2022-06",
            "price": "21.41",
            "revenue": 73057
        },
        "2022-07": {
            "month": "2022-07",
            "price": "21.49",
            "revenue": 57683
        },
        "2022-08": {
            "month": "2022-08",
            "price": "21.12",
            "revenue": 101333
        },
        "2022-09": {
            "month": "2022-09",
            "price": "20.81",
            "revenue": 132629
        },
        "2022-10": {
            "month": "2022-10",
            "price": "22.14",
            "revenue": 103726
        },
        "2022-11": {
            "month": "2022-11",
            "price": "24.10",
            "revenue": 106077
        },
        "2022-12": {
            "month": "2022-12",
            "price": "23.72",
            "revenue": 99059
        },
        "2023-01": {
            "month": "2023-01",
            "price": "23.08",
            "revenue": 74774
        },
        "2023-02": {
            "month": "2023-02",
            "price": "22.90",
            "revenue": 87942
        },
        "2023-03": {
            "month": "2023-03",
            "price": "24.06",
            "revenue": 155600
        },
        "2023-04": {
            "month": "2023-04",
            "price": "26.57",
            "revenue": 112379
        }
    }
}
