{
    "summary": {
        "stock_name": "詩肯",
        "stock_id": "6195",
        "category": "居家生活",
        "main_business": "品牌家具連鎖門市業務",
        "website_url": "https://www.topshine.tw",
        "ceo": "謝秀珠",
        "pe_ratio": 14,
        "report_year_from": 2001,
        "report_year_to": 2023,
        "age": 22,
        "eps_negative_percentage": 13,
        "eps_growth_avg": {
            "last_all": 9.65,
            "last_2y": 30.66,
            "last_4y": 5.33,
            "last_8y": 0.94,
            "last_12y": 17.05,
            "last_16y": 15.17,
            "last_20y": 9.65,
            "at_2006_last_3y": -76.92,
            "at_2007_last_3y": -100,
            "at_2008_last_3y": 100,
            "at_2009_last_3y": 2.93,
            "at_2010_last_3y": 35.28,
            "at_2011_last_3y": 51.46,
            "at_2012_last_3y": 22,
            "at_2013_last_3y": 53.32,
            "at_2014_last_3y": 26.64,
            "at_2015_last_3y": -5.76,
            "at_2016_last_3y": -4.65,
            "at_2017_last_3y": -4.56,
            "at_2018_last_3y": -9.42,
            "at_2019_last_3y": -11.81,
            "at_2020_last_3y": 16.54,
            "at_2021_last_3y": 12.32,
            "at_2022_last_3y": 13.2,
            "at_2023_last_3y": 13.2,
            "at_2006_last_all": -17.94,
            "at_2007_last_all": -17.94,
            "at_2008_last_all": 11.54,
            "at_2009_last_all": -9.6,
            "at_2010_last_all": 8.67,
            "at_2011_last_all": 21.72,
            "at_2012_last_all": 16.77,
            "at_2013_last_all": 18.37,
            "at_2014_last_all": 15.86,
            "at_2015_last_all": 11.72,
            "at_2016_last_all": 9.63,
            "at_2017_last_all": 11.31,
            "at_2018_last_all": 8.64,
            "at_2019_last_all": 5.45,
            "at_2020_last_all": 11.36,
            "at_2021_last_all": 11.55,
            "at_2022_last_all": 9.65,
            "at_2023_last_all": 9.65
        },
        "latest_eps": 3.03,
        "latest_price": 41.4,
        "latest_roe": 11.83,
        "latest_gross_margin": 54.58,
        "latest_equity": 1284564,
        "latest_revenue": 573154,
        "latest_gross_profit": 312819,
        "latest_net_income": 25084,
        "latest_debt_ratio": 64.05,
        "latest_current_ratio": 103.92,
        "latest_account_receivable_turnover_ratio": 6.88,
        "latest_inventory_turnover_ratio": 0.47,
        "latest_reinvestment_rate": -1.34,
        "latest_research_to_sale_ratio": null
    },
    "eps_dividends": {
        "2000": {
            "cash": 1,
            "stock": 4,
            "eps": 0
        },
        "2001": {
            "cash": 1,
            "stock": 2,
            "eps": 2.29
        },
        "2002": {
            "cash": 1,
            "stock": 2,
            "eps": 6
        },
        "2003": {
            "cash": 3,
            "stock": 1,
            "eps": 2.77
        },
        "2004": {
            "cash": 1,
            "stock": 0.5,
            "eps": -6.81
        },
        "2005": {
            "cash": 0,
            "stock": 0,
            "eps": -5.6
        },
        "2006": {
            "cash": 0,
            "stock": 0,
            "eps": -3.82
        },
        "2007": {
            "cash": 0,
            "stock": 0,
            "eps": 0.69
        },
        "2008": {
            "cash": 0,
            "stock": 0,
            "eps": 3.76
        },
        "2009": {
            "cash": 0.5,
            "stock": 0,
            "eps": 0.22
        },
        "2010": {
            "cash": 0,
            "stock": 0,
            "eps": 2.2
        },
        "2011": {
            "cash": 2,
            "stock": 0,
            "eps": 6.22
        },
        "2012": {
            "cash": 4.5,
            "stock": 0.5,
            "eps": 5.11
        },
        "2013": {
            "cash": 4,
            "stock": 0.5,
            "eps": 6.7
        },
        "2014": {
            "cash": 5,
            "stock": 0.5,
            "eps": 6.25
        },
        "2015": {
            "cash": 5.11,
            "stock": 0,
            "eps": 4.4
        },
        "2016": {
            "cash": 3.5,
            "stock": 0,
            "eps": 3.81
        },
        "2017": {
            "cash": 3,
            "stock": 0,
            "eps": 5.01
        },
        "2018": {
            "cash": 4,
            "stock": 0,
            "eps": 3.7
        },
        "2019": {
            "cash": 3,
            "stock": 0,
            "eps": 2.25
        },
        "2020": {
            "cash": 1.8,
            "stock": 0,
            "eps": 4.86
        },
        "2021": {
            "cash": 4,
            "stock": 0,
            "eps": 5.57
        },
        "2022": {
            "cash": 4.4,
            "stock": 0,
            "eps": 4.31
        },
        "2023": {
            "cash": 3.4,
            "stock": 0,
            "eps": 1.28
        }
    },
    "dividends": {
        "2000-03-20": {
            "cash": 1,
            "stock": 4
        },
        "2001-05-22": {
            "cash": 1,
            "stock": 2
        },
        "2002-05-10": {
            "cash": 1,
            "stock": 2
        },
        "2003-06-03": {
            "cash": 3,
            "stock": 1
        },
        "2004-03-31": {
            "cash": 1,
            "stock": 0.5
        },
        "2009-03-20": {
            "cash": 0.5,
            "stock": 0
        },
        "2011-04-26": {
            "cash": 2,
            "stock": 0
        },
        "2012-06-28": {
            "cash": 4.5,
            "stock": 0.5
        },
        "2013-06-13": {
            "cash": 4,
            "stock": 0.5
        },
        "2014-10-28": {
            "cash": 5,
            "stock": 0.5
        },
        "2015-08-05": {
            "cash": 5.11,
            "stock": 0
        },
        "2016-08-09": {
            "cash": 3.5,
            "stock": 0
        },
        "2017-08-23": {
            "cash": 3,
            "stock": 0
        },
        "2018-08-10": {
            "cash": 4,
            "stock": 0
        },
        "2019-08-09": {
            "cash": 3,
            "stock": 0
        },
        "2020-08-19": {
            "cash": 1.8,
            "stock": 0
        },
        "2021-08-18": {
            "cash": 4,
            "stock": 0
        },
        "2022-07-29": {
            "cash": 4.4,
            "stock": 0
        },
        "2023-07-19": {
            "cash": 3.4,
            "stock": 0
        }
    },
    "prices": {
        "200101": "無",
        "200102": "無",
        "200103": "無",
        "200104": "無",
        "200105": "無",
        "200106": "無",
        "200107": "無",
        "200108": "無",
        "200109": "無",
        "200110": "無",
        "200111": "無",
        "200112": "無",
        "200201": "無",
        "200202": "無",
        "200203": "無",
        "200204": "無",
        "200205": "無",
        "200206": "無",
        "200207": "無",
        "200208": "無",
        "200209": "無",
        "200210": "81.67",
        "200211": "71.21",
        "200212": "75.48",
        "200301": "80.42",
        "200302": "69.22",
        "200303": "68.24",
        "200304": "71.52",
        "200305": "66.88",
        "200306": "69.20",
        "200307": "69.20",
        "200308": "56.93",
        "200309": "48.30",
        "200310": "39.36",
        "200311": "37.90",
        "200312": "38.38",
        "200401": "37.47",
        "200402": "38.06",
        "200403": "33.05",
        "200404": "30.28",
        "200405": "24.74",
        "200406": "20.45",
        "200407": "14.21",
        "200408": "11.38",
        "200409": "11.14",
        "200410": "9.94",
        "200411": "6.73",
        "200412": "5.86",
        "200501": "5.19",
        "200502": "5.85",
        "200503": "6.17",
        "200504": "4.94",
        "200505": "3.91",
        "200506": "4.89",
        "200507": "4.64",
        "200508": "3.83",
        "200509": "3.36",
        "200510": "3.76",
        "200511": "3.88",
        "200512": "3.74",
        "200601": "5.97",
        "200602": "5.03",
        "200603": "4.92",
        "200604": "4.96",
        "200605": "4.92",
        "200606": "4.02",
        "200607": "3.79",
        "200608": "3.30",
        "200609": "3.93",
        "200610": "4.58",
        "200611": "10.97",
        "200612": "11.60",
        "200701": "13.06",
        "200702": "13.65",
        "200703": "13.44",
        "200704": "14.30",
        "200705": "14.02",
        "200706": "19.44",
        "200707": "21.54",
        "200708": "19.43",
        "200709": "20.41",
        "200710": "18.16",
        "200711": "14.03",
        "200712": "12.58",
        "200801": "11.39",
        "200802": "10.87",
        "200803": "12.59",
        "200804": "12.60",
        "200805": "11.89",
        "200806": "10.93",
        "200807": "8.28",
        "200808": "6.96",
        "200809": "6.05",
        "200810": "6.19",
        "200811": "8.61",
        "200812": "8.01",
        "200901": "7.50",
        "200902": "7.16",
        "200903": "9.20",
        "200904": "13.76",
        "200905": "13.64",
        "200906": "13.31",
        "200907": "16.92",
        "200908": "17.29",
        "200909": "17.31",
        "200910": "17.90",
        "200911": "18.13",
        "200912": "19.49",
        "201001": "24.10",
        "201002": "25.13",
        "201003": "29.23",
        "201004": "32.68",
        "201005": "38.10",
        "201006": "37.24",
        "201007": "36.71",
        "201008": "42.69",
        "201009": "42.24",
        "201010": "42.35",
        "201011": "31.00",
        "201012": "31.47",
        "201101": "33.38",
        "201102": "37.45",
        "201103": "35.45",
        "201104": "37.82",
        "201105": "52.91",
        "201106": "59.45",
        "201107": "59.29",
        "201108": "55.96",
        "201109": "51.57",
        "201110": "51.50",
        "201111": "53.48",
        "201112": "45.78",
        "201201": "48.26",
        "201202": "54.04",
        "201203": "60.90",
        "201204": "59.74",
        "201205": "54.66",
        "201206": "53.52",
        "201207": "54.25",
        "201208": "51.30",
        "201209": "49.64",
        "201210": "46.27",
        "201211": "43.83",
        "201212": "45.42",
        "201301": "46.02",
        "201302": "48.85",
        "201303": "62.62",
        "201304": "67.56",
        "201305": "79.48",
        "201306": "78.83",
        "201307": "85.87",
        "201308": "87.69",
        "201309": "80.37",
        "201310": "83.97",
        "201311": "97.10",
        "201312": "105.14",
        "201401": "106.56",
        "201402": "109.00",
        "201403": "106.05",
        "201404": "101.59",
        "201405": "98.73",
        "201406": "96.74",
        "201407": "94.51",
        "201408": "92.44",
        "201409": "95.45",
        "201410": "80.53",
        "201411": "77.28",
        "201412": "80.16",
        "201501": "78.60",
        "201502": "75.56",
        "201503": "75.64",
        "201504": "71.50",
        "201505": "69.84",
        "201506": "66.36",
        "201507": "58.86",
        "201508": "50.18",
        "201509": "48.96",
        "201510": "50.74",
        "201511": "51.21",
        "201512": "47.72",
        "201601": "45.01",
        "201602": "48.06",
        "201603": "51.10",
        "201604": "49.99",
        "201605": "48.16",
        "201606": "47.46",
        "201607": "44.90",
        "201608": "45.14",
        "201609": "47.02",
        "201610": "49.41",
        "201611": "48.58",
        "201612": "47.96",
        "201701": "47.88",
        "201702": "49.59",
        "201703": "51.40",
        "201704": "55.79",
        "201705": "55.42",
        "201706": "56.77",
        "201707": "57.21",
        "201708": "52.86",
        "201709": "54.13",
        "201710": "54.72",
        "201711": "57.43",
        "201712": "58.94",
        "201801": "58.77",
        "201802": "57.96",
        "201803": "59.79",
        "201804": "61.00",
        "201805": "59.81",
        "201806": "57.33",
        "201807": "53.05",
        "201808": "49.05",
        "201809": "46.89",
        "201810": "45.33",
        "201811": "43.31",
        "201812": "43.10",
        "201901": "43.75",
        "201902": "44.58",
        "201903": "44.65",
        "201904": "44.83",
        "201905": "42.72",
        "201906": "43.53",
        "201907": "43.73",
        "201908": "38.49",
        "201909": "36.92",
        "201910": "36.98",
        "201911": "37.26",
        "201912": "37.39",
        "202001": "37.61",
        "202002": "36.98",
        "202003": "30.59",
        "202004": "30.01",
        "202005": "32.90",
        "202006": "34.57",
        "202007": "34.19",
        "202008": "34.07",
        "202009": "37.60",
        "202010": "39.95",
        "202011": "43.79",
        "202012": "47.45",
        "202101": "49.49",
        "202102": "49.51",
        "202103": "55.25",
        "202104": "57.77",
        "202105": "54.71",
        "202106": "53.83",
        "202107": "55.71",
        "202108": "50.76",
        "202109": "49.78",
        "202110": "49.92",
        "202111": "53.17",
        "202112": "52.71",
        "202201": "52.82",
        "202202": "54.03",
        "202203": "54.31",
        "202204": "52.70",
        "202205": "50.82",
        "202206": "49.80",
        "202207": "46.12",
        "202208": "49.27",
        "202209": "48.20",
        "202210": "45.70",
        "202211": "43.61",
        "202212": "42.71",
        "202301": "42.84",
        "202302": "43.82",
        "202303": "45.30",
        "202304": "46.60",
        "202305": "46.44",
        "202306": "46.33",
        "202307": "43.94",
        "202308": "42.05",
        "202309": "41.63",
        "202310": "41.59"
    },
    "quarters": {
        "20011": {
            "year_quarter": 20011,
            "year": 2001,
            "quarter": 1,
            "eps": null,
            "eps_growth_year": null,
            "eps_4q": null,
            "eps_4q_growth_year": null,
            "roe": null,
            "roe_4q": 0,
            "gross_profit": null,
            "gross_margin": null,
            "gross_margin_4q_avg": 0,
            "net_income": null,
            "net_income_4q": null,
            "revenue": null,
            "revenue_4q": null,
            "common_shares": null,
            "book_valuer_per_share": null,
            "book_valuer_per_share_4q_avg": 0,
            "equity": null,
            "current_ratio": null,
            "debt_ratio": null,
            "inventory_turnover_ratio": null,
            "account_receivable_turnover_ratio": null,
            "reinvestment_rate": null,
            "research_to_sale_ratio": null,
            "price_fair": 0,
            "eps_avg_yearly": 0,
            "eps_latest_yearly": 0,
            "eps_growth_yearly": 0
        },
        "20012": {
            "year_quarter": 20012,
            "year": 2001,
            "quarter": 2,
            "eps": null,
            "eps_growth_year": null,
            "eps_4q": null,
            "eps_4q_growth_year": null,
            "roe": null,
            "roe_4q": 0,
            "gross_profit": null,
            "gross_margin": null,
            "gross_margin_4q_avg": 0,
            "net_income": null,
            "net_income_4q": null,
            "revenue": null,
            "revenue_4q": null,
            "common_shares": null,
            "book_valuer_per_share": null,
            "book_valuer_per_share_4q_avg": 0,
            "equity": null,
            "current_ratio": null,
            "debt_ratio": null,
            "inventory_turnover_ratio": null,
            "account_receivable_turnover_ratio": null,
            "reinvestment_rate": null,
            "research_to_sale_ratio": null,
            "price_fair": 0,
            "eps_avg_yearly": 0,
            "eps_latest_yearly": 0,
            "eps_growth_yearly": 0
        },
        "20013": {
            "year_quarter": 20013,
            "year": 2001,
            "quarter": 3,
            "eps": 1.02,
            "eps_growth_year": null,
            "eps_4q": null,
            "eps_4q_growth_year": null,
            "roe": 8.38,
            "roe_4q": 8.38,
            "gross_profit": 60940,
            "gross_margin": 40.2,
            "gross_margin_4q_avg": 13.4,
            "net_income": 32302,
            "net_income_4q": null,
            "revenue": 151589,
            "revenue_4q": null,
            "common_shares": 256476,
            "book_valuer_per_share": 15.03,
            "book_valuer_per_share_4q_avg": 5.01,
            "equity": 385384,
            "current_ratio": 424.88,
            "debt_ratio": 18.75,
            "inventory_turnover_ratio": 1.77,
            "account_receivable_turnover_ratio": null,
            "reinvestment_rate": null,
            "research_to_sale_ratio": null,
            "price_fair": 0,
            "eps_avg_yearly": 0,
            "eps_latest_yearly": 0,
            "eps_growth_yearly": 0
        },
        "20014": {
            "year_quarter": 20014,
            "year": 2001,
            "quarter": 4,
            "eps": 1.27,
            "eps_growth_year": null,
            "eps_4q": null,
            "eps_4q_growth_year": null,
            "roe": 8.13,
            "roe_4q": 16.51,
            "gross_profit": 73741,
            "gross_margin": 36.61,
            "gross_margin_4q_avg": 19.2,
            "net_income": 32660,
            "net_income_4q": null,
            "revenue": 201427,
            "revenue_4q": null,
            "common_shares": 256476,
            "book_valuer_per_share": 16.3,
            "book_valuer_per_share_4q_avg": 7.83,
            "equity": 418094,
            "current_ratio": 470.51,
            "debt_ratio": 17.62,
            "inventory_turnover_ratio": 2.45,
            "account_receivable_turnover_ratio": null,
            "reinvestment_rate": null,
            "research_to_sale_ratio": null,
            "price_fair": 0,
            "eps_avg_yearly": 0,
            "eps_latest_yearly": 0,
            "eps_growth_yearly": 0
        },
        "20021": {
            "year_quarter": 20021,
            "year": 2002,
            "quarter": 1,
            "eps": 2.02,
            "eps_growth_year": null,
            "eps_4q": null,
            "eps_4q_growth_year": null,
            "roe": 11.65,
            "roe_4q": 28.160000000000004,
            "gross_profit": 93532,
            "gross_margin": 47.27,
            "gross_margin_4q_avg": 31.02,
            "net_income": 51731,
            "net_income_4q": null,
            "revenue": 197849,
            "revenue_4q": null,
            "common_shares": 256476,
            "book_valuer_per_share": 18.32,
            "book_valuer_per_share_4q_avg": 12.41,
            "equity": 469829,
            "current_ratio": 406.16,
            "debt_ratio": 19.95,
            "inventory_turnover_ratio": 1.95,
            "account_receivable_turnover_ratio": null,
            "reinvestment_rate": null,
            "research_to_sale_ratio": null,
            "price_fair": 282.8,
            "eps_avg_yearly": 8.08,
            "eps_latest_yearly": 8.08,
            "eps_growth_yearly": 236.22
        },
        "20022": {
            "year_quarter": 20022,
            "year": 2002,
            "quarter": 2,
            "eps": 0.91,
            "eps_growth_year": null,
            "eps_4q": 4.58,
            "eps_4q_growth_year": null,
            "roe": 6.18,
            "roe_4q": 34.34,
            "gross_profit": 75298,
            "gross_margin": 40.92,
            "gross_margin_4q_avg": 41.25,
            "net_income": 28936,
            "net_income_4q": null,
            "revenue": 184000,
            "revenue_4q": null,
            "common_shares": 256476,
            "book_valuer_per_share": 18.18,
            "book_valuer_per_share_4q_avg": 16.96,
            "equity": 466209,
            "current_ratio": 283.89,
            "debt_ratio": 28.11,
            "inventory_turnover_ratio": 1.94,
            "account_receivable_turnover_ratio": null,
            "reinvestment_rate": null,
            "research_to_sale_ratio": null,
            "price_fair": 106.71,
            "eps_avg_yearly": 5.86,
            "eps_latest_yearly": 3.64,
            "eps_growth_yearly": 8.21
        },
        "20023": {
            "year_quarter": 20023,
            "year": 2002,
            "quarter": 3,
            "eps": 1.04,
            "eps_growth_year": 1.96,
            "eps_4q": 4.62,
            "eps_4q_growth_year": null,
            "roe": 6.82,
            "roe_4q": 32.78,
            "gross_profit": 70723,
            "gross_margin": 35.5,
            "gross_margin_4q_avg": 40.08,
            "net_income": 32966,
            "net_income_4q": null,
            "revenue": 199233,
            "revenue_4q": null,
            "common_shares": 316313,
            "book_valuer_per_share": 15.8,
            "book_valuer_per_share_4q_avg": 17.15,
            "equity": 499845,
            "current_ratio": 269.79,
            "debt_ratio": 26.25,
            "inventory_turnover_ratio": 1.59,
            "account_receivable_turnover_ratio": null,
            "reinvestment_rate": null,
            "research_to_sale_ratio": null,
            "price_fair": 182.73,
            "eps_avg_yearly": 5.29,
            "eps_latest_yearly": 4.16,
            "eps_growth_yearly": 24.52
        },
        "20024": {
            "year_quarter": 20024,
            "year": 2002,
            "quarter": 4,
            "eps": 2.03,
            "eps_growth_year": 59.84,
            "eps_4q": 5.62,
            "eps_4q_growth_year": null,
            "roe": 12.07,
            "roe_4q": 36.72,
            "gross_profit": 101511,
            "gross_margin": 36.32,
            "gross_margin_4q_avg": 40,
            "net_income": 64205,
            "net_income_4q": null,
            "revenue": 279488,
            "revenue_4q": null,
            "common_shares": 316313,
            "book_valuer_per_share": 17.83,
            "book_valuer_per_share_4q_avg": 17.53,
            "equity": 563987,
            "current_ratio": 303.04,
            "debt_ratio": 23.94,
            "inventory_turnover_ratio": 1.93,
            "account_receivable_turnover_ratio": null,
            "reinvestment_rate": null,
            "research_to_sale_ratio": null,
            "price_fair": 210,
            "eps_avg_yearly": 6,
            "eps_latest_yearly": 8.12,
            "eps_growth_yearly": 113.58
        },
        "20031": {
            "year_quarter": 20031,
            "year": 2003,
            "quarter": 1,
            "eps": 1.32,
            "eps_growth_year": -34.65,
            "eps_4q": 5.31,
            "eps_4q_growth_year": null,
            "roe": 7.13,
            "roe_4q": 32.2,
            "gross_profit": 95526,
            "gross_margin": 42.72,
            "gross_margin_4q_avg": 38.87,
            "net_income": 41710,
            "net_income_4q": null,
            "revenue": 223590,
            "revenue_4q": null,
            "common_shares": 316313,
            "book_valuer_per_share": 19.15,
            "book_valuer_per_share_4q_avg": 17.74,
            "equity": 605855,
            "current_ratio": 287.73,
            "debt_ratio": 27.09,
            "inventory_turnover_ratio": 1.41,
            "account_receivable_turnover_ratio": null,
            "reinvestment_rate": null,
            "research_to_sale_ratio": null,
            "price_fair": 204.96,
            "eps_avg_yearly": 5.86,
            "eps_latest_yearly": 5.28,
            "eps_growth_yearly": 62.89
        },
        "20032": {
            "year_quarter": 20032,
            "year": 2003,
            "quarter": 2,
            "eps": 0.92,
            "eps_growth_year": 1.1,
            "eps_4q": 4.88,
            "eps_4q_growth_year": 6.58,
            "roe": 5.7,
            "roe_4q": 31.72,
            "gross_profit": 64558,
            "gross_margin": 40.21,
            "gross_margin_4q_avg": 38.69,
            "net_income": 32256,
            "net_income_4q": null,
            "revenue": 160565,
            "revenue_4q": null,
            "common_shares": 316313,
            "book_valuer_per_share": 16.64,
            "book_valuer_per_share_4q_avg": 17.36,
            "equity": 526192,
            "current_ratio": 297.48,
            "debt_ratio": 44.47,
            "inventory_turnover_ratio": 0.8,
            "account_receivable_turnover_ratio": null,
            "reinvestment_rate": null,
            "research_to_sale_ratio": null,
            "price_fair": 192.27,
            "eps_avg_yearly": 5.49,
            "eps_latest_yearly": 3.68,
            "eps_growth_yearly": 32.2
        },
        "20033": {
            "year_quarter": 20033,
            "year": 2003,
            "quarter": 3,
            "eps": -0.19,
            "eps_growth_year": -118.27,
            "eps_4q": 3.74,
            "eps_4q_growth_year": -19.02,
            "roe": -1.28,
            "roe_4q": 23.62,
            "gross_profit": 35260,
            "gross_margin": 25.64,
            "gross_margin_4q_avg": 36.22,
            "net_income": -6641,
            "net_income_4q": null,
            "revenue": 137527,
            "revenue_4q": null,
            "common_shares": 351946,
            "book_valuer_per_share": 14.63,
            "book_valuer_per_share_4q_avg": 17.06,
            "equity": 515062,
            "current_ratio": 587.2,
            "debt_ratio": 36.13,
            "inventory_turnover_ratio": 0.83,
            "account_receivable_turnover_ratio": null,
            "reinvestment_rate": null,
            "research_to_sale_ratio": null,
            "price_fair": 192.27,
            "eps_avg_yearly": 5.49,
            "eps_latest_yearly": 3.68,
            "eps_growth_yearly": 32.2
        },
        "20034": {
            "year_quarter": 20034,
            "year": 2003,
            "quarter": 4,
            "eps": 0.72,
            "eps_growth_year": -64.53,
            "eps_4q": 2.64,
            "eps_4q_growth_year": -53.11,
            "roe": 4.91,
            "roe_4q": 16.46,
            "gross_profit": 46978,
            "gross_margin": 25,
            "gross_margin_4q_avg": 33.39,
            "net_income": 25291,
            "net_income_4q": null,
            "revenue": 187907,
            "revenue_4q": null,
            "common_shares": 351946,
            "book_valuer_per_share": 14.66,
            "book_valuer_per_share_4q_avg": 16.27,
            "equity": 515806,
            "current_ratio": 311.52,
            "debt_ratio": 45.09,
            "inventory_turnover_ratio": 1.23,
            "account_receivable_turnover_ratio": null,
            "reinvestment_rate": null,
            "research_to_sale_ratio": null,
            "price_fair": 192.27,
            "eps_avg_yearly": 5.49,
            "eps_latest_yearly": 3.68,
            "eps_growth_yearly": 32.2
        },
        "20041": {
            "year_quarter": 20041,
            "year": 2004,
            "quarter": 1,
            "eps": -0.16,
            "eps_growth_year": -112.12,
            "eps_4q": 1.3,
            "eps_4q_growth_year": -75.51,
            "roe": -1.09,
            "roe_4q": 8.24,
            "gross_profit": 25877,
            "gross_margin": 21.11,
            "gross_margin_4q_avg": 27.99,
            "net_income": -5577,
            "net_income_4q": null,
            "revenue": 122553,
            "revenue_4q": null,
            "common_shares": 351946,
            "book_valuer_per_share": 14.47,
            "book_valuer_per_share_4q_avg": 15.1,
            "equity": 509414,
            "current_ratio": 327.29,
            "debt_ratio": 42.76,
            "inventory_turnover_ratio": 0.82,
            "account_receivable_turnover_ratio": null,
            "reinvestment_rate": null,
            "research_to_sale_ratio": null,
            "price_fair": 192.27,
            "eps_avg_yearly": 5.49,
            "eps_latest_yearly": 3.68,
            "eps_growth_yearly": 32.2
        },
        "20042": {
            "year_quarter": 20042,
            "year": 2004,
            "quarter": 2,
            "eps": -0.11,
            "eps_growth_year": -111.96,
            "eps_4q": 0.26,
            "eps_4q_growth_year": -94.67,
            "roe": -0.83,
            "roe_4q": 1.7100000000000002,
            "gross_profit": 28420,
            "gross_margin": 17.49,
            "gross_margin_4q_avg": 22.31,
            "net_income": -3925,
            "net_income_4q": null,
            "revenue": 162482,
            "revenue_4q": null,
            "common_shares": 351946,
            "book_valuer_per_share": 12.37,
            "book_valuer_per_share_4q_avg": 14.03,
            "equity": 435378,
            "current_ratio": 103.9,
            "debt_ratio": 55.1,
            "inventory_turnover_ratio": 1.12,
            "account_receivable_turnover_ratio": null,
            "reinvestment_rate": null,
            "research_to_sale_ratio": null,
            "price_fair": 192.27,
            "eps_avg_yearly": 5.49,
            "eps_latest_yearly": 3.68,
            "eps_growth_yearly": 32.2
        },
        "20043": {
            "year_quarter": 20043,
            "year": 2004,
            "quarter": 3,
            "eps": -1,
            "eps_growth_year": null,
            "eps_4q": -0.55,
            "eps_4q_growth_year": -114.6,
            "roe": -8.64,
            "roe_4q": -5.65,
            "gross_profit": 25789,
            "gross_margin": 13.86,
            "gross_margin_4q_avg": 19.37,
            "net_income": -36058,
            "net_income_4q": null,
            "revenue": 186075,
            "revenue_4q": null,
            "common_shares": 371391,
            "book_valuer_per_share": 10.76,
            "book_valuer_per_share_4q_avg": 13.07,
            "equity": 399758,
            "current_ratio": 104.36,
            "debt_ratio": 59.28,
            "inventory_turnover_ratio": 1.24,
            "account_receivable_turnover_ratio": null,
            "reinvestment_rate": null,
            "research_to_sale_ratio": null,
            "price_fair": 192.27,
            "eps_avg_yearly": 5.49,
            "eps_latest_yearly": 3.68,
            "eps_growth_yearly": 32.2
        },
        "20044": {
            "year_quarter": 20044,
            "year": 2004,
            "quarter": 4,
            "eps": -5.54,
            "eps_growth_year": -869.44,
            "eps_4q": -6.82,
            "eps_4q_growth_year": -358.66,
            "roe": -65.81,
            "roe_4q": -76.37,
            "gross_profit": 24446,
            "gross_margin": 17.42,
            "gross_margin_4q_avg": 17.47,
            "net_income": -198042,
            "net_income_4q": null,
            "revenue": 140309,
            "revenue_4q": null,
            "common_shares": 371391,
            "book_valuer_per_share": 5.44,
            "book_valuer_per_share_4q_avg": 10.76,
            "equity": 202087,
            "current_ratio": 111.37,
            "debt_ratio": 72.41,
            "inventory_turnover_ratio": 0.89,
            "account_receivable_turnover_ratio": null,
            "reinvestment_rate": null,
            "research_to_sale_ratio": null,
            "price_fair": 192.27,
            "eps_avg_yearly": 5.49,
            "eps_latest_yearly": 3.68,
            "eps_growth_yearly": 32.2
        },
        "20051": {
            "year_quarter": 20051,
            "year": 2005,
            "quarter": 1,
            "eps": -0.43,
            "eps_growth_year": null,
            "eps_4q": -7.14,
            "eps_4q_growth_year": -648.68,
            "roe": -7.85,
            "roe_4q": -83.13,
            "gross_profit": 20875,
            "gross_margin": 22.67,
            "gross_margin_4q_avg": 17.86,
            "net_income": -15264,
            "net_income_4q": null,
            "revenue": 92095,
            "revenue_4q": null,
            "common_shares": 371391,
            "book_valuer_per_share": 5.03,
            "book_valuer_per_share_4q_avg": 8.4,
            "equity": 186983,
            "current_ratio": 112.6,
            "debt_ratio": 69.19,
            "inventory_turnover_ratio": 0.67,
            "account_receivable_turnover_ratio": null,
            "reinvestment_rate": null,
            "research_to_sale_ratio": null,
            "price_fair": 192.27,
            "eps_avg_yearly": 5.49,
            "eps_latest_yearly": 3.68,
            "eps_growth_yearly": 32.2
        },
        "20052": {
            "year_quarter": 20052,
            "year": 2005,
            "quarter": 2,
            "eps": -1.7,
            "eps_growth_year": null,
            "eps_4q": -7.66,
            "eps_4q_growth_year": -3045.95,
            "roe": -36.71,
            "roe_4q": -119.01,
            "gross_profit": 21237,
            "gross_margin": 19.62,
            "gross_margin_4q_avg": 18.39,
            "net_income": -60007,
            "net_income_4q": null,
            "revenue": 108242,
            "revenue_4q": null,
            "common_shares": 404022,
            "book_valuer_per_share": 3.46,
            "book_valuer_per_share_4q_avg": 6.17,
            "equity": 139974,
            "current_ratio": 85.14,
            "debt_ratio": 75.25,
            "inventory_turnover_ratio": 1.03,
            "account_receivable_turnover_ratio": null,
            "reinvestment_rate": 624.85,
            "research_to_sale_ratio": null,
            "price_fair": 192.27,
            "eps_avg_yearly": 5.49,
            "eps_latest_yearly": 3.68,
            "eps_growth_yearly": 32.2
        },
        "20053": {
            "year_quarter": 20053,
            "year": 2005,
            "quarter": 3,
            "eps": -0.63,
            "eps_growth_year": null,
            "eps_4q": -10.8,
            "eps_4q_growth_year": null,
            "roe": -17.9,
            "roe_4q": -128.27,
            "gross_profit": 18170,
            "gross_margin": 10.76,
            "gross_margin_4q_avg": 17.62,
            "net_income": -22717,
            "net_income_4q": null,
            "revenue": 168896,
            "revenue_4q": null,
            "common_shares": 274205,
            "book_valuer_per_share": 4.15,
            "book_valuer_per_share_4q_avg": 4.52,
            "equity": 113840,
            "current_ratio": 85.24,
            "debt_ratio": 82.09,
            "inventory_turnover_ratio": 2.09,
            "account_receivable_turnover_ratio": null,
            "reinvestment_rate": null,
            "research_to_sale_ratio": null,
            "price_fair": 192.27,
            "eps_avg_yearly": 5.49,
            "eps_latest_yearly": 3.68,
            "eps_growth_yearly": 32.2
        },
        "20054": {
            "year_quarter": 20054,
            "year": 2005,
            "quarter": 4,
            "eps": -2.84,
            "eps_growth_year": null,
            "eps_4q": -6.34,
            "eps_4q_growth_year": null,
            "roe": -59.3,
            "roe_4q": -121.75999999999999,
            "gross_profit": 21814,
            "gross_margin": 12.57,
            "gross_margin_4q_avg": 16.41,
            "net_income": -79450,
            "net_income_4q": null,
            "revenue": 173503,
            "revenue_4q": null,
            "common_shares": 424205,
            "book_valuer_per_share": 3.63,
            "book_valuer_per_share_4q_avg": 4.07,
            "equity": 154111,
            "current_ratio": 99.09,
            "debt_ratio": 74.26,
            "inventory_turnover_ratio": 2.23,
            "account_receivable_turnover_ratio": null,
            "reinvestment_rate": null,
            "research_to_sale_ratio": null,
            "price_fair": 192.27,
            "eps_avg_yearly": 5.49,
            "eps_latest_yearly": 3.68,
            "eps_growth_yearly": 32.2
        },
        "20061": {
            "year_quarter": 20061,
            "year": 2006,
            "quarter": 1,
            "eps": 0,
            "eps_growth_year": null,
            "eps_4q": -3.82,
            "eps_4q_growth_year": null,
            "roe": 0.03,
            "roe_4q": -113.88,
            "gross_profit": 17781,
            "gross_margin": 13.36,
            "gross_margin_4q_avg": 14.08,
            "net_income": 42,
            "net_income_4q": null,
            "revenue": 133075,
            "revenue_4q": null,
            "common_shares": 424205,
            "book_valuer_per_share": 3.64,
            "book_valuer_per_share_4q_avg": 3.72,
            "equity": 154544,
            "current_ratio": 110.41,
            "debt_ratio": 72.8,
            "inventory_turnover_ratio": 1.8,
            "account_receivable_turnover_ratio": null,
            "reinvestment_rate": null,
            "research_to_sale_ratio": null,
            "price_fair": 14.93,
            "eps_avg_yearly": 4.98,
            "eps_latest_yearly": 3.68,
            "eps_growth_yearly": -8.6
        },
        "20062": {
            "year_quarter": 20062,
            "year": 2006,
            "quarter": 2,
            "eps": -1.66,
            "eps_growth_year": null,
            "eps_4q": -3.07,
            "eps_4q_growth_year": null,
            "roe": -20.05,
            "roe_4q": -97.22,
            "gross_profit": 19698,
            "gross_margin": 16.23,
            "gross_margin_4q_avg": 13.23,
            "net_income": -28146,
            "net_income_4q": null,
            "revenue": 121369,
            "revenue_4q": null,
            "common_shares": 424205,
            "book_valuer_per_share": 2.98,
            "book_valuer_per_share_4q_avg": 3.6,
            "equity": 126264,
            "current_ratio": 109.53,
            "debt_ratio": 75.34,
            "inventory_turnover_ratio": 2.04,
            "account_receivable_turnover_ratio": null,
            "reinvestment_rate": null,
            "research_to_sale_ratio": null,
            "price_fair": 185.85,
            "eps_avg_yearly": 5.31,
            "eps_latest_yearly": 3.68,
            "eps_growth_yearly": 44.2
        },
        "20063": {
            "year_quarter": 20063,
            "year": 2006,
            "quarter": 3,
            "eps": 0.01,
            "eps_growth_year": null,
            "eps_4q": -6.33,
            "eps_4q_growth_year": null,
            "roe": 0.09,
            "roe_4q": -79.22999999999999,
            "gross_profit": 19170,
            "gross_margin": 13.99,
            "gross_margin_4q_avg": 14.04,
            "net_income": 115,
            "net_income_4q": null,
            "revenue": 137000,
            "revenue_4q": null,
            "common_shares": 169682,
            "book_valuer_per_share": 7.26,
            "book_valuer_per_share_4q_avg": 4.38,
            "equity": 123193,
            "current_ratio": 108,
            "debt_ratio": 76,
            "inventory_turnover_ratio": 2.59,
            "account_receivable_turnover_ratio": null,
            "reinvestment_rate": null,
            "research_to_sale_ratio": null,
            "price_fair": 199.27,
            "eps_avg_yearly": 5.69,
            "eps_latest_yearly": 3.68,
            "eps_growth_yearly": 39.89
        },
        "20064": {
            "year_quarter": 20064,
            "year": 2006,
            "quarter": 4,
            "eps": -2.17,
            "eps_growth_year": null,
            "eps_4q": -3.71,
            "eps_4q_growth_year": null,
            "roe": -29.29,
            "roe_4q": -49.22,
            "gross_profit": 14437,
            "gross_margin": 13.4,
            "gross_margin_4q_avg": 14.25,
            "net_income": -39195,
            "net_income_4q": null,
            "revenue": 107745,
            "revenue_4q": null,
            "common_shares": 229682,
            "book_valuer_per_share": 6.29,
            "book_valuer_per_share_4q_avg": 5.04,
            "equity": 144422,
            "current_ratio": 107.28,
            "debt_ratio": 66.72,
            "inventory_turnover_ratio": 1.98,
            "account_receivable_turnover_ratio": null,
            "reinvestment_rate": null,
            "research_to_sale_ratio": null,
            "price_fair": 13.44,
            "eps_avg_yearly": 4.48,
            "eps_latest_yearly": 3.68,
            "eps_growth_yearly": -130.56
        },
        "20071": {
            "year_quarter": 20071,
            "year": 2007,
            "quarter": 1,
            "eps": 0.13,
            "eps_growth_year": null,
            "eps_4q": -2.81,
            "eps_4q_growth_year": null,
            "roe": 2.05,
            "roe_4q": -47.2,
            "gross_profit": 15578,
            "gross_margin": 12.6,
            "gross_margin_4q_avg": 14.06,
            "net_income": 2969,
            "net_income_4q": null,
            "revenue": 123679,
            "revenue_4q": null,
            "common_shares": 229682,
            "book_valuer_per_share": 6.3,
            "book_valuer_per_share_4q_avg": 5.71,
            "equity": 144727,
            "current_ratio": 115.65,
            "debt_ratio": 67.27,
            "inventory_turnover_ratio": 2.38,
            "account_receivable_turnover_ratio": null,
            "reinvestment_rate": null,
            "research_to_sale_ratio": null,
            "price_fair": 11.04,
            "eps_avg_yearly": 3.68,
            "eps_latest_yearly": 3.68,
            "eps_growth_yearly": -121.21
        },
        "20072": {
            "year_quarter": 20072,
            "year": 2007,
            "quarter": 2,
            "eps": 0.25,
            "eps_growth_year": null,
            "eps_4q": -1.33,
            "eps_4q_growth_year": null,
            "roe": 3.87,
            "roe_4q": -23.279999999999998,
            "gross_profit": 16090,
            "gross_margin": 12.45,
            "gross_margin_4q_avg": 13.11,
            "net_income": 5707,
            "net_income_4q": null,
            "revenue": 129236,
            "revenue_4q": null,
            "common_shares": 229682,
            "book_valuer_per_share": 6.53,
            "book_valuer_per_share_4q_avg": 6.6,
            "equity": 150006,
            "current_ratio": 116.47,
            "debt_ratio": 65.47,
            "inventory_turnover_ratio": 2.8,
            "account_receivable_turnover_ratio": null,
            "reinvestment_rate": null,
            "research_to_sale_ratio": null,
            "price_fair": 35,
            "eps_avg_yearly": 1,
            "eps_latest_yearly": 1,
            "eps_growth_yearly": 369.23
        },
        "20073": {
            "year_quarter": 20073,
            "year": 2007,
            "quarter": 3,
            "eps": 0.07,
            "eps_growth_year": 600,
            "eps_4q": -1.22,
            "eps_4q_growth_year": null,
            "roe": 1.1,
            "roe_4q": -22.27,
            "gross_profit": 16032,
            "gross_margin": 11.16,
            "gross_margin_4q_avg": 12.4,
            "net_income": 1653,
            "net_income_4q": null,
            "revenue": 143629,
            "revenue_4q": null,
            "common_shares": 229682,
            "book_valuer_per_share": 6.59,
            "book_valuer_per_share_4q_avg": 6.43,
            "equity": 151279,
            "current_ratio": 102.11,
            "debt_ratio": 61.64,
            "inventory_turnover_ratio": 3.54,
            "account_receivable_turnover_ratio": null,
            "reinvestment_rate": null,
            "research_to_sale_ratio": null,
            "price_fair": 22.4,
            "eps_avg_yearly": 0.64,
            "eps_latest_yearly": 0.28,
            "eps_growth_yearly": 40.62
        },
        "20074": {
            "year_quarter": 20074,
            "year": 2007,
            "quarter": 4,
            "eps": 0.24,
            "eps_growth_year": null,
            "eps_4q": 0.69,
            "eps_4q_growth_year": null,
            "roe": 3.59,
            "roe_4q": 10.61,
            "gross_profit": 16983,
            "gross_margin": 11.72,
            "gross_margin_4q_avg": 11.98,
            "net_income": 5568,
            "net_income_4q": null,
            "revenue": 144926,
            "revenue_4q": null,
            "common_shares": 229682,
            "book_valuer_per_share": 6.9,
            "book_valuer_per_share_4q_avg": 6.58,
            "equity": 158553,
            "current_ratio": 111.5,
            "debt_ratio": 63.81,
            "inventory_turnover_ratio": 3.25,
            "account_receivable_turnover_ratio": null,
            "reinvestment_rate": null,
            "research_to_sale_ratio": null,
            "price_fair": 26.13,
            "eps_avg_yearly": 0.75,
            "eps_latest_yearly": 0.96,
            "eps_growth_yearly": 350.89
        },
        "20081": {
            "year_quarter": 20081,
            "year": 2008,
            "quarter": 1,
            "eps": 0.06,
            "eps_growth_year": -53.85,
            "eps_4q": 0.6,
            "eps_4q_growth_year": null,
            "roe": 0.9,
            "roe_4q": 9.46,
            "gross_profit": 17912,
            "gross_margin": 13.56,
            "gross_margin_4q_avg": 12.22,
            "net_income": 1435,
            "net_income_4q": null,
            "revenue": 132112,
            "revenue_4q": null,
            "common_shares": 229682,
            "book_valuer_per_share": 6.91,
            "book_valuer_per_share_4q_avg": 6.73,
            "equity": 158712,
            "current_ratio": 114.44,
            "debt_ratio": 59.66,
            "inventory_turnover_ratio": 2.53,
            "account_receivable_turnover_ratio": null,
            "reinvestment_rate": null,
            "research_to_sale_ratio": null,
            "price_fair": 21.7,
            "eps_avg_yearly": 0.62,
            "eps_latest_yearly": 0.24,
            "eps_growth_yearly": 188.16
        },
        "20082": {
            "year_quarter": 20082,
            "year": 2008,
            "quarter": 2,
            "eps": 0.32,
            "eps_growth_year": 28,
            "eps_4q": 0.7,
            "eps_4q_growth_year": null,
            "roe": 4.53,
            "roe_4q": 10.12,
            "gross_profit": 17398,
            "gross_margin": 12.26,
            "gross_margin_4q_avg": 12.18,
            "net_income": 7349,
            "net_income_4q": null,
            "revenue": 141922,
            "revenue_4q": null,
            "common_shares": 229682,
            "book_valuer_per_share": 7.23,
            "book_valuer_per_share_4q_avg": 6.91,
            "equity": 165999,
            "current_ratio": 159.57,
            "debt_ratio": 58.22,
            "inventory_turnover_ratio": 3.05,
            "account_receivable_turnover_ratio": null,
            "reinvestment_rate": null,
            "research_to_sale_ratio": null,
            "price_fair": 26.32,
            "eps_avg_yearly": 0.75,
            "eps_latest_yearly": 1.28,
            "eps_growth_yearly": 497.2
        },
        "20083": {
            "year_quarter": 20083,
            "year": 2008,
            "quarter": 3,
            "eps": 2.78,
            "eps_growth_year": 3871.43,
            "eps_4q": 3.41,
            "eps_4q_growth_year": null,
            "roe": 31.71,
            "roe_4q": 40.730000000000004,
            "gross_profit": 15287,
            "gross_margin": 13.39,
            "gross_margin_4q_avg": 12.73,
            "net_income": 63780,
            "net_income_4q": null,
            "revenue": 114154,
            "revenue_4q": null,
            "common_shares": 229682,
            "book_valuer_per_share": 10.29,
            "book_valuer_per_share_4q_avg": 7.83,
            "equity": 236315,
            "current_ratio": 293.19,
            "debt_ratio": 31.18,
            "inventory_turnover_ratio": 2.57,
            "account_receivable_turnover_ratio": null,
            "reinvestment_rate": null,
            "research_to_sale_ratio": null,
            "price_fair": 86.8,
            "eps_avg_yearly": 2.48,
            "eps_latest_yearly": 11.12,
            "eps_growth_yearly": 926.83
        },
        "20084": {
            "year_quarter": 20084,
            "year": 2008,
            "quarter": 4,
            "eps": 0.6,
            "eps_growth_year": 150,
            "eps_4q": 3.76,
            "eps_4q_growth_year": 448.5,
            "roe": 5.67,
            "roe_4q": 42.81,
            "gross_profit": 4879,
            "gross_margin": 6.67,
            "gross_margin_4q_avg": 11.47,
            "net_income": 13785,
            "net_income_4q": null,
            "revenue": 73113,
            "revenue_4q": null,
            "common_shares": 229682,
            "book_valuer_per_share": 10.9,
            "book_valuer_per_share_4q_avg": 8.83,
            "equity": 250313,
            "current_ratio": 480.5,
            "debt_ratio": 17.53,
            "inventory_turnover_ratio": 1.69,
            "account_receivable_turnover_ratio": 1.43,
            "reinvestment_rate": null,
            "research_to_sale_ratio": null,
            "price_fair": 86.4,
            "eps_avg_yearly": 2.47,
            "eps_latest_yearly": 2.4,
            "eps_growth_yearly": 749.62
        },
        "20091": {
            "year_quarter": 20091,
            "year": 2009,
            "quarter": 1,
            "eps": -0.07,
            "eps_growth_year": -216.67,
            "eps_4q": 3.62,
            "eps_4q_growth_year": 503.37,
            "roe": -0.68,
            "roe_4q": 41.230000000000004,
            "gross_profit": 5541,
            "gross_margin": 9.3,
            "gross_margin_4q_avg": 10.41,
            "net_income": -1689,
            "net_income_4q": null,
            "revenue": 59597,
            "revenue_4q": null,
            "common_shares": 229682,
            "book_valuer_per_share": 10.86,
            "book_valuer_per_share_4q_avg": 9.82,
            "equity": 249343,
            "current_ratio": 593.7,
            "debt_ratio": 14.1,
            "inventory_turnover_ratio": 1.32,
            "account_receivable_turnover_ratio": 0.66,
            "reinvestment_rate": null,
            "research_to_sale_ratio": null,
            "price_fair": 86.4,
            "eps_avg_yearly": 2.47,
            "eps_latest_yearly": 2.4,
            "eps_growth_yearly": 749.62
        },
        "20092": {
            "year_quarter": 20092,
            "year": 2009,
            "quarter": 2,
            "eps": -0.64,
            "eps_growth_year": -300,
            "eps_4q": 2.66,
            "eps_4q_growth_year": 282.03,
            "roe": -6.24,
            "roe_4q": 30.46,
            "gross_profit": 6997,
            "gross_margin": 9.93,
            "gross_margin_4q_avg": 9.82,
            "net_income": -14726,
            "net_income_4q": null,
            "revenue": 70472,
            "revenue_4q": null,
            "common_shares": 229682,
            "book_valuer_per_share": 9.68,
            "book_valuer_per_share_4q_avg": 10.43,
            "equity": 222405,
            "current_ratio": 436.95,
            "debt_ratio": 19.73,
            "inventory_turnover_ratio": 1.81,
            "account_receivable_turnover_ratio": 0.88,
            "reinvestment_rate": null,
            "research_to_sale_ratio": null,
            "price_fair": 86.4,
            "eps_avg_yearly": 2.47,
            "eps_latest_yearly": 2.4,
            "eps_growth_yearly": 749.62
        },
        "20093": {
            "year_quarter": 20093,
            "year": 2009,
            "quarter": 3,
            "eps": -0.25,
            "eps_growth_year": -108.99,
            "eps_4q": -0.37,
            "eps_4q_growth_year": -110.79,
            "roe": -2.64,
            "roe_4q": -3.8900000000000006,
            "gross_profit": 11377,
            "gross_margin": 15.86,
            "gross_margin_4q_avg": 10.44,
            "net_income": -5811,
            "net_income_4q": null,
            "revenue": 71743,
            "revenue_4q": null,
            "common_shares": 229682,
            "book_valuer_per_share": 9.47,
            "book_valuer_per_share_4q_avg": 10.23,
            "equity": 217402,
            "current_ratio": 678.8,
            "debt_ratio": 12.53,
            "inventory_turnover_ratio": 2.84,
            "account_receivable_turnover_ratio": 0.81,
            "reinvestment_rate": null,
            "research_to_sale_ratio": null,
            "price_fair": 86.4,
            "eps_avg_yearly": 2.47,
            "eps_latest_yearly": 2.4,
            "eps_growth_yearly": 749.62
        },
        "20094": {
            "year_quarter": 20094,
            "year": 2009,
            "quarter": 4,
            "eps": 1.18,
            "eps_growth_year": 96.67,
            "eps_4q": 0.21,
            "eps_4q_growth_year": -94.46,
            "roe": 11.68,
            "roe_4q": 2.1199999999999988,
            "gross_profit": 36823,
            "gross_margin": 48.64,
            "gross_margin_4q_avg": 20.93,
            "net_income": 27004,
            "net_income_4q": null,
            "revenue": 75708,
            "revenue_4q": null,
            "common_shares": 229682,
            "book_valuer_per_share": 0,
            "book_valuer_per_share_4q_avg": 7.5,
            "equity": 245117,
            "current_ratio": 655.01,
            "debt_ratio": 13.63,
            "inventory_turnover_ratio": 3.09,
            "account_receivable_turnover_ratio": 4.99,
            "reinvestment_rate": -253.36,
            "research_to_sale_ratio": null,
            "price_fair": 86.4,
            "eps_avg_yearly": 2.47,
            "eps_latest_yearly": 2.4,
            "eps_growth_yearly": 749.62
        },
        "20101": {
            "year_quarter": 20101,
            "year": 2010,
            "quarter": 1,
            "eps": 0.81,
            "eps_growth_year": null,
            "eps_4q": 0.78,
            "eps_4q_growth_year": -78.5,
            "roe": 6.39,
            "roe_4q": 9.19,
            "gross_profit": 39129,
            "gross_margin": 58.1,
            "gross_margin_4q_avg": 33.13,
            "net_income": 23113,
            "net_income_4q": null,
            "revenue": 67353,
            "revenue_4q": null,
            "common_shares": 379682,
            "book_valuer_per_share": 12.6,
            "book_valuer_per_share_4q_avg": 7.94,
            "equity": 478230,
            "current_ratio": 1008.91,
            "debt_ratio": 9.45,
            "inventory_turnover_ratio": 2.48,
            "account_receivable_turnover_ratio": 1.98,
            "reinvestment_rate": -158.95,
            "research_to_sale_ratio": null,
            "price_fair": 89.78,
            "eps_avg_yearly": 2.57,
            "eps_latest_yearly": 3.24,
            "eps_growth_yearly": 640.24
        },
        "20102": {
            "year_quarter": 20102,
            "year": 2010,
            "quarter": 2,
            "eps": -0.09,
            "eps_growth_year": null,
            "eps_4q": 1.08,
            "eps_4q_growth_year": -59.45,
            "roe": -0.7,
            "roe_4q": 14.729999999999997,
            "gross_profit": 79088,
            "gross_margin": 49.49,
            "gross_margin_4q_avg": 43.02,
            "net_income": -3312,
            "net_income_4q": null,
            "revenue": 159812,
            "revenue_4q": null,
            "common_shares": 379682,
            "book_valuer_per_share": 12.51,
            "book_valuer_per_share_4q_avg": 8.65,
            "equity": 474918,
            "current_ratio": 228.6,
            "debt_ratio": 33.19,
            "inventory_turnover_ratio": 0.57,
            "account_receivable_turnover_ratio": 5.88,
            "reinvestment_rate": -7.14,
            "research_to_sale_ratio": null,
            "price_fair": 89.78,
            "eps_avg_yearly": 2.57,
            "eps_latest_yearly": 3.24,
            "eps_growth_yearly": 640.24
        },
        "20103": {
            "year_quarter": 20103,
            "year": 2010,
            "quarter": 3,
            "eps": 0.35,
            "eps_growth_year": null,
            "eps_4q": 1.58,
            "eps_4q_growth_year": null,
            "roe": 2.73,
            "roe_4q": 20.1,
            "gross_profit": 131529,
            "gross_margin": 55.01,
            "gross_margin_4q_avg": 52.81,
            "net_income": 13145,
            "net_income_4q": null,
            "revenue": 239098,
            "revenue_4q": null,
            "common_shares": 379682,
            "book_valuer_per_share": 12.85,
            "book_valuer_per_share_4q_avg": 9.49,
            "equity": 488063,
            "current_ratio": 248.26,
            "debt_ratio": 31.04,
            "inventory_turnover_ratio": 0.39,
            "account_receivable_turnover_ratio": 18.97,
            "reinvestment_rate": -12.52,
            "research_to_sale_ratio": null,
            "price_fair": 89.78,
            "eps_avg_yearly": 2.57,
            "eps_latest_yearly": 3.24,
            "eps_growth_yearly": 640.24
        },
        "20104": {
            "year_quarter": 20104,
            "year": 2010,
            "quarter": 4,
            "eps": 1.13,
            "eps_growth_year": -4.58,
            "eps_4q": 1.99,
            "eps_4q_growth_year": 858.37,
            "roe": 8.39,
            "roe_4q": 16.810000000000002,
            "gross_profit": 164692,
            "gross_margin": 60.62,
            "gross_margin_4q_avg": 55.81,
            "net_income": 42750,
            "net_income_4q": null,
            "revenue": 271685,
            "revenue_4q": null,
            "common_shares": 379682,
            "book_valuer_per_share": 13.98,
            "book_valuer_per_share_4q_avg": 12.99,
            "equity": 530813,
            "current_ratio": 263.84,
            "debt_ratio": 30.4,
            "inventory_turnover_ratio": 0.37,
            "account_receivable_turnover_ratio": 20.3,
            "reinvestment_rate": 17.35,
            "research_to_sale_ratio": null,
            "price_fair": 97.38,
            "eps_avg_yearly": 2.78,
            "eps_latest_yearly": 4.52,
            "eps_growth_yearly": 668.15
        },
        "20111": {
            "year_quarter": 20111,
            "year": 2011,
            "quarter": 1,
            "eps": 1.3,
            "eps_growth_year": 60.49,
            "eps_4q": 2.69,
            "eps_4q_growth_year": 245.09,
            "roe": 8.91,
            "roe_4q": 19.330000000000002,
            "gross_profit": 177287,
            "gross_margin": 60.43,
            "gross_margin_4q_avg": 56.39,
            "net_income": 49494,
            "net_income_4q": null,
            "revenue": 293361,
            "revenue_4q": null,
            "common_shares": 379682,
            "book_valuer_per_share": 15.28,
            "book_valuer_per_share_4q_avg": 13.66,
            "equity": 580307,
            "current_ratio": 341.95,
            "debt_ratio": 24.14,
            "inventory_turnover_ratio": 0.39,
            "account_receivable_turnover_ratio": 19.7,
            "reinvestment_rate": 11.19,
            "research_to_sale_ratio": null,
            "price_fair": 105.84,
            "eps_avg_yearly": 3.02,
            "eps_latest_yearly": 5.2,
            "eps_growth_yearly": 607.35
        },
        "20112": {
            "year_quarter": 20112,
            "year": 2011,
            "quarter": 2,
            "eps": 1.25,
            "eps_growth_year": null,
            "eps_4q": 4.03,
            "eps_4q_growth_year": 273.32,
            "roe": 8.42,
            "roe_4q": 28.45,
            "gross_profit": 185371,
            "gross_margin": 60.86,
            "gross_margin_4q_avg": 59.23,
            "net_income": 47649,
            "net_income_4q": null,
            "revenue": 304577,
            "revenue_4q": null,
            "common_shares": 379682,
            "book_valuer_per_share": 14.54,
            "book_valuer_per_share_4q_avg": 14.16,
            "equity": 552020,
            "current_ratio": 240.57,
            "debt_ratio": 35.66,
            "inventory_turnover_ratio": 0.43,
            "account_receivable_turnover_ratio": 28.03,
            "reinvestment_rate": 9.45,
            "research_to_sale_ratio": null,
            "price_fair": 119.84,
            "eps_avg_yearly": 3.42,
            "eps_latest_yearly": 5,
            "eps_growth_yearly": 568.89
        },
        "20113": {
            "year_quarter": 20113,
            "year": 2011,
            "quarter": 3,
            "eps": 2.09,
            "eps_growth_year": 502.68,
            "eps_4q": 5.77,
            "eps_4q_growth_year": 265.5,
            "roe": 13.39,
            "roe_4q": 39.11,
            "gross_profit": 233614,
            "gross_margin": 63.15,
            "gross_margin_4q_avg": 61.27,
            "net_income": 79222,
            "net_income_4q": null,
            "revenue": 369909,
            "revenue_4q": null,
            "common_shares": 379682,
            "book_valuer_per_share": 16.63,
            "book_valuer_per_share_4q_avg": 15.11,
            "equity": 631242,
            "current_ratio": 306.51,
            "debt_ratio": 28.49,
            "inventory_turnover_ratio": 0.52,
            "account_receivable_turnover_ratio": 33.93,
            "reinvestment_rate": 4.94,
            "research_to_sale_ratio": null,
            "price_fair": 148.12,
            "eps_avg_yearly": 4.23,
            "eps_latest_yearly": 8.36,
            "eps_growth_yearly": 624.57
        },
        "20114": {
            "year_quarter": 20114,
            "year": 2011,
            "quarter": 4,
            "eps": 1.58,
            "eps_growth_year": 40.58,
            "eps_4q": 6.23,
            "eps_4q_growth_year": 212.38,
            "roe": 9.09,
            "roe_4q": 39.81,
            "gross_profit": 214405,
            "gross_margin": 61.15,
            "gross_margin_4q_avg": 61.4,
            "net_income": 60096,
            "net_income_4q": null,
            "revenue": 350643,
            "revenue_4q": null,
            "common_shares": 379682,
            "book_valuer_per_share": 18.21,
            "book_valuer_per_share_4q_avg": 16.17,
            "equity": 691338,
            "current_ratio": 285.5,
            "debt_ratio": 30.59,
            "inventory_turnover_ratio": 0.47,
            "account_receivable_turnover_ratio": 21.04,
            "reinvestment_rate": 7.75,
            "research_to_sale_ratio": null,
            "price_fair": 166.88,
            "eps_avg_yearly": 4.77,
            "eps_latest_yearly": 6.32,
            "eps_growth_yearly": 517.67
        },
        "20121": {
            "year_quarter": 20121,
            "year": 2012,
            "quarter": 1,
            "eps": 1.11,
            "eps_growth_year": -14.62,
            "eps_4q": 6.03,
            "eps_4q_growth_year": 124.3,
            "roe": 5.89,
            "roe_4q": 36.79,
            "gross_profit": 180053,
            "gross_margin": 61.35,
            "gross_margin_4q_avg": 61.63,
            "net_income": 41987,
            "net_income_4q": null,
            "revenue": 293481,
            "revenue_4q": null,
            "common_shares": 379682,
            "book_valuer_per_share": 19.31,
            "book_valuer_per_share_4q_avg": 17.17,
            "equity": 733325,
            "current_ratio": 328.22,
            "debt_ratio": 26.65,
            "inventory_turnover_ratio": 0.35,
            "account_receivable_turnover_ratio": 17.36,
            "reinvestment_rate": 5.56,
            "research_to_sale_ratio": null,
            "price_fair": 181.58,
            "eps_avg_yearly": 5.19,
            "eps_latest_yearly": 4.44,
            "eps_growth_yearly": 535.77
        },
        "20122": {
            "year_quarter": 20122,
            "year": 2012,
            "quarter": 2,
            "eps": 1.02,
            "eps_growth_year": -18.93,
            "eps_4q": 5.57,
            "eps_4q_growth_year": 38.07,
            "roe": 6.07,
            "roe_4q": 34.44,
            "gross_profit": 189453,
            "gross_margin": 62.33,
            "gross_margin_4q_avg": 62,
            "net_income": 40561,
            "net_income_4q": null,
            "revenue": 303939,
            "revenue_4q": null,
            "common_shares": 379682,
            "book_valuer_per_share": 15.88,
            "book_valuer_per_share_4q_avg": 17.51,
            "equity": 603029,
            "current_ratio": 200.67,
            "debt_ratio": 44.03,
            "inventory_turnover_ratio": 0.34,
            "account_receivable_turnover_ratio": 19.89,
            "reinvestment_rate": 15.65,
            "research_to_sale_ratio": null,
            "price_fair": 191.38,
            "eps_avg_yearly": 5.47,
            "eps_latest_yearly": 4.08,
            "eps_growth_yearly": 359.19
        },
        "20123": {
            "year_quarter": 20123,
            "year": 2012,
            "quarter": 3,
            "eps": 1.52,
            "eps_growth_year": -27.32,
            "eps_4q": 5.09,
            "eps_4q_growth_year": -11.72,
            "roe": 9.55,
            "roe_4q": 30.6,
            "gross_profit": 232304,
            "gross_margin": 61.44,
            "gross_margin_4q_avg": 61.57,
            "net_income": 60454,
            "net_income_4q": null,
            "revenue": 378122,
            "revenue_4q": null,
            "common_shares": 398666,
            "book_valuer_per_share": 16.64,
            "book_valuer_per_share_4q_avg": 17.51,
            "equity": 663483,
            "current_ratio": 307.76,
            "debt_ratio": 28.16,
            "inventory_turnover_ratio": 0.42,
            "account_receivable_turnover_ratio": 20.07,
            "reinvestment_rate": 15.29,
            "research_to_sale_ratio": null,
            "price_fair": 173.74,
            "eps_avg_yearly": 4.96,
            "eps_latest_yearly": 6.08,
            "eps_growth_yearly": 71.3
        },
        "20124": {
            "year_quarter": 20124,
            "year": 2012,
            "quarter": 4,
            "eps": 1.46,
            "eps_growth_year": -8.05,
            "eps_4q": 5.04,
            "eps_4q_growth_year": -19.04,
            "roe": 8.38,
            "roe_4q": 29.89,
            "gross_profit": 233456,
            "gross_margin": 61.83,
            "gross_margin_4q_avg": 61.74,
            "net_income": 58020,
            "net_income_4q": null,
            "revenue": 377597,
            "revenue_4q": null,
            "common_shares": 398666,
            "book_valuer_per_share": 18.1,
            "book_valuer_per_share_4q_avg": 17.48,
            "equity": 721503,
            "current_ratio": 309.19,
            "debt_ratio": 28.38,
            "inventory_turnover_ratio": 0.42,
            "account_receivable_turnover_ratio": 11.69,
            "reinvestment_rate": 14.17,
            "research_to_sale_ratio": null,
            "price_fair": 185.78,
            "eps_avg_yearly": 5.31,
            "eps_latest_yearly": 5.84,
            "eps_growth_yearly": 101.09
        },
        "20131": {
            "year_quarter": 20131,
            "year": 2013,
            "quarter": 1,
            "eps": 1.55,
            "eps_growth_year": 39.64,
            "eps_4q": 5.54,
            "eps_4q_growth_year": -8.19,
            "roe": 8.22,
            "roe_4q": 32.22,
            "gross_profit": 235889,
            "gross_margin": 62.77,
            "gross_margin_4q_avg": 62.09,
            "net_income": 61677,
            "net_income_4q": null,
            "revenue": 375783,
            "revenue_4q": null,
            "common_shares": 398666,
            "book_valuer_per_share": 19.53,
            "book_valuer_per_share_4q_avg": 17.54,
            "equity": 778434,
            "current_ratio": 312.8,
            "debt_ratio": 28.82,
            "inventory_turnover_ratio": 0.41,
            "account_receivable_turnover_ratio": 8.9,
            "reinvestment_rate": 14.38,
            "research_to_sale_ratio": null,
            "price_fair": 188.62,
            "eps_avg_yearly": 5.39,
            "eps_latest_yearly": 6.2,
            "eps_growth_yearly": 94.14
        },
        "20132": {
            "year_quarter": 20132,
            "year": 2013,
            "quarter": 2,
            "eps": 1.31,
            "eps_growth_year": 28.76,
            "eps_4q": 5.61,
            "eps_4q_growth_year": 0.89,
            "roe": 7.56,
            "roe_4q": 33.71000000000001,
            "gross_profit": 228516,
            "gross_margin": 61.61,
            "gross_margin_4q_avg": 61.91,
            "net_income": 54888,
            "net_income_4q": null,
            "revenue": 370928,
            "revenue_4q": null,
            "common_shares": 398666,
            "book_valuer_per_share": 16.9,
            "book_valuer_per_share_4q_avg": 17.79,
            "equity": 673855,
            "current_ratio": 170.61,
            "debt_ratio": 58.09,
            "inventory_turnover_ratio": 0.39,
            "account_receivable_turnover_ratio": 10.13,
            "reinvestment_rate": 105.22,
            "research_to_sale_ratio": null,
            "price_fair": 188.18,
            "eps_avg_yearly": 5.38,
            "eps_latest_yearly": 5.24,
            "eps_growth_yearly": 81.13
        },
        "20133": {
            "year_quarter": 20133,
            "year": 2013,
            "quarter": 3,
            "eps": 1.92,
            "eps_growth_year": 26.62,
            "eps_4q": 6.09,
            "eps_4q_growth_year": 19.63,
            "roe": 11.28,
            "roe_4q": 35.440000000000005,
            "gross_profit": 270216,
            "gross_margin": 61.61,
            "gross_margin_4q_avg": 61.96,
            "net_income": 80536,
            "net_income_4q": null,
            "revenue": 438607,
            "revenue_4q": null,
            "common_shares": 418599,
            "book_valuer_per_share": 18.02,
            "book_valuer_per_share_4q_avg": 18.14,
            "equity": 754391,
            "current_ratio": 245.77,
            "debt_ratio": 49.08,
            "inventory_turnover_ratio": 0.44,
            "account_receivable_turnover_ratio": 13.67,
            "reinvestment_rate": 93.54,
            "research_to_sale_ratio": null,
            "price_fair": 194.38,
            "eps_avg_yearly": 5.55,
            "eps_latest_yearly": 7.68,
            "eps_growth_yearly": 89.22
        },
        "20134": {
            "year_quarter": 20134,
            "year": 2013,
            "quarter": 4,
            "eps": 1.92,
            "eps_growth_year": 31.66,
            "eps_4q": 6.62,
            "eps_4q_growth_year": 31.38,
            "roe": 10.1,
            "roe_4q": 37.16,
            "gross_profit": 273541,
            "gross_margin": 62.05,
            "gross_margin_4q_avg": 62.01,
            "net_income": 80208,
            "net_income_4q": null,
            "revenue": 440864,
            "revenue_4q": null,
            "common_shares": 418599,
            "book_valuer_per_share": 19.94,
            "book_valuer_per_share_4q_avg": 18.6,
            "equity": 834599,
            "current_ratio": 249.12,
            "debt_ratio": 47.82,
            "inventory_turnover_ratio": 0.42,
            "account_receivable_turnover_ratio": 12.27,
            "reinvestment_rate": 87.08,
            "research_to_sale_ratio": null,
            "price_fair": 199.7,
            "eps_avg_yearly": 5.71,
            "eps_latest_yearly": 7.68,
            "eps_growth_yearly": 82.85
        },
        "20141": {
            "year_quarter": 20141,
            "year": 2014,
            "quarter": 1,
            "eps": 1.51,
            "eps_growth_year": -2.58,
            "eps_4q": 6.66,
            "eps_4q_growth_year": 20.31,
            "roe": 7.29,
            "roe_4q": 36.230000000000004,
            "gross_profit": 246591,
            "gross_margin": 61.8,
            "gross_margin_4q_avg": 61.77,
            "net_income": 63186,
            "net_income_4q": null,
            "revenue": 399042,
            "revenue_4q": null,
            "common_shares": 418599,
            "book_valuer_per_share": 21.45,
            "book_valuer_per_share_4q_avg": 19.08,
            "equity": 897785,
            "current_ratio": 274.26,
            "debt_ratio": 45.27,
            "inventory_turnover_ratio": 0.36,
            "account_receivable_turnover_ratio": 11.3,
            "reinvestment_rate": 82.7,
            "research_to_sale_ratio": null,
            "price_fair": 206.7,
            "eps_avg_yearly": 5.91,
            "eps_latest_yearly": 6.04,
            "eps_growth_yearly": 85.7
        },
        "20142": {
            "year_quarter": 20142,
            "year": 2014,
            "quarter": 2,
            "eps": 1.43,
            "eps_growth_year": 9.16,
            "eps_4q": 6.46,
            "eps_4q_growth_year": 15.02,
            "roe": 7.28,
            "roe_4q": 35.95,
            "gross_profit": 242615,
            "gross_margin": 60.53,
            "gross_margin_4q_avg": 61.5,
            "net_income": 59932,
            "net_income_4q": null,
            "revenue": 400791,
            "revenue_4q": null,
            "common_shares": 418599,
            "book_valuer_per_share": 17.88,
            "book_valuer_per_share_4q_avg": 19.32,
            "equity": 748417,
            "current_ratio": 168.17,
            "debt_ratio": 56.8,
            "inventory_turnover_ratio": 0.35,
            "account_receivable_turnover_ratio": 11.66,
            "reinvestment_rate": 65.78,
            "research_to_sale_ratio": null,
            "price_fair": 206.27,
            "eps_avg_yearly": 5.89,
            "eps_latest_yearly": 5.72,
            "eps_growth_yearly": 78.58
        },
        "20143": {
            "year_quarter": 20143,
            "year": 2014,
            "quarter": 3,
            "eps": 1.72,
            "eps_growth_year": -10.42,
            "eps_4q": 6.34,
            "eps_4q_growth_year": 4.09,
            "roe": 9.61,
            "roe_4q": 34.28,
            "gross_profit": 278089,
            "gross_margin": 60.77,
            "gross_margin_4q_avg": 61.29,
            "net_income": 75514,
            "net_income_4q": null,
            "revenue": 457646,
            "revenue_4q": null,
            "common_shares": 418599,
            "book_valuer_per_share": 19.68,
            "book_valuer_per_share_4q_avg": 19.74,
            "equity": 823931,
            "current_ratio": 184.39,
            "debt_ratio": 53.12,
            "inventory_turnover_ratio": 0.4,
            "account_receivable_turnover_ratio": 13.58,
            "reinvestment_rate": 62.48,
            "research_to_sale_ratio": null,
            "price_fair": 208.43,
            "eps_avg_yearly": 5.96,
            "eps_latest_yearly": 6.88,
            "eps_growth_yearly": 78.74
        },
        "20144": {
            "year_quarter": 20144,
            "year": 2014,
            "quarter": 4,
            "eps": 1.59,
            "eps_growth_year": -16.83,
            "eps_4q": 6.11,
            "eps_4q_growth_year": -7.73,
            "roe": 8.15,
            "roe_4q": 32.33,
            "gross_profit": 273501,
            "gross_margin": 60.73,
            "gross_margin_4q_avg": 60.96,
            "net_income": 70046,
            "net_income_4q": null,
            "revenue": 450354,
            "revenue_4q": null,
            "common_shares": 439529,
            "book_valuer_per_share": 20.34,
            "book_valuer_per_share_4q_avg": 19.84,
            "equity": 893977,
            "current_ratio": 257.04,
            "debt_ratio": 45.1,
            "inventory_turnover_ratio": 0.41,
            "account_receivable_turnover_ratio": 13.75,
            "reinvestment_rate": 60.36,
            "research_to_sale_ratio": null,
            "price_fair": 188.97,
            "eps_avg_yearly": 6.07,
            "eps_latest_yearly": 6.36,
            "eps_growth_yearly": 21.13
        },
        "20151": {
            "year_quarter": 20151,
            "year": 2015,
            "quarter": 1,
            "eps": 1.28,
            "eps_growth_year": -15.23,
            "eps_4q": 5.96,
            "eps_4q_growth_year": -10.54,
            "roe": 6.12,
            "roe_4q": 31.16,
            "gross_profit": 244743,
            "gross_margin": 60.67,
            "gross_margin_4q_avg": 60.68,
            "net_income": 56417,
            "net_income_4q": null,
            "revenue": 403394,
            "revenue_4q": null,
            "common_shares": 439529,
            "book_valuer_per_share": 21.62,
            "book_valuer_per_share_4q_avg": 19.88,
            "equity": 950394,
            "current_ratio": 293.37,
            "debt_ratio": 42.51,
            "inventory_turnover_ratio": 0.37,
            "account_receivable_turnover_ratio": 11.56,
            "reinvestment_rate": 60.71,
            "research_to_sale_ratio": null,
            "price_fair": 136.44,
            "eps_avg_yearly": 6.07,
            "eps_latest_yearly": 5.12,
            "eps_growth_yearly": 12.5
        },
        "20152": {
            "year_quarter": 20152,
            "year": 2015,
            "quarter": 2,
            "eps": 1.09,
            "eps_growth_year": -23.78,
            "eps_4q": 5.8,
            "eps_4q_growth_year": -10.14,
            "roe": 5.71,
            "roe_4q": 29.59,
            "gross_profit": 233126,
            "gross_margin": 59.7,
            "gross_margin_4q_avg": 60.47,
            "net_income": 47477,
            "net_income_4q": null,
            "revenue": 390466,
            "revenue_4q": null,
            "common_shares": 439529,
            "book_valuer_per_share": 16.55,
            "book_valuer_per_share_4q_avg": 19.55,
            "equity": 711550,
            "current_ratio": 156.74,
            "debt_ratio": 57.13,
            "inventory_turnover_ratio": 0.37,
            "account_receivable_turnover_ratio": 11.04,
            "reinvestment_rate": 60.1,
            "research_to_sale_ratio": null,
            "price_fair": 118.98,
            "eps_avg_yearly": 6.03,
            "eps_latest_yearly": 4.36,
            "eps_growth_yearly": 9.75
        },
        "20153": {
            "year_quarter": 20153,
            "year": 2015,
            "quarter": 3,
            "eps": 0.78,
            "eps_growth_year": -54.65,
            "eps_4q": 4.82,
            "eps_4q_growth_year": -23.95,
            "roe": 4.59,
            "roe_4q": 24.57,
            "gross_profit": 209150,
            "gross_margin": 56.22,
            "gross_margin_4q_avg": 59.33,
            "net_income": 33450,
            "net_income_4q": null,
            "revenue": 372050,
            "revenue_4q": null,
            "common_shares": 429829,
            "book_valuer_per_share": 17.33,
            "book_valuer_per_share_4q_avg": 18.96,
            "equity": 745000,
            "current_ratio": 199.3,
            "debt_ratio": 49.66,
            "inventory_turnover_ratio": 0.36,
            "account_receivable_turnover_ratio": 8.42,
            "reinvestment_rate": 76.86,
            "research_to_sale_ratio": null,
            "price_fair": 17.09,
            "eps_avg_yearly": 5.7,
            "eps_latest_yearly": 3.12,
            "eps_growth_yearly": -14.16
        },
        "20154": {
            "year_quarter": 20154,
            "year": 2015,
            "quarter": 4,
            "eps": 1.25,
            "eps_growth_year": -21.85,
            "eps_4q": 4.44,
            "eps_4q_growth_year": -27.35,
            "roe": 6.94,
            "roe_4q": 23.360000000000003,
            "gross_profit": 235288,
            "gross_margin": 55.92,
            "gross_margin_4q_avg": 58.13,
            "net_income": 53534,
            "net_income_4q": null,
            "revenue": 420780,
            "revenue_4q": null,
            "common_shares": 429829,
            "book_valuer_per_share": 18.58,
            "book_valuer_per_share_4q_avg": 18.52,
            "equity": 798534,
            "current_ratio": 205.12,
            "debt_ratio": 48.38,
            "inventory_turnover_ratio": 0.38,
            "account_receivable_turnover_ratio": 8.84,
            "reinvestment_rate": 75.53,
            "research_to_sale_ratio": null,
            "price_fair": 95.47,
            "eps_avg_yearly": 5.62,
            "eps_latest_yearly": 5,
            "eps_growth_yearly": 7
        },
        "20161": {
            "year_quarter": 20161,
            "year": 2016,
            "quarter": 1,
            "eps": 0.94,
            "eps_growth_year": -26.56,
            "eps_4q": 4.07,
            "eps_4q_growth_year": -31.66,
            "roe": 4.95,
            "roe_4q": 22.19,
            "gross_profit": 214494,
            "gross_margin": 54.51,
            "gross_margin_4q_avg": 56.59,
            "net_income": 40568,
            "net_income_4q": null,
            "revenue": 393519,
            "revenue_4q": null,
            "common_shares": 429829,
            "book_valuer_per_share": 19.52,
            "book_valuer_per_share_4q_avg": 18,
            "equity": 839102,
            "current_ratio": 247.89,
            "debt_ratio": 44.16,
            "inventory_turnover_ratio": 0.36,
            "account_receivable_turnover_ratio": 9.64,
            "reinvestment_rate": 76.07,
            "research_to_sale_ratio": null,
            "price_fair": 101.63,
            "eps_avg_yearly": 5.57,
            "eps_latest_yearly": 3.76,
            "eps_growth_yearly": 8.24
        },
        "20162": {
            "year_quarter": 20162,
            "year": 2016,
            "quarter": 2,
            "eps": 0.71,
            "eps_growth_year": -34.86,
            "eps_4q": 3.68,
            "eps_4q_growth_year": -36.57,
            "roe": 3.94,
            "roe_4q": 20.42,
            "gross_profit": 205227,
            "gross_margin": 52.99,
            "gross_margin_4q_avg": 54.91,
            "net_income": 30672,
            "net_income_4q": null,
            "revenue": 387278,
            "revenue_4q": null,
            "common_shares": 429829,
            "book_valuer_per_share": 16.74,
            "book_valuer_per_share_4q_avg": 18.04,
            "equity": 719333,
            "current_ratio": 162.33,
            "debt_ratio": 53.25,
            "inventory_turnover_ratio": 0.38,
            "account_receivable_turnover_ratio": 9.42,
            "reinvestment_rate": 76.84,
            "research_to_sale_ratio": null,
            "price_fair": 77.75,
            "eps_avg_yearly": 5.5,
            "eps_latest_yearly": 2.84,
            "eps_growth_yearly": 4.15
        },
        "20163": {
            "year_quarter": 20163,
            "year": 2016,
            "quarter": 3,
            "eps": 0.82,
            "eps_growth_year": 5.13,
            "eps_4q": 3.72,
            "eps_4q_growth_year": -22.91,
            "roe": 4.76,
            "roe_4q": 20.59,
            "gross_profit": 208802,
            "gross_margin": 53.82,
            "gross_margin_4q_avg": 54.31,
            "net_income": 35112,
            "net_income_4q": null,
            "revenue": 387993,
            "revenue_4q": null,
            "common_shares": 429829,
            "book_valuer_per_share": 17.55,
            "book_valuer_per_share_4q_avg": 18.1,
            "equity": 754444,
            "current_ratio": 204.64,
            "debt_ratio": 46.96,
            "inventory_turnover_ratio": 0.39,
            "account_receivable_turnover_ratio": 8.84,
            "reinvestment_rate": 78.6,
            "research_to_sale_ratio": null,
            "price_fair": 15.96,
            "eps_avg_yearly": 5.32,
            "eps_latest_yearly": 3.28,
            "eps_growth_yearly": -4.23
        },
        "20164": {
            "year_quarter": 20164,
            "year": 2016,
            "quarter": 4,
            "eps": 1.34,
            "eps_growth_year": 7.72,
            "eps_4q": 3.82,
            "eps_4q_growth_year": -14.07,
            "roe": 7.29,
            "roe_4q": 20.94,
            "gross_profit": 258054,
            "gross_margin": 55,
            "gross_margin_4q_avg": 54.08,
            "net_income": 57669,
            "net_income_4q": null,
            "revenue": 469163,
            "revenue_4q": null,
            "common_shares": 429829,
            "book_valuer_per_share": 19.24,
            "book_valuer_per_share_4q_avg": 18.26,
            "equity": 826863,
            "current_ratio": 227.13,
            "debt_ratio": 50.29,
            "inventory_turnover_ratio": 0.47,
            "account_receivable_turnover_ratio": 7.42,
            "reinvestment_rate": 77.53,
            "research_to_sale_ratio": null,
            "price_fair": 119.59,
            "eps_avg_yearly": 5.29,
            "eps_latest_yearly": 5.36,
            "eps_growth_yearly": 12.61
        },
        "20171": {
            "year_quarter": 20171,
            "year": 2017,
            "quarter": 1,
            "eps": 1.12,
            "eps_growth_year": 19.15,
            "eps_4q": 3.99,
            "eps_4q_growth_year": -1.98,
            "roe": 5.65,
            "roe_4q": 21.640000000000004,
            "gross_profit": 233973,
            "gross_margin": 54.45,
            "gross_margin_4q_avg": 54.07,
            "net_income": 48105,
            "net_income_4q": null,
            "revenue": 429731,
            "revenue_4q": null,
            "common_shares": 429829,
            "book_valuer_per_share": 20.36,
            "book_valuer_per_share_4q_avg": 18.47,
            "equity": 874968,
            "current_ratio": 238.48,
            "debt_ratio": 41.53,
            "inventory_turnover_ratio": 0.45,
            "account_receivable_turnover_ratio": 6.55,
            "reinvestment_rate": 77.96,
            "research_to_sale_ratio": null,
            "price_fair": 87.9,
            "eps_avg_yearly": 5.18,
            "eps_latest_yearly": 4.48,
            "eps_growth_yearly": 6.96
        },
        "20172": {
            "year_quarter": 20172,
            "year": 2017,
            "quarter": 2,
            "eps": 0.98,
            "eps_growth_year": 38.03,
            "eps_4q": 4.22,
            "eps_4q_growth_year": 14.7,
            "roe": 5.05,
            "roe_4q": 22.75,
            "gross_profit": 234378,
            "gross_margin": 55.55,
            "gross_margin_4q_avg": 54.71,
            "net_income": 42514,
            "net_income_4q": null,
            "revenue": 421932,
            "revenue_4q": null,
            "common_shares": 434380,
            "book_valuer_per_share": 18.64,
            "book_valuer_per_share_4q_avg": 18.95,
            "equity": 809470,
            "current_ratio": 173.05,
            "debt_ratio": 47.46,
            "inventory_turnover_ratio": 0.42,
            "account_receivable_turnover_ratio": 8.09,
            "reinvestment_rate": 10.52,
            "research_to_sale_ratio": null,
            "price_fair": 90.31,
            "eps_avg_yearly": 5.1,
            "eps_latest_yearly": 3.92,
            "eps_growth_yearly": 7.71
        },
        "20173": {
            "year_quarter": 20173,
            "year": 2017,
            "quarter": 3,
            "eps": 1.39,
            "eps_growth_year": 69.51,
            "eps_4q": 4.81,
            "eps_4q_growth_year": 29.22,
            "roe": 7.2,
            "roe_4q": 25.189999999999998,
            "gross_profit": 263068,
            "gross_margin": 55.72,
            "gross_margin_4q_avg": 55.18,
            "net_income": 60501,
            "net_income_4q": null,
            "revenue": 472164,
            "revenue_4q": null,
            "common_shares": 434380,
            "book_valuer_per_share": 20.03,
            "book_valuer_per_share_4q_avg": 19.57,
            "equity": 869971,
            "current_ratio": 231.32,
            "debt_ratio": 40.7,
            "inventory_turnover_ratio": 0.46,
            "account_receivable_turnover_ratio": 8.65,
            "reinvestment_rate": 10.13,
            "research_to_sale_ratio": null,
            "price_fair": 82.09,
            "eps_avg_yearly": 4.97,
            "eps_latest_yearly": 5.56,
            "eps_growth_yearly": 6.53
        },
        "20174": {
            "year_quarter": 20174,
            "year": 2017,
            "quarter": 4,
            "eps": 1.52,
            "eps_growth_year": 13.62,
            "eps_4q": 4.93,
            "eps_4q_growth_year": 29.18,
            "roe": 7.32,
            "roe_4q": 25.22,
            "gross_profit": 272935,
            "gross_margin": 56.68,
            "gross_margin_4q_avg": 55.6,
            "net_income": 67656,
            "net_income_4q": null,
            "revenue": 481509,
            "revenue_4q": null,
            "common_shares": 443799,
            "book_valuer_per_share": 22.06,
            "book_valuer_per_share_4q_avg": 20.27,
            "equity": 979142,
            "current_ratio": 233.29,
            "debt_ratio": 38.19,
            "inventory_turnover_ratio": 0.45,
            "account_receivable_turnover_ratio": 6.71,
            "reinvestment_rate": 9.92,
            "research_to_sale_ratio": null,
            "price_fair": 91.82,
            "eps_avg_yearly": 4.87,
            "eps_latest_yearly": 6.08,
            "eps_growth_yearly": 8.86
        },
        "20181": {
            "year_quarter": 20181,
            "year": 2018,
            "quarter": 1,
            "eps": 1.36,
            "eps_growth_year": 21.43,
            "eps_4q": 5.04,
            "eps_4q_growth_year": 26.27,
            "roe": 5.8,
            "roe_4q": 25.37,
            "gross_profit": 264487,
            "gross_margin": 56.48,
            "gross_margin_4q_avg": 56.11,
            "net_income": 60429,
            "net_income_4q": null,
            "revenue": 468311,
            "revenue_4q": null,
            "common_shares": 458530,
            "book_valuer_per_share": 24.09,
            "book_valuer_per_share_4q_avg": 21.21,
            "equity": 1104731,
            "current_ratio": 274.18,
            "debt_ratio": 31.18,
            "inventory_turnover_ratio": 0.44,
            "account_receivable_turnover_ratio": 6.62,
            "reinvestment_rate": 9.82,
            "research_to_sale_ratio": null,
            "price_fair": 104.19,
            "eps_avg_yearly": 4.83,
            "eps_latest_yearly": 5.44,
            "eps_growth_yearly": 11.57
        },
        "20182": {
            "year_quarter": 20182,
            "year": 2018,
            "quarter": 2,
            "eps": 0.64,
            "eps_growth_year": -34.69,
            "eps_4q": 4.71,
            "eps_4q_growth_year": 11.61,
            "roe": 2.78,
            "roe_4q": 23.1,
            "gross_profit": 216715,
            "gross_margin": 55.49,
            "gross_margin_4q_avg": 56.09,
            "net_income": 28771,
            "net_income_4q": null,
            "revenue": 390514,
            "revenue_4q": null,
            "common_shares": 461240,
            "book_valuer_per_share": 20.9,
            "book_valuer_per_share_4q_avg": 21.77,
            "equity": 963987,
            "current_ratio": 168.93,
            "debt_ratio": 42.09,
            "inventory_turnover_ratio": 0.37,
            "account_receivable_turnover_ratio": 7.94,
            "reinvestment_rate": 10.53,
            "research_to_sale_ratio": null,
            "price_fair": 13.9,
            "eps_avg_yearly": 4.63,
            "eps_latest_yearly": 2.56,
            "eps_growth_yearly": -0.34
        },
        "20183": {
            "year_quarter": 20183,
            "year": 2018,
            "quarter": 3,
            "eps": 0.81,
            "eps_growth_year": -41.73,
            "eps_4q": 4.21,
            "eps_4q_growth_year": -12.41,
            "roe": 3.8,
            "roe_4q": 19.7,
            "gross_profit": 231161,
            "gross_margin": 55.77,
            "gross_margin_4q_avg": 56.11,
            "net_income": 37376,
            "net_income_4q": null,
            "revenue": 414487,
            "revenue_4q": null,
            "common_shares": 461332,
            "book_valuer_per_share": 21.71,
            "book_valuer_per_share_4q_avg": 22.19,
            "equity": 1001746,
            "current_ratio": 218.84,
            "debt_ratio": 33.87,
            "inventory_turnover_ratio": 0.36,
            "account_receivable_turnover_ratio": 7.77,
            "reinvestment_rate": 10.4,
            "research_to_sale_ratio": null,
            "price_fair": 49.47,
            "eps_avg_yearly": 4.41,
            "eps_latest_yearly": 3.24,
            "eps_growth_yearly": 1.23
        },
        "20184": {
            "year_quarter": 20184,
            "year": 2018,
            "quarter": 4,
            "eps": 0.89,
            "eps_growth_year": -41.71,
            "eps_4q": 3.63,
            "eps_4q_growth_year": -26.32,
            "roe": 4.01,
            "roe_4q": 16.39,
            "gross_profit": 231889,
            "gross_margin": 53.88,
            "gross_margin_4q_avg": 55.41,
            "net_income": 40994,
            "net_income_4q": null,
            "revenue": 430376,
            "revenue_4q": null,
            "common_shares": 461332,
            "book_valuer_per_share": 22.6,
            "book_valuer_per_share_4q_avg": 22.33,
            "equity": 1042740,
            "current_ratio": 155.6,
            "debt_ratio": 32.6,
            "inventory_turnover_ratio": 0.39,
            "account_receivable_turnover_ratio": 6.31,
            "reinvestment_rate": 11.25,
            "research_to_sale_ratio": null,
            "price_fair": 65.94,
            "eps_avg_yearly": 4.23,
            "eps_latest_yearly": 3.56,
            "eps_growth_yearly": 5.59
        },
        "20191": {
            "year_quarter": 20191,
            "year": 2019,
            "quarter": 1,
            "eps": 0.56,
            "eps_growth_year": -58.82,
            "eps_4q": 2.88,
            "eps_4q_growth_year": -42.84,
            "roe": 2.44,
            "roe_4q": 13.03,
            "gross_profit": 199833,
            "gross_margin": 53.83,
            "gross_margin_4q_avg": 54.74,
            "net_income": 25767,
            "net_income_4q": null,
            "revenue": 371223,
            "revenue_4q": null,
            "common_shares": 461332,
            "book_valuer_per_share": 23.16,
            "book_valuer_per_share_4q_avg": 22.09,
            "equity": 1068507,
            "current_ratio": 122.65,
            "debt_ratio": 48.32,
            "inventory_turnover_ratio": 0.35,
            "account_receivable_turnover_ratio": 5.73,
            "reinvestment_rate": 10.64,
            "research_to_sale_ratio": null,
            "price_fair": 45.34,
            "eps_avg_yearly": 4.05,
            "eps_latest_yearly": 2.24,
            "eps_growth_yearly": 1.19
        },
        "20192": {
            "year_quarter": 20192,
            "year": 2019,
            "quarter": 2,
            "eps": 0.19,
            "eps_growth_year": -70.31,
            "eps_4q": 2.45,
            "eps_4q_growth_year": -48.09,
            "roe": 0.88,
            "roe_4q": 11.129999999999999,
            "gross_profit": 229370,
            "gross_margin": 54.86,
            "gross_margin_4q_avg": 54.59,
            "net_income": 8879,
            "net_income_4q": null,
            "revenue": 418133,
            "revenue_4q": null,
            "common_shares": 461332,
            "book_valuer_per_share": 20.36,
            "book_valuer_per_share_4q_avg": 21.96,
            "equity": 941707,
            "current_ratio": 77.74,
            "debt_ratio": 63.05,
            "inventory_turnover_ratio": 0.38,
            "account_receivable_turnover_ratio": 7.87,
            "reinvestment_rate": 20.93,
            "research_to_sale_ratio": null,
            "price_fair": 11.48,
            "eps_avg_yearly": 3.83,
            "eps_latest_yearly": 0.76,
            "eps_growth_yearly": -11.61
        },
        "20193": {
            "year_quarter": 20193,
            "year": 2019,
            "quarter": 3,
            "eps": 0.41,
            "eps_growth_year": -49.38,
            "eps_4q": 2.05,
            "eps_4q_growth_year": -51.36,
            "roe": 1.99,
            "roe_4q": 9.32,
            "gross_profit": 260534,
            "gross_margin": 54.93,
            "gross_margin_4q_avg": 54.38,
            "net_income": 18949,
            "net_income_4q": null,
            "revenue": 474276,
            "revenue_4q": null,
            "common_shares": 461332,
            "book_valuer_per_share": 20.74,
            "book_valuer_per_share_4q_avg": 21.72,
            "equity": 959260,
            "current_ratio": 77.69,
            "debt_ratio": 62.78,
            "inventory_turnover_ratio": 0.4,
            "account_receivable_turnover_ratio": 7.01,
            "reinvestment_rate": 1.67,
            "research_to_sale_ratio": null,
            "price_fair": 128.56,
            "eps_avg_yearly": 3.73,
            "eps_latest_yearly": 1.64,
            "eps_growth_yearly": 24.44
        },
        "20194": {
            "year_quarter": 20194,
            "year": 2019,
            "quarter": 4,
            "eps": 1.09,
            "eps_growth_year": 22.22,
            "eps_4q": 2.25,
            "eps_4q_growth_year": -38.19,
            "roe": 5.1,
            "roe_4q": 10.41,
            "gross_profit": 315099,
            "gross_margin": 55.77,
            "gross_margin_4q_avg": 54.85,
            "net_income": 50149,
            "net_income_4q": null,
            "revenue": 565011,
            "revenue_4q": null,
            "common_shares": 461332,
            "book_valuer_per_share": 21.82,
            "book_valuer_per_share_4q_avg": 21.52,
            "equity": 1008962,
            "current_ratio": 92.55,
            "debt_ratio": 62.7,
            "inventory_turnover_ratio": 0.47,
            "account_receivable_turnover_ratio": 7.46,
            "reinvestment_rate": 0.59,
            "research_to_sale_ratio": null,
            "price_fair": 129.24,
            "eps_avg_yearly": 3.69,
            "eps_latest_yearly": 4.36,
            "eps_growth_yearly": 50.84
        },
        "20201": {
            "year_quarter": 20201,
            "year": 2020,
            "quarter": 1,
            "eps": 0.66,
            "eps_growth_year": 17.86,
            "eps_4q": 2.35,
            "eps_4q_growth_year": -18.52,
            "roe": 2.98,
            "roe_4q": 10.950000000000001,
            "gross_profit": 263945,
            "gross_margin": 55.69,
            "gross_margin_4q_avg": 55.31,
            "net_income": 30512,
            "net_income_4q": null,
            "revenue": 473943,
            "revenue_4q": null,
            "common_shares": 461332,
            "book_valuer_per_share": 22.41,
            "book_valuer_per_share_4q_avg": 21.33,
            "equity": 1035537,
            "current_ratio": 99.98,
            "debt_ratio": 59.12,
            "inventory_turnover_ratio": 0.41,
            "account_receivable_turnover_ratio": 9.04,
            "reinvestment_rate": -1.29,
            "research_to_sale_ratio": null,
            "price_fair": 126.79,
            "eps_avg_yearly": 3.62,
            "eps_latest_yearly": 2.64,
            "eps_growth_yearly": 47.18
        },
        "20202": {
            "year_quarter": 20202,
            "year": 2020,
            "quarter": 2,
            "eps": 0.47,
            "eps_growth_year": 147.37,
            "eps_4q": 2.62,
            "eps_4q_growth_year": 7.27,
            "roe": 2.12,
            "roe_4q": 12.19,
            "gross_profit": 219183,
            "gross_margin": 55.52,
            "gross_margin_4q_avg": 55.48,
            "net_income": 21333,
            "net_income_4q": null,
            "revenue": 394789,
            "revenue_4q": null,
            "common_shares": 461332,
            "book_valuer_per_share": 21.08,
            "book_valuer_per_share_4q_avg": 21.51,
            "equity": 973992,
            "current_ratio": 91.83,
            "debt_ratio": 62.93,
            "inventory_turnover_ratio": 0.37,
            "account_receivable_turnover_ratio": 8.5,
            "reinvestment_rate": -2.9,
            "research_to_sale_ratio": null,
            "price_fair": 124.69,
            "eps_avg_yearly": 3.56,
            "eps_latest_yearly": 1.88,
            "eps_growth_yearly": 46.1
        },
        "20203": {
            "year_quarter": 20203,
            "year": 2020,
            "quarter": 3,
            "eps": 1.57,
            "eps_growth_year": 282.93,
            "eps_4q": 3.78,
            "eps_4q_growth_year": 84.61,
            "roe": 7.19,
            "roe_4q": 17.39,
            "gross_profit": 335817,
            "gross_margin": 57.11,
            "gross_margin_4q_avg": 56.02,
            "net_income": 72685,
            "net_income_4q": null,
            "revenue": 588041,
            "revenue_4q": null,
            "common_shares": 461332,
            "book_valuer_per_share": 22.64,
            "book_valuer_per_share_4q_avg": 21.99,
            "equity": 1046485,
            "current_ratio": 96.15,
            "debt_ratio": 61.85,
            "inventory_turnover_ratio": 0.56,
            "account_receivable_turnover_ratio": 9.42,
            "reinvestment_rate": 11.99,
            "research_to_sale_ratio": null,
            "price_fair": 131.25,
            "eps_avg_yearly": 3.75,
            "eps_latest_yearly": 6.28,
            "eps_growth_yearly": 100.74
        },
        "20204": {
            "year_quarter": 20204,
            "year": 2020,
            "quarter": 4,
            "eps": 2.16,
            "eps_growth_year": 98.52,
            "eps_4q": 4.82,
            "eps_4q_growth_year": 114.49,
            "roe": 9.13,
            "roe_4q": 21.42,
            "gross_profit": 384577,
            "gross_margin": 57,
            "gross_margin_4q_avg": 56.33,
            "net_income": 101324,
            "net_income_4q": null,
            "revenue": 674649,
            "revenue_4q": null,
            "common_shares": 467311,
            "book_valuer_per_share": 25.02,
            "book_valuer_per_share_4q_avg": 22.79,
            "equity": 1172044,
            "current_ratio": 110.22,
            "debt_ratio": 59.99,
            "inventory_turnover_ratio": 0.67,
            "account_receivable_turnover_ratio": 8.82,
            "reinvestment_rate": 11.19,
            "research_to_sale_ratio": null,
            "price_fair": 138.43,
            "eps_avg_yearly": 3.96,
            "eps_latest_yearly": 8.64,
            "eps_growth_yearly": 94.28
        },
        "20211": {
            "year_quarter": 20211,
            "year": 2021,
            "quarter": 1,
            "eps": 2.06,
            "eps_growth_year": 212.12,
            "eps_4q": 6,
            "eps_4q_growth_year": 155.72,
            "roe": 7.74,
            "roe_4q": 26.180000000000003,
            "gross_profit": 380667,
            "gross_margin": 58.98,
            "gross_margin_4q_avg": 57.15,
            "net_income": 97046,
            "net_income_4q": null,
            "revenue": 645433,
            "revenue_4q": null,
            "common_shares": 485378,
            "book_valuer_per_share": 27.46,
            "book_valuer_per_share_4q_avg": 24.05,
            "equity": 1335489,
            "current_ratio": 134.8,
            "debt_ratio": 52.57,
            "inventory_turnover_ratio": 0.64,
            "account_receivable_turnover_ratio": 7.09,
            "reinvestment_rate": 9.2,
            "research_to_sale_ratio": null,
            "price_fair": 146.65,
            "eps_avg_yearly": 4.19,
            "eps_latest_yearly": 8.24,
            "eps_growth_yearly": 97.23
        },
        "20212": {
            "year_quarter": 20212,
            "year": 2021,
            "quarter": 2,
            "eps": 0.74,
            "eps_growth_year": 57.45,
            "eps_4q": 6.22,
            "eps_4q_growth_year": 136.97,
            "roe": 2.76,
            "roe_4q": 26.820000000000004,
            "gross_profit": 275420,
            "gross_margin": 56.39,
            "gross_margin_4q_avg": 57.37,
            "net_income": 34852,
            "net_income_4q": null,
            "revenue": 488409,
            "revenue_4q": null,
            "common_shares": 489738,
            "book_valuer_per_share": 24.24,
            "book_valuer_per_share_4q_avg": 24.84,
            "equity": 1190176,
            "current_ratio": 112.79,
            "debt_ratio": 58.25,
            "inventory_turnover_ratio": 0.48,
            "account_receivable_turnover_ratio": 5.96,
            "reinvestment_rate": 8.18,
            "research_to_sale_ratio": null,
            "price_fair": 144.55,
            "eps_avg_yearly": 4.13,
            "eps_latest_yearly": 2.96,
            "eps_growth_yearly": 84.33
        },
        "20213": {
            "year_quarter": 20213,
            "year": 2021,
            "quarter": 3,
            "eps": 0.84,
            "eps_growth_year": -46.5,
            "eps_4q": 5.49,
            "eps_4q_growth_year": 45.28,
            "roe": 3.39,
            "roe_4q": 23.020000000000003,
            "gross_profit": 289818,
            "gross_margin": 56.96,
            "gross_margin_4q_avg": 57.33,
            "net_income": 41498,
            "net_income_4q": null,
            "revenue": 508787,
            "revenue_4q": null,
            "common_shares": 498531,
            "book_valuer_per_share": 25.25,
            "book_valuer_per_share_4q_avg": 25.49,
            "equity": 1261563,
            "current_ratio": 137.45,
            "debt_ratio": 55.1,
            "inventory_turnover_ratio": 0.45,
            "account_receivable_turnover_ratio": 6.48,
            "reinvestment_rate": 7.67,
            "research_to_sale_ratio": null,
            "price_fair": 139.74,
            "eps_avg_yearly": 3.99,
            "eps_latest_yearly": 3.36,
            "eps_growth_yearly": 77.25
        },
        "20214": {
            "year_quarter": 20214,
            "year": 2021,
            "quarter": 4,
            "eps": 1.93,
            "eps_growth_year": -10.34,
            "eps_4q": 5.38,
            "eps_4q_growth_year": 11.73,
            "roe": 7.38,
            "roe_4q": 21.27,
            "gross_profit": 419891,
            "gross_margin": 56.19,
            "gross_margin_4q_avg": 57.13,
            "net_income": 97106,
            "net_income_4q": null,
            "revenue": 747222,
            "revenue_4q": null,
            "common_shares": 501930,
            "book_valuer_per_share": 27.25,
            "book_valuer_per_share_4q_avg": 26.05,
            "equity": 1370443,
            "current_ratio": 135.85,
            "debt_ratio": 54.14,
            "inventory_turnover_ratio": 0.64,
            "account_receivable_turnover_ratio": 6.54,
            "reinvestment_rate": 6.6,
            "research_to_sale_ratio": null,
            "price_fair": 143.33,
            "eps_avg_yearly": 4.1,
            "eps_latest_yearly": 7.72,
            "eps_growth_yearly": 107.35
        },
        "20221": {
            "year_quarter": 20221,
            "year": 2022,
            "quarter": 1,
            "eps": 1.59,
            "eps_growth_year": -22.82,
            "eps_4q": 5.04,
            "eps_4q_growth_year": -16.05,
            "roe": 5.63,
            "roe_4q": 19.159999999999997,
            "gross_profit": 376750,
            "gross_margin": 57.03,
            "gross_margin_4q_avg": 56.64,
            "net_income": 79610,
            "net_income_4q": null,
            "revenue": 660637,
            "revenue_4q": null,
            "common_shares": 501930,
            "book_valuer_per_share": 28.96,
            "book_valuer_per_share_4q_avg": 26.43,
            "equity": 1456395,
            "current_ratio": 151.76,
            "debt_ratio": 50.59,
            "inventory_turnover_ratio": 0.55,
            "account_receivable_turnover_ratio": 5.27,
            "reinvestment_rate": 6.44,
            "research_to_sale_ratio": null,
            "price_fair": 145.34,
            "eps_avg_yearly": 4.15,
            "eps_latest_yearly": 6.36,
            "eps_growth_yearly": 105.58
        },
        "20222": {
            "year_quarter": 20222,
            "year": 2022,
            "quarter": 2,
            "eps": 0.97,
            "eps_growth_year": 31.08,
            "eps_4q": 5.31,
            "eps_4q_growth_year": -14.54,
            "roe": 3.55,
            "roe_4q": 19.95,
            "gross_profit": 325144,
            "gross_margin": 55.42,
            "gross_margin_4q_avg": 56.4,
            "net_income": 48696,
            "net_income_4q": null,
            "revenue": 586660,
            "revenue_4q": null,
            "common_shares": 501930,
            "book_valuer_per_share": 25.56,
            "book_valuer_per_share_4q_avg": 26.76,
            "equity": 1286194,
            "current_ratio": 126.3,
            "debt_ratio": 56.03,
            "inventory_turnover_ratio": 0.49,
            "account_receivable_turnover_ratio": 5.98,
            "reinvestment_rate": 5.73,
            "research_to_sale_ratio": null,
            "price_fair": 148.23,
            "eps_avg_yearly": 4.24,
            "eps_latest_yearly": 3.88,
            "eps_growth_yearly": 109.07
        },
        "20223": {
            "year_quarter": 20223,
            "year": 2022,
            "quarter": 3,
            "eps": 0.62,
            "eps_growth_year": -26.19,
            "eps_4q": 5.11,
            "eps_4q_growth_year": -7.01,
            "roe": 2.39,
            "roe_4q": 18.95,
            "gross_profit": 305386,
            "gross_margin": 55.21,
            "gross_margin_4q_avg": 55.96,
            "net_income": 31163,
            "net_income_4q": null,
            "revenue": 553169,
            "revenue_4q": null,
            "common_shares": 501930,
            "book_valuer_per_share": 26.33,
            "book_valuer_per_share_4q_avg": 27.03,
            "equity": 1324992,
            "current_ratio": 142.5,
            "debt_ratio": 52.79,
            "inventory_turnover_ratio": 0.41,
            "account_receivable_turnover_ratio": 6.36,
            "reinvestment_rate": 5.61,
            "research_to_sale_ratio": null,
            "price_fair": 146.56,
            "eps_avg_yearly": 4.19,
            "eps_latest_yearly": 2.48,
            "eps_growth_yearly": 93.41
        },
        "20224": {
            "year_quarter": 20224,
            "year": 2022,
            "quarter": 4,
            "eps": 1.13,
            "eps_growth_year": -41.73,
            "eps_4q": 4.3,
            "eps_4q_growth_year": -20.07,
            "roe": 4.16,
            "roe_4q": 15.73,
            "gross_profit": 360724,
            "gross_margin": 54.17,
            "gross_margin_4q_avg": 55.46,
            "net_income": 56464,
            "net_income_4q": null,
            "revenue": 665958,
            "revenue_4q": null,
            "common_shares": 501930,
            "book_valuer_per_share": 27.58,
            "book_valuer_per_share_4q_avg": 27.11,
            "equity": 1387700,
            "current_ratio": 133.36,
            "debt_ratio": 54.52,
            "inventory_turnover_ratio": 0.48,
            "account_receivable_turnover_ratio": 6.63,
            "reinvestment_rate": 5.73,
            "research_to_sale_ratio": null,
            "price_fair": 148.66,
            "eps_avg_yearly": 4.25,
            "eps_latest_yearly": 4.52,
            "eps_growth_yearly": 111.5
        },
        "20231": {
            "year_quarter": 20231,
            "year": 2023,
            "quarter": 1,
            "eps": 0.78,
            "eps_growth_year": -50.94,
            "eps_4q": 3.5,
            "eps_4q_growth_year": -30.61,
            "roe": 2.98,
            "roe_4q": 13.080000000000002,
            "gross_profit": 318086,
            "gross_margin": 54.75,
            "gross_margin_4q_avg": 54.89,
            "net_income": 39367,
            "net_income_4q": null,
            "revenue": 580952,
            "revenue_4q": null,
            "common_shares": 501930,
            "book_valuer_per_share": 24.97,
            "book_valuer_per_share_4q_avg": 26.11,
            "equity": 1256754,
            "current_ratio": 101.83,
            "debt_ratio": 63.79,
            "inventory_turnover_ratio": 0.44,
            "account_receivable_turnover_ratio": 6.03,
            "reinvestment_rate": 5.59,
            "research_to_sale_ratio": null,
            "price_fair": 150.59,
            "eps_avg_yearly": 4.3,
            "eps_latest_yearly": 3.12,
            "eps_growth_yearly": 113.03
        },
        "20232": {
            "year_quarter": 20232,
            "year": 2023,
            "quarter": 2,
            "eps": 0.5,
            "eps_growth_year": -48.45,
            "eps_4q": 3.03,
            "eps_4q_growth_year": -42.98,
            "roe": 1.97,
            "roe_4q": 11.5,
            "gross_profit": 312819,
            "gross_margin": 54.58,
            "gross_margin_4q_avg": 54.68,
            "net_income": 25084,
            "net_income_4q": null,
            "revenue": 573154,
            "revenue_4q": null,
            "common_shares": 501930,
            "book_valuer_per_share": 25.52,
            "book_valuer_per_share_4q_avg": 26.1,
            "equity": 1284564,
            "current_ratio": 103.92,
            "debt_ratio": 64.05,
            "inventory_turnover_ratio": 0.47,
            "account_receivable_turnover_ratio": 6.88,
            "reinvestment_rate": -1.34,
            "research_to_sale_ratio": null,
            "price_fair": 153.3,
            "eps_avg_yearly": 4.38,
            "eps_latest_yearly": 2,
            "eps_growth_yearly": 120.57
        }
    },
    "months": {
        "2002-10": {
            "month": "2002-10",
            "price": "81.67",
            "revenue": 76380
        },
        "2002-11": {
            "month": "2002-11",
            "price": "71.21",
            "revenue": 66985
        },
        "2002-12": {
            "month": "2002-12",
            "price": "75.48",
            "revenue": 135895
        },
        "2003-01": {
            "month": "2003-01",
            "price": "80.42",
            "revenue": 76482
        },
        "2003-02": {
            "month": "2003-02",
            "price": "69.22",
            "revenue": 72339
        },
        "2003-03": {
            "month": "2003-03",
            "price": "68.24",
            "revenue": 74769
        },
        "2003-04": {
            "month": "2003-04",
            "price": "71.52",
            "revenue": 73273
        },
        "2003-05": {
            "month": "2003-05",
            "price": "66.88",
            "revenue": 51143
        },
        "2003-06": {
            "month": "2003-06",
            "price": "69.20",
            "revenue": 36253
        },
        "2003-07": {
            "month": "2003-07",
            "price": "69.20",
            "revenue": 42108
        },
        "2003-08": {
            "month": "2003-08",
            "price": "56.93",
            "revenue": 51849
        },
        "2003-09": {
            "month": "2003-09",
            "price": "48.30",
            "revenue": 43711
        },
        "2003-10": {
            "month": "2003-10",
            "price": "39.36",
            "revenue": 41499
        },
        "2003-11": {
            "month": "2003-11",
            "price": "37.90",
            "revenue": 67561
        },
        "2003-12": {
            "month": "2003-12",
            "price": "38.38",
            "revenue": 78864
        },
        "2004-01": {
            "month": "2004-01",
            "price": "37.47",
            "revenue": 29417
        },
        "2004-02": {
            "month": "2004-02",
            "price": "38.06",
            "revenue": 47128
        },
        "2004-03": {
            "month": "2004-03",
            "price": "33.05",
            "revenue": 46041
        },
        "2004-04": {
            "month": "2004-04",
            "price": "30.28",
            "revenue": 35563
        },
        "2004-05": {
            "month": "2004-05",
            "price": "24.74",
            "revenue": 68739
        },
        "2004-06": {
            "month": "2004-06",
            "price": "20.45",
            "revenue": 58693
        },
        "2004-07": {
            "month": "2004-07",
            "price": "14.21",
            "revenue": 73860
        },
        "2004-08": {
            "month": "2004-08",
            "price": "11.38",
            "revenue": 70334
        },
        "2004-09": {
            "month": "2004-09",
            "price": "11.14",
            "revenue": 41335
        },
        "2004-10": {
            "month": "2004-10",
            "price": "9.94",
            "revenue": 57867
        },
        "2004-11": {
            "month": "2004-11",
            "price": "6.73",
            "revenue": 57951
        },
        "2004-12": {
            "month": "2004-12",
            "price": "5.86",
            "revenue": 37484
        },
        "2005-01": {
            "month": "2005-01",
            "price": "5.19",
            "revenue": 37774
        },
        "2005-02": {
            "month": "2005-02",
            "price": "5.85",
            "revenue": 29028
        },
        "2005-03": {
            "month": "2005-03",
            "price": "6.17",
            "revenue": 25294
        },
        "2005-04": {
            "month": "2005-04",
            "price": "4.94",
            "revenue": 25256
        },
        "2005-05": {
            "month": "2005-05",
            "price": "3.91",
            "revenue": 35103
        },
        "2005-06": {
            "month": "2005-06",
            "price": "4.89",
            "revenue": 47882
        },
        "2005-07": {
            "month": "2005-07",
            "price": "4.64",
            "revenue": 55012
        },
        "2005-08": {
            "month": "2005-08",
            "price": "3.83",
            "revenue": 55287
        },
        "2005-09": {
            "month": "2005-09",
            "price": "3.36",
            "revenue": 58596
        },
        "2005-10": {
            "month": "2005-10",
            "price": "3.76",
            "revenue": 61385
        },
        "2005-11": {
            "month": "2005-11",
            "price": "3.88",
            "revenue": 63466
        },
        "2005-12": {
            "month": "2005-12",
            "price": "3.74",
            "revenue": 49058
        },
        "2006-01": {
            "month": "2006-01",
            "price": "5.97",
            "revenue": 40945
        },
        "2006-02": {
            "month": "2006-02",
            "price": "5.03",
            "revenue": 45734
        },
        "2006-03": {
            "month": "2006-03",
            "price": "4.92",
            "revenue": 46205
        },
        "2006-04": {
            "month": "2006-04",
            "price": "4.96",
            "revenue": 42997
        },
        "2006-05": {
            "month": "2006-05",
            "price": "4.92",
            "revenue": 40623
        },
        "2006-06": {
            "month": "2006-06",
            "price": "4.02",
            "revenue": 39593
        },
        "2006-07": {
            "month": "2006-07",
            "price": "3.79",
            "revenue": 46021
        },
        "2006-08": {
            "month": "2006-08",
            "price": "3.30",
            "revenue": 47353
        },
        "2006-09": {
            "month": "2006-09",
            "price": "3.93",
            "revenue": 43641
        },
        "2006-10": {
            "month": "2006-10",
            "price": "4.58",
            "revenue": 45432
        },
        "2006-11": {
            "month": "2006-11",
            "price": "10.97",
            "revenue": 34143
        },
        "2006-12": {
            "month": "2006-12",
            "price": "11.60",
            "revenue": 29694
        },
        "2007-01": {
            "month": "2007-01",
            "price": "13.06",
            "revenue": 42936
        },
        "2007-02": {
            "month": "2007-02",
            "price": "13.65",
            "revenue": 37223
        },
        "2007-03": {
            "month": "2007-03",
            "price": "13.44",
            "revenue": 43520
        },
        "2007-04": {
            "month": "2007-04",
            "price": "14.30",
            "revenue": 45449
        },
        "2007-05": {
            "month": "2007-05",
            "price": "14.02",
            "revenue": 44439
        },
        "2007-06": {
            "month": "2007-06",
            "price": "19.44",
            "revenue": 40469
        },
        "2007-07": {
            "month": "2007-07",
            "price": "21.54",
            "revenue": 47089
        },
        "2007-08": {
            "month": "2007-08",
            "price": "19.43",
            "revenue": 45469
        },
        "2007-09": {
            "month": "2007-09",
            "price": "20.41",
            "revenue": 49949
        },
        "2007-10": {
            "month": "2007-10",
            "price": "18.16",
            "revenue": 50826
        },
        "2007-11": {
            "month": "2007-11",
            "price": "14.03",
            "revenue": 51074
        },
        "2007-12": {
            "month": "2007-12",
            "price": "12.58",
            "revenue": 43997
        },
        "2008-01": {
            "month": "2008-01",
            "price": "11.39",
            "revenue": 43906
        },
        "2008-02": {
            "month": "2008-02",
            "price": "10.87",
            "revenue": 43915
        },
        "2008-03": {
            "month": "2008-03",
            "price": "12.59",
            "revenue": 42088
        },
        "2008-04": {
            "month": "2008-04",
            "price": "12.60",
            "revenue": 44672
        },
        "2008-05": {
            "month": "2008-05",
            "price": "11.89",
            "revenue": 43484
        },
        "2008-06": {
            "month": "2008-06",
            "price": "10.93",
            "revenue": 50950
        },
        "2008-07": {
            "month": "2008-07",
            "price": "8.28",
            "revenue": 42382
        },
        "2008-08": {
            "month": "2008-08",
            "price": "6.96",
            "revenue": 34951
        },
        "2008-09": {
            "month": "2008-09",
            "price": "6.05",
            "revenue": 34669
        },
        "2008-10": {
            "month": "2008-10",
            "price": "6.19",
            "revenue": 32048
        },
        "2008-11": {
            "month": "2008-11",
            "price": "8.61",
            "revenue": 19704
        },
        "2008-12": {
            "month": "2008-12",
            "price": "8.01",
            "revenue": 20634
        },
        "2009-01": {
            "month": "2009-01",
            "price": "7.50",
            "revenue": 14770
        },
        "2009-02": {
            "month": "2009-02",
            "price": "7.16",
            "revenue": 18518
        },
        "2009-03": {
            "month": "2009-03",
            "price": "9.20",
            "revenue": 25371
        },
        "2009-04": {
            "month": "2009-04",
            "price": "13.76",
            "revenue": 22223
        },
        "2009-05": {
            "month": "2009-05",
            "price": "13.64",
            "revenue": 19942
        },
        "2009-06": {
            "month": "2009-06",
            "price": "13.31",
            "revenue": 28111
        },
        "2009-07": {
            "month": "2009-07",
            "price": "16.92",
            "revenue": 25748
        },
        "2009-08": {
            "month": "2009-08",
            "price": "17.29",
            "revenue": 23782
        },
        "2009-09": {
            "month": "2009-09",
            "price": "17.31",
            "revenue": 20642
        },
        "2009-10": {
            "month": "2009-10",
            "price": "17.90",
            "revenue": 16749
        },
        "2009-11": {
            "month": "2009-11",
            "price": "18.13",
            "revenue": 23498
        },
        "2009-12": {
            "month": "2009-12",
            "price": "19.49",
            "revenue": 35462
        },
        "2010-01": {
            "month": "2010-01",
            "price": "24.10",
            "revenue": 31305
        },
        "2010-02": {
            "month": "2010-02",
            "price": "25.13",
            "revenue": 33506
        },
        "2010-03": {
            "month": "2010-03",
            "price": "29.23",
            "revenue": 2542
        },
        "2010-04": {
            "month": "2010-04",
            "price": "32.68",
            "revenue": 37732
        },
        "2010-05": {
            "month": "2010-05",
            "price": "38.10",
            "revenue": 63203
        },
        "2010-06": {
            "month": "2010-06",
            "price": "37.24",
            "revenue": 62861
        },
        "2010-07": {
            "month": "2010-07",
            "price": "36.71",
            "revenue": 91539
        },
        "2010-08": {
            "month": "2010-08",
            "price": "42.69",
            "revenue": 71810
        },
        "2010-09": {
            "month": "2010-09",
            "price": "42.24",
            "revenue": 75749
        },
        "2010-10": {
            "month": "2010-10",
            "price": "42.35",
            "revenue": 77823
        },
        "2010-11": {
            "month": "2010-11",
            "price": "31.00",
            "revenue": 88849
        },
        "2010-12": {
            "month": "2010-12",
            "price": "31.47",
            "revenue": 104212
        },
        "2011-01": {
            "month": "2011-01",
            "price": "33.38",
            "revenue": 167611
        },
        "2011-02": {
            "month": "2011-02",
            "price": "37.45",
            "revenue": 46673
        },
        "2011-03": {
            "month": "2011-03",
            "price": "35.45",
            "revenue": 79077
        },
        "2011-04": {
            "month": "2011-04",
            "price": "37.82",
            "revenue": 90961
        },
        "2011-05": {
            "month": "2011-05",
            "price": "52.91",
            "revenue": 101820
        },
        "2011-06": {
            "month": "2011-06",
            "price": "59.45",
            "revenue": 111796
        },
        "2011-07": {
            "month": "2011-07",
            "price": "59.29",
            "revenue": 143873
        },
        "2011-08": {
            "month": "2011-08",
            "price": "55.96",
            "revenue": 91867
        },
        "2011-09": {
            "month": "2011-09",
            "price": "51.57",
            "revenue": 134170
        },
        "2011-10": {
            "month": "2011-10",
            "price": "51.50",
            "revenue": 116123
        },
        "2011-11": {
            "month": "2011-11",
            "price": "53.48",
            "revenue": 100006
        },
        "2011-12": {
            "month": "2011-12",
            "price": "45.78",
            "revenue": 134514
        },
        "2012-01": {
            "month": "2012-01",
            "price": "48.26",
            "revenue": 130882
        },
        "2012-02": {
            "month": "2012-02",
            "price": "54.04",
            "revenue": 72325
        },
        "2012-03": {
            "month": "2012-03",
            "price": "60.90",
            "revenue": 90274
        },
        "2012-04": {
            "month": "2012-04",
            "price": "59.74",
            "revenue": 95503
        },
        "2012-05": {
            "month": "2012-05",
            "price": "54.66",
            "revenue": 109381
        },
        "2012-06": {
            "month": "2012-06",
            "price": "53.52",
            "revenue": 99055
        },
        "2012-07": {
            "month": "2012-07",
            "price": "54.25",
            "revenue": 125204
        },
        "2012-08": {
            "month": "2012-08",
            "price": "51.30",
            "revenue": 135944
        },
        "2012-09": {
            "month": "2012-09",
            "price": "49.64",
            "revenue": 116974
        },
        "2012-10": {
            "month": "2012-10",
            "price": "46.27",
            "revenue": 121506
        },
        "2012-11": {
            "month": "2012-11",
            "price": "43.83",
            "revenue": 125127
        },
        "2012-12": {
            "month": "2012-12",
            "price": "45.42",
            "revenue": 130964
        },
        "2013-01": {
            "month": "2013-01",
            "price": "46.02",
            "revenue": 184031
        },
        "2013-02": {
            "month": "2013-02",
            "price": "48.85",
            "revenue": 93854
        },
        "2013-03": {
            "month": "2013-03",
            "price": "62.62",
            "revenue": 97898
        },
        "2013-04": {
            "month": "2013-04",
            "price": "67.56",
            "revenue": 108290
        },
        "2013-05": {
            "month": "2013-05",
            "price": "79.48",
            "revenue": 130972
        },
        "2013-06": {
            "month": "2013-06",
            "price": "78.83",
            "revenue": 131666
        },
        "2013-07": {
            "month": "2013-07",
            "price": "85.87",
            "revenue": 171803
        },
        "2013-08": {
            "month": "2013-08",
            "price": "87.69",
            "revenue": 122925
        },
        "2013-09": {
            "month": "2013-09",
            "price": "80.37",
            "revenue": 143880
        },
        "2013-10": {
            "month": "2013-10",
            "price": "83.97",
            "revenue": 142190
        },
        "2013-11": {
            "month": "2013-11",
            "price": "97.10",
            "revenue": 138444
        },
        "2013-12": {
            "month": "2013-12",
            "price": "105.14",
            "revenue": 160229
        },
        "2014-01": {
            "month": "2014-01",
            "price": "106.56",
            "revenue": 214702
        },
        "2014-02": {
            "month": "2014-02",
            "price": "109.00",
            "revenue": 70291
        },
        "2014-03": {
            "month": "2014-03",
            "price": "106.05",
            "revenue": 114049
        },
        "2014-04": {
            "month": "2014-04",
            "price": "101.59",
            "revenue": 125003
        },
        "2014-05": {
            "month": "2014-05",
            "price": "98.73",
            "revenue": 138538
        },
        "2014-06": {
            "month": "2014-06",
            "price": "96.74",
            "revenue": 137250
        },
        "2014-07": {
            "month": "2014-07",
            "price": "94.51",
            "revenue": 169745
        },
        "2014-08": {
            "month": "2014-08",
            "price": "92.44",
            "revenue": 152771
        },
        "2014-09": {
            "month": "2014-09",
            "price": "95.45",
            "revenue": 135131
        },
        "2014-10": {
            "month": "2014-10",
            "price": "80.53",
            "revenue": 140363
        },
        "2014-11": {
            "month": "2014-11",
            "price": "77.28",
            "revenue": 129476
        },
        "2014-12": {
            "month": "2014-12",
            "price": "80.16",
            "revenue": 180514
        },
        "2015-01": {
            "month": "2015-01",
            "price": "78.60",
            "revenue": 184831
        },
        "2015-02": {
            "month": "2015-02",
            "price": "75.56",
            "revenue": 118626
        },
        "2015-03": {
            "month": "2015-03",
            "price": "75.64",
            "revenue": 99937
        },
        "2015-04": {
            "month": "2015-04",
            "price": "71.50",
            "revenue": 125933
        },
        "2015-05": {
            "month": "2015-05",
            "price": "69.84",
            "revenue": 139514
        },
        "2015-06": {
            "month": "2015-06",
            "price": "66.36",
            "revenue": 125019
        },
        "2015-07": {
            "month": "2015-07",
            "price": "58.86",
            "revenue": 129452
        },
        "2015-08": {
            "month": "2015-08",
            "price": "50.18",
            "revenue": 119626
        },
        "2015-09": {
            "month": "2015-09",
            "price": "48.96",
            "revenue": 122972
        },
        "2015-10": {
            "month": "2015-10",
            "price": "50.74",
            "revenue": 134326
        },
        "2015-11": {
            "month": "2015-11",
            "price": "51.21",
            "revenue": 127782
        },
        "2015-12": {
            "month": "2015-12",
            "price": "47.72",
            "revenue": 158672
        },
        "2016-01": {
            "month": "2016-01",
            "price": "45.01",
            "revenue": 199170
        },
        "2016-02": {
            "month": "2016-02",
            "price": "48.06",
            "revenue": 84097
        },
        "2016-03": {
            "month": "2016-03",
            "price": "51.10",
            "revenue": 110252
        },
        "2016-04": {
            "month": "2016-04",
            "price": "49.99",
            "revenue": 123197
        },
        "2016-05": {
            "month": "2016-05",
            "price": "48.16",
            "revenue": 136576
        },
        "2016-06": {
            "month": "2016-06",
            "price": "47.46",
            "revenue": 127505
        },
        "2016-07": {
            "month": "2016-07",
            "price": "44.90",
            "revenue": 143417
        },
        "2016-08": {
            "month": "2016-08",
            "price": "45.14",
            "revenue": 109253
        },
        "2016-09": {
            "month": "2016-09",
            "price": "47.02",
            "revenue": 135323
        },
        "2016-10": {
            "month": "2016-10",
            "price": "49.41",
            "revenue": 140736
        },
        "2016-11": {
            "month": "2016-11",
            "price": "48.58",
            "revenue": 140144
        },
        "2016-12": {
            "month": "2016-12",
            "price": "47.96",
            "revenue": 188282
        },
        "2017-01": {
            "month": "2017-01",
            "price": "47.88",
            "revenue": 205682
        },
        "2017-02": {
            "month": "2017-02",
            "price": "49.59",
            "revenue": 93331
        },
        "2017-03": {
            "month": "2017-03",
            "price": "51.40",
            "revenue": 130718
        },
        "2017-04": {
            "month": "2017-04",
            "price": "55.79",
            "revenue": 127552
        },
        "2017-05": {
            "month": "2017-05",
            "price": "55.42",
            "revenue": 149928
        },
        "2017-06": {
            "month": "2017-06",
            "price": "56.77",
            "revenue": 144452
        },
        "2017-07": {
            "month": "2017-07",
            "price": "57.21",
            "revenue": 156862
        },
        "2017-08": {
            "month": "2017-08",
            "price": "52.86",
            "revenue": 171729
        },
        "2017-09": {
            "month": "2017-09",
            "price": "54.13",
            "revenue": 143574
        },
        "2017-10": {
            "month": "2017-10",
            "price": "54.72",
            "revenue": 145981
        },
        "2017-11": {
            "month": "2017-11",
            "price": "57.43",
            "revenue": 150852
        },
        "2017-12": {
            "month": "2017-12",
            "price": "58.94",
            "revenue": 184675
        },
        "2018-01": {
            "month": "2018-01",
            "price": "58.77",
            "revenue": 222213
        },
        "2018-02": {
            "month": "2018-02",
            "price": "57.96",
            "revenue": 120976
        },
        "2018-03": {
            "month": "2018-03",
            "price": "59.79",
            "revenue": 125122
        },
        "2018-04": {
            "month": "2018-04",
            "price": "61.00",
            "revenue": 120283
        },
        "2018-05": {
            "month": "2018-05",
            "price": "59.81",
            "revenue": 140062
        },
        "2018-06": {
            "month": "2018-06",
            "price": "57.33",
            "revenue": 130169
        },
        "2018-07": {
            "month": "2018-07",
            "price": "53.05",
            "revenue": 141698
        },
        "2018-08": {
            "month": "2018-08",
            "price": "49.05",
            "revenue": 127384
        },
        "2018-09": {
            "month": "2018-09",
            "price": "46.89",
            "revenue": 145405
        },
        "2018-10": {
            "month": "2018-10",
            "price": "45.33",
            "revenue": 149579
        },
        "2018-11": {
            "month": "2018-11",
            "price": "43.31",
            "revenue": 136649
        },
        "2018-12": {
            "month": "2018-12",
            "price": "43.10",
            "revenue": 144148
        },
        "2019-01": {
            "month": "2019-01",
            "price": "43.75",
            "revenue": 202398
        },
        "2019-02": {
            "month": "2019-02",
            "price": "44.58",
            "revenue": 76543
        },
        "2019-03": {
            "month": "2019-03",
            "price": "44.65",
            "revenue": 92282
        },
        "2019-04": {
            "month": "2019-04",
            "price": "44.83",
            "revenue": 103868
        },
        "2019-05": {
            "month": "2019-05",
            "price": "42.72",
            "revenue": 169033
        },
        "2019-06": {
            "month": "2019-06",
            "price": "43.53",
            "revenue": 145232
        },
        "2019-07": {
            "month": "2019-07",
            "price": "43.73",
            "revenue": 175301
        },
        "2019-08": {
            "month": "2019-08",
            "price": "38.49",
            "revenue": 127231
        },
        "2019-09": {
            "month": "2019-09",
            "price": "36.92",
            "revenue": 171744
        },
        "2019-10": {
            "month": "2019-10",
            "price": "36.98",
            "revenue": 168666
        },
        "2019-11": {
            "month": "2019-11",
            "price": "37.26",
            "revenue": 182178
        },
        "2019-12": {
            "month": "2019-12",
            "price": "37.39",
            "revenue": 214167
        },
        "2020-01": {
            "month": "2020-01",
            "price": "37.61",
            "revenue": 230081
        },
        "2020-02": {
            "month": "2020-02",
            "price": "36.98",
            "revenue": 111746
        },
        "2020-03": {
            "month": "2020-03",
            "price": "30.59",
            "revenue": 132116
        },
        "2020-04": {
            "month": "2020-04",
            "price": "30.01",
            "revenue": 114711
        },
        "2020-05": {
            "month": "2020-05",
            "price": "32.90",
            "revenue": 133695
        },
        "2020-06": {
            "month": "2020-06",
            "price": "34.57",
            "revenue": 146383
        },
        "2020-07": {
            "month": "2020-07",
            "price": "34.19",
            "revenue": 193822
        },
        "2020-08": {
            "month": "2020-08",
            "price": "34.07",
            "revenue": 211608
        },
        "2020-09": {
            "month": "2020-09",
            "price": "37.60",
            "revenue": 182611
        },
        "2020-10": {
            "month": "2020-10",
            "price": "39.95",
            "revenue": 205478
        },
        "2020-11": {
            "month": "2020-11",
            "price": "43.79",
            "revenue": 214500
        },
        "2020-12": {
            "month": "2020-12",
            "price": "47.45",
            "revenue": 250549
        },
        "2021-01": {
            "month": "2021-01",
            "price": "49.49",
            "revenue": 305616
        },
        "2021-02": {
            "month": "2021-02",
            "price": "49.51",
            "revenue": 187560
        },
        "2021-03": {
            "month": "2021-03",
            "price": "55.25",
            "revenue": 152257
        },
        "2021-04": {
            "month": "2021-04",
            "price": "57.77",
            "revenue": 184331
        },
        "2021-05": {
            "month": "2021-05",
            "price": "54.71",
            "revenue": 175698
        },
        "2021-06": {
            "month": "2021-06",
            "price": "53.83",
            "revenue": 128398
        },
        "2021-07": {
            "month": "2021-07",
            "price": "55.71",
            "revenue": 161956
        },
        "2021-08": {
            "month": "2021-08",
            "price": "50.76",
            "revenue": 152365
        },
        "2021-09": {
            "month": "2021-09",
            "price": "49.78",
            "revenue": 194449
        },
        "2021-10": {
            "month": "2021-10",
            "price": "49.92",
            "revenue": 227029
        },
        "2021-11": {
            "month": "2021-11",
            "price": "53.17",
            "revenue": 240630
        },
        "2021-12": {
            "month": "2021-12",
            "price": "52.71",
            "revenue": 279557
        },
        "2022-01": {
            "month": "2022-01",
            "price": "52.82",
            "revenue": 345120
        },
        "2022-02": {
            "month": "2022-02",
            "price": "54.03",
            "revenue": 133858
        },
        "2022-03": {
            "month": "2022-03",
            "price": "54.31",
            "revenue": 181659
        },
        "2022-04": {
            "month": "2022-04",
            "price": "52.70",
            "revenue": 207788
        },
        "2022-05": {
            "month": "2022-05",
            "price": "50.82",
            "revenue": 178429
        },
        "2022-06": {
            "month": "2022-06",
            "price": "49.80",
            "revenue": 200442
        },
        "2022-07": {
            "month": "2022-07",
            "price": "46.12",
            "revenue": 197120
        },
        "2022-08": {
            "month": "2022-08",
            "price": "49.27",
            "revenue": 169387
        },
        "2022-09": {
            "month": "2022-09",
            "price": "48.20",
            "revenue": 186662
        },
        "2022-10": {
            "month": "2022-10",
            "price": "45.70",
            "revenue": 197630
        },
        "2022-11": {
            "month": "2022-11",
            "price": "43.61",
            "revenue": 205768
        },
        "2022-12": {
            "month": "2022-12",
            "price": "42.71",
            "revenue": 262561
        },
        "2023-01": {
            "month": "2023-01",
            "price": "42.84",
            "revenue": 248759
        },
        "2023-02": {
            "month": "2023-02",
            "price": "43.82",
            "revenue": 149936
        },
        "2023-03": {
            "month": "2023-03",
            "price": "45.30",
            "revenue": 182257
        },
        "2023-04": {
            "month": "2023-04",
            "price": "46.60",
            "revenue": 189117
        },
        "2023-05": {
            "month": "2023-05",
            "price": "46.44",
            "revenue": 188607
        },
        "2023-06": {
            "month": "2023-06",
            "price": "46.33",
            "revenue": 195430
        },
        "2023-07": {
            "month": "2023-07",
            "price": "43.94",
            "revenue": 193135
        },
        "2023-08": {
            "month": "2023-08",
            "price": "42.05",
            "revenue": 193071
        },
        "2023-09": {
            "month": "2023-09",
            "price": "41.63",
            "revenue": 182048
        }
    }
}
