{
    "summary": {
        "stock_name": "帆宣",
        "stock_id": "6196",
        "category": "其他電子",
        "main_business": "提供高科技產業廠務及製程系統規劃整合服務，並搭配半導體及光電<br>客製化設備研發、組裝、製造等業務，且擁有半導體、光電等高科技<br>技產業製程所需材料與設備之代理銷售、安裝、售後服務與技術支援",
        "website_url": "https://www.micb2b.com",
        "ceo": "林育業",
        "pe_ratio": 12,
        "report_year_from": 2001,
        "report_year_to": 2023,
        "age": 23,
        "eps_negative_percentage": 4,
        "eps_growth_avg": {
            "last_all": 7.25,
            "last_2y": 29.71,
            "last_4y": 20.76,
            "last_8y": 19.3,
            "last_12y": 23.01,
            "last_16y": 8.9,
            "last_20y": 2.62,
            "at_2006_last_3y": -22.54,
            "at_2007_last_3y": -28.38,
            "at_2008_last_3y": -29.46,
            "at_2009_last_3y": -44.6,
            "at_2010_last_3y": -52.21,
            "at_2011_last_3y": -4.44,
            "at_2012_last_3y": -11.06,
            "at_2013_last_3y": 17.6,
            "at_2014_last_3y": 31.35,
            "at_2015_last_3y": 11.07,
            "at_2016_last_3y": 22.52,
            "at_2017_last_3y": 31.56,
            "at_2018_last_3y": 17.48,
            "at_2019_last_3y": 9.09,
            "at_2020_last_3y": 13.27,
            "at_2021_last_3y": 24.56,
            "at_2022_last_3y": 30.18,
            "at_2023_last_3y": 29.62,
            "at_2024_last_3y": 29.62,
            "at_2006_last_all": 1.97,
            "at_2007_last_all": -5.58,
            "at_2008_last_all": -6.68,
            "at_2009_last_all": -18.35,
            "at_2010_last_all": -18.35,
            "at_2011_last_all": -5.2,
            "at_2012_last_all": -8,
            "at_2013_last_all": -8.54,
            "at_2014_last_all": -1.78,
            "at_2015_last_all": -0.19,
            "at_2016_last_all": 0.72,
            "at_2017_last_all": 2.15,
            "at_2018_last_all": 3.03,
            "at_2019_last_all": 1.99,
            "at_2020_last_all": 3.51,
            "at_2021_last_all": 6.87,
            "at_2022_last_all": 8.46,
            "at_2023_last_all": 7.25,
            "at_2024_last_all": 7.25
        },
        "latest_eps": 11.94,
        "latest_price": 147,
        "latest_roe": 23.44,
        "latest_gross_margin": 9.57,
        "latest_equity": 10824151,
        "latest_revenue": 13549726,
        "latest_gross_profit": 1296235,
        "latest_net_income": 560554,
        "latest_debt_ratio": 74.53,
        "latest_current_ratio": 134.24,
        "latest_account_receivable_turnover_ratio": 2.02,
        "latest_inventory_turnover_ratio": 1.62,
        "latest_reinvestment_rate": 14.67,
        "latest_research_to_sale_ratio": 0.54
    },
    "eps_dividends": {
        "2001": {
            "cash": 1,
            "stock": 7,
            "eps": 3.44
        },
        "2002": {
            "cash": 0,
            "stock": 3,
            "eps": 8.43
        },
        "2003": {
            "cash": 1.5,
            "stock": 2.5,
            "eps": 6.75
        },
        "2004": {
            "cash": 2,
            "stock": 2,
            "eps": 6.14
        },
        "2005": {
            "cash": 2,
            "stock": 2,
            "eps": 3.72
        },
        "2006": {
            "cash": 1,
            "stock": 1.5,
            "eps": 2.91
        },
        "2007": {
            "cash": 1.5,
            "stock": 0,
            "eps": 1.65
        },
        "2008": {
            "cash": 0.5,
            "stock": 0,
            "eps": 1.43
        },
        "2009": {
            "cash": 0,
            "stock": 1,
            "eps": -0.96
        },
        "2010": {
            "cash": 0.3,
            "stock": 0,
            "eps": 0.89
        },
        "2011": {
            "cash": 2,
            "stock": 0,
            "eps": 2.35
        },
        "2012": {
            "cash": 0,
            "stock": 0,
            "eps": 1.57
        },
        "2013": {
            "cash": 1,
            "stock": 0,
            "eps": 1.35
        },
        "2014": {
            "cash": 1.1,
            "stock": 0,
            "eps": 2.33
        },
        "2015": {
            "cash": 2,
            "stock": 0,
            "eps": 2.77
        },
        "2016": {
            "cash": 2,
            "stock": 0,
            "eps": 3.12
        },
        "2017": {
            "cash": 2.2,
            "stock": 0,
            "eps": 3.81
        },
        "2018": {
            "cash": 2.5,
            "stock": 0,
            "eps": 4.43
        },
        "2019": {
            "cash": 3,
            "stock": 0,
            "eps": 3.78
        },
        "2020": {
            "cash": 2.6,
            "stock": 0,
            "eps": 4.89
        },
        "2021": {
            "cash": 3.5,
            "stock": 0,
            "eps": 8.18
        },
        "2022": {
            "cash": 4.5,
            "stock": 0,
            "eps": 11.35
        },
        "2023": {
            "cash": 5.67,
            "stock": 0,
            "eps": 9.43
        }
    },
    "dividends": {
        "2001-04-26": {
            "cash": 1,
            "stock": 7
        },
        "2002-05-22": {
            "cash": 0,
            "stock": 3
        },
        "2003-03-20": {
            "cash": 1.5,
            "stock": 2.5
        },
        "2004-03-10": {
            "cash": 2,
            "stock": 2
        },
        "2005-03-25": {
            "cash": 2,
            "stock": 2
        },
        "2006-03-17": {
            "cash": 1,
            "stock": 1.5
        },
        "2007-03-26": {
            "cash": 1.5,
            "stock": 0
        },
        "2008-03-24": {
            "cash": 0.5,
            "stock": 0
        },
        "2009-03-23": {
            "cash": 0,
            "stock": 1
        },
        "2010-04-28": {
            "cash": 0.3,
            "stock": 0
        },
        "2011-01-01": {
            "cash": 1,
            "stock": 0
        },
        "2011-03-11": {
            "cash": 1,
            "stock": 0
        },
        "2013-03-15": {
            "cash": 1,
            "stock": 0
        },
        "2014-06-12": {
            "cash": 1.1,
            "stock": 0
        },
        "2015-08-14": {
            "cash": 2,
            "stock": 0
        },
        "2016-08-22": {
            "cash": 2,
            "stock": 0
        },
        "2017-07-26": {
            "cash": 2.2,
            "stock": 0
        },
        "2018-07-25": {
            "cash": 2.5,
            "stock": 0
        },
        "2019-08-08": {
            "cash": 3,
            "stock": 0
        },
        "2020-08-12": {
            "cash": 2.6,
            "stock": 0
        },
        "2021-09-24": {
            "cash": 3.5,
            "stock": 0
        },
        "2022-08-03": {
            "cash": 4.5,
            "stock": 0
        },
        "2023-08-02": {
            "cash": 5.67,
            "stock": 0
        }
    },
    "prices": {
        "200101": "無",
        "200102": "無",
        "200103": "無",
        "200104": "無",
        "200105": "無",
        "200106": "無",
        "200107": "無",
        "200108": "無",
        "200109": "無",
        "200110": "無",
        "200111": "無",
        "200112": "無",
        "200201": "無",
        "200202": "無",
        "200203": "無",
        "200204": "無",
        "200205": "無",
        "200206": "無",
        "200207": "無",
        "200208": "無",
        "200209": "無",
        "200210": "110.55",
        "200211": "101.19",
        "200212": "95.45",
        "200301": "90.18",
        "200302": "76.38",
        "200303": "74.48",
        "200304": "78.09",
        "200305": "86.36",
        "200306": "90.48",
        "200307": "97.83",
        "200308": "90.90",
        "200309": "87.36",
        "200310": "80.95",
        "200311": "80.00",
        "200312": "86.65",
        "200401": "87.00",
        "200402": "86.10",
        "200403": "81.70",
        "200404": "79.91",
        "200405": "69.33",
        "200406": "65.52",
        "200407": "56.03",
        "200408": "43.43",
        "200409": "45.57",
        "200410": "46.21",
        "200411": "43.96",
        "200412": "42.20",
        "200501": "42.93",
        "200502": "44.30",
        "200503": "45.15",
        "200504": "42.77",
        "200505": "40.23",
        "200506": "41.25",
        "200507": "47.02",
        "200508": "40.32",
        "200509": "34.43",
        "200510": "29.96",
        "200511": "29.04",
        "200512": "32.62",
        "200601": "32.66",
        "200602": "29.65",
        "200603": "31.39",
        "200604": "31.82",
        "200605": "31.88",
        "200606": "28.24",
        "200607": "27.86",
        "200608": "26.33",
        "200609": "23.06",
        "200610": "24.44",
        "200611": "24.29",
        "200612": "26.29",
        "200701": "28.63",
        "200702": "27.51",
        "200703": "26.23",
        "200704": "26.42",
        "200705": "24.83",
        "200706": "25.75",
        "200707": "29.05",
        "200708": "27.43",
        "200709": "27.35",
        "200710": "25.90",
        "200711": "23.05",
        "200712": "19.02",
        "200801": "16.50",
        "200802": "16.07",
        "200803": "17.11",
        "200804": "19.52",
        "200805": "19.42",
        "200806": "17.86",
        "200807": "15.97",
        "200808": "16.62",
        "200809": "14.47",
        "200810": "10.67",
        "200811": "8.32",
        "200812": "8.36",
        "200901": "7.92",
        "200902": "7.41",
        "200903": "8.96",
        "200904": "11.24",
        "200905": "12.63",
        "200906": "13.06",
        "200907": "13.52",
        "200908": "14.03",
        "200909": "13.51",
        "200910": "14.74",
        "200911": "15.35",
        "200912": "17.87",
        "201001": "17.78",
        "201002": "15.87",
        "201003": "16.58",
        "201004": "17.51",
        "201005": "15.04",
        "201006": "14.34",
        "201007": "15.33",
        "201008": "16.75",
        "201009": "16.69",
        "201010": "16.49",
        "201011": "16.49",
        "201012": "17.69",
        "201101": "20.74",
        "201102": "19.94",
        "201103": "20.90",
        "201104": "21.94",
        "201105": "20.67",
        "201106": "22.60",
        "201107": "25.42",
        "201108": "22.22",
        "201109": "21.47",
        "201110": "19.46",
        "201111": "18.69",
        "201112": "16.81",
        "201201": "18.27",
        "201202": "22.01",
        "201203": "23.55",
        "201204": "19.70",
        "201205": "20.05",
        "201206": "19.10",
        "201207": "19.03",
        "201208": "18.68",
        "201209": "17.87",
        "201210": "16.40",
        "201211": "14.74",
        "201212": "17.22",
        "201301": "18.24",
        "201302": "18.44",
        "201303": "19.14",
        "201304": "19.84",
        "201305": "20.63",
        "201306": "18.86",
        "201307": "18.49",
        "201308": "17.22",
        "201309": "16.90",
        "201310": "17.63",
        "201311": "17.23",
        "201312": "17.50",
        "201401": "18.37",
        "201402": "19.89",
        "201403": "22.24",
        "201404": "22.61",
        "201405": "24.42",
        "201406": "24.38",
        "201407": "23.48",
        "201408": "22.89",
        "201409": "23.73",
        "201410": "21.64",
        "201411": "22.22",
        "201412": "23.37",
        "201501": "24.74",
        "201502": "24.98",
        "201503": "28.59",
        "201504": "29.42",
        "201505": "27.07",
        "201506": "24.15",
        "201507": "22.23",
        "201508": "18.08",
        "201509": "18.97",
        "201510": "21.94",
        "201511": "22.20",
        "201512": "24.41",
        "201601": "22.10",
        "201602": "24.12",
        "201603": "27.15",
        "201604": "25.82",
        "201605": "26.35",
        "201606": "27.91",
        "201607": "29.86",
        "201608": "28.02",
        "201609": "27.48",
        "201610": "26.92",
        "201611": "26.37",
        "201612": "27.66",
        "201701": "29.28",
        "201702": "32.19",
        "201703": "35.50",
        "201704": "37.00",
        "201705": "43.01",
        "201706": "42.06",
        "201707": "39.23",
        "201708": "37.49",
        "201709": "39.36",
        "201710": "40.59",
        "201711": "39.21",
        "201712": "38.12",
        "201801": "40.42",
        "201802": "39.51",
        "201803": "45.69",
        "201804": "57.82",
        "201805": "68.99",
        "201806": "75.27",
        "201807": "71.04",
        "201808": "66.27",
        "201809": "59.42",
        "201810": "47.52",
        "201811": "49.47",
        "201812": "50.69",
        "201901": "49.18",
        "201902": "54.48",
        "201903": "54.16",
        "201904": "55.91",
        "201905": "50.98",
        "201906": "50.27",
        "201907": "52.52",
        "201908": "49.24",
        "201909": "50.07",
        "201910": "54.49",
        "201911": "66.54",
        "201912": "82.65",
        "202001": "83.26",
        "202002": "83.71",
        "202003": "61.80",
        "202004": "66.80",
        "202005": "74.86",
        "202006": "81.18",
        "202007": "104.25",
        "202008": "110.46",
        "202009": "104.39",
        "202010": "106.05",
        "202011": "109.36",
        "202012": "111.63",
        "202101": "119.08",
        "202102": "115.35",
        "202103": "109.73",
        "202104": "118.89",
        "202105": "101.84",
        "202106": "105.64",
        "202107": "114.52",
        "202108": "112.61",
        "202109": "115.55",
        "202110": "113.05",
        "202111": "137.98",
        "202112": "159.07",
        "202201": "171.53",
        "202202": "159.47",
        "202203": "154.30",
        "202204": "135.92",
        "202205": "126.43",
        "202206": "122.19",
        "202207": "107.81",
        "202208": "117.74",
        "202209": "119.19",
        "202210": "102.53",
        "202211": "111.28",
        "202212": "120.02",
        "202301": "120.96",
        "202302": "127.78",
        "202303": "130.24",
        "202304": "131.29",
        "202305": "129.07",
        "202306": "140.30",
        "202307": "139.00",
        "202308": "138.86",
        "202309": "137.60",
        "202310": "137.25",
        "202311": "134.05",
        "202312": "134.00"
    },
    "quarters": {
        "20011": {
            "year_quarter": 20011,
            "year": 2001,
            "quarter": 1,
            "eps": null,
            "eps_growth_year": null,
            "eps_4q": null,
            "eps_4q_growth_year": null,
            "roe": null,
            "roe_4q": 0,
            "gross_profit": null,
            "gross_margin": null,
            "gross_margin_4q_avg": 0,
            "net_income": null,
            "net_income_4q": null,
            "revenue": null,
            "revenue_4q": null,
            "common_shares": null,
            "book_valuer_per_share": null,
            "book_valuer_per_share_4q_avg": 0,
            "equity": null,
            "current_ratio": null,
            "debt_ratio": null,
            "inventory_turnover_ratio": null,
            "account_receivable_turnover_ratio": null,
            "reinvestment_rate": null,
            "research_to_sale_ratio": null,
            "price_fair": 0,
            "eps_avg_yearly": 0,
            "eps_latest_yearly": 0,
            "eps_growth_yearly": 0
        },
        "20012": {
            "year_quarter": 20012,
            "year": 2001,
            "quarter": 2,
            "eps": null,
            "eps_growth_year": null,
            "eps_4q": null,
            "eps_4q_growth_year": null,
            "roe": null,
            "roe_4q": 0,
            "gross_profit": null,
            "gross_margin": null,
            "gross_margin_4q_avg": 0,
            "net_income": null,
            "net_income_4q": null,
            "revenue": null,
            "revenue_4q": null,
            "common_shares": null,
            "book_valuer_per_share": null,
            "book_valuer_per_share_4q_avg": 0,
            "equity": null,
            "current_ratio": null,
            "debt_ratio": null,
            "inventory_turnover_ratio": null,
            "account_receivable_turnover_ratio": null,
            "reinvestment_rate": null,
            "research_to_sale_ratio": null,
            "price_fair": 0,
            "eps_avg_yearly": 0,
            "eps_latest_yearly": 0,
            "eps_growth_yearly": 0
        },
        "20013": {
            "year_quarter": 20013,
            "year": 2001,
            "quarter": 3,
            "eps": 1.41,
            "eps_growth_year": null,
            "eps_4q": null,
            "eps_4q_growth_year": null,
            "roe": 4.4,
            "roe_4q": 4.4,
            "gross_profit": 155842,
            "gross_margin": 17.88,
            "gross_margin_4q_avg": 5.96,
            "net_income": 63315,
            "net_income_4q": null,
            "revenue": 871461,
            "revenue_4q": null,
            "common_shares": 450090,
            "book_valuer_per_share": 31.96,
            "book_valuer_per_share_4q_avg": 10.65,
            "equity": 1438357,
            "current_ratio": 173.03,
            "debt_ratio": 52,
            "inventory_turnover_ratio": 1.07,
            "account_receivable_turnover_ratio": null,
            "reinvestment_rate": null,
            "research_to_sale_ratio": null,
            "price_fair": 0,
            "eps_avg_yearly": 0,
            "eps_latest_yearly": 0,
            "eps_growth_yearly": 0
        },
        "20014": {
            "year_quarter": 20014,
            "year": 2001,
            "quarter": 4,
            "eps": 2.03,
            "eps_growth_year": null,
            "eps_4q": null,
            "eps_4q_growth_year": null,
            "roe": 5.79,
            "roe_4q": 10.190000000000001,
            "gross_profit": 164737,
            "gross_margin": 16.84,
            "gross_margin_4q_avg": 8.68,
            "net_income": 85877,
            "net_income_4q": null,
            "revenue": 978452,
            "revenue_4q": null,
            "common_shares": 450090,
            "book_valuer_per_share": 33.9,
            "book_valuer_per_share_4q_avg": 16.47,
            "equity": 1525936,
            "current_ratio": 194.81,
            "debt_ratio": 46.14,
            "inventory_turnover_ratio": 1.08,
            "account_receivable_turnover_ratio": null,
            "reinvestment_rate": null,
            "research_to_sale_ratio": null,
            "price_fair": 0,
            "eps_avg_yearly": 0,
            "eps_latest_yearly": 0,
            "eps_growth_yearly": 0
        },
        "20021": {
            "year_quarter": 20021,
            "year": 2002,
            "quarter": 1,
            "eps": 2.58,
            "eps_growth_year": null,
            "eps_4q": null,
            "eps_4q_growth_year": null,
            "roe": 7.34,
            "roe_4q": 17.53,
            "gross_profit": 268459,
            "gross_margin": 26.28,
            "gross_margin_4q_avg": 15.25,
            "net_income": 116204,
            "net_income_4q": null,
            "revenue": 1021378,
            "revenue_4q": null,
            "common_shares": 450090,
            "book_valuer_per_share": 36.49,
            "book_valuer_per_share_4q_avg": 25.59,
            "equity": 1642246,
            "current_ratio": 222.15,
            "debt_ratio": 39.91,
            "inventory_turnover_ratio": 0.88,
            "account_receivable_turnover_ratio": null,
            "reinvestment_rate": null,
            "research_to_sale_ratio": null,
            "price_fair": 361.2,
            "eps_avg_yearly": 10.32,
            "eps_latest_yearly": 10.32,
            "eps_growth_yearly": 108.37
        },
        "20022": {
            "year_quarter": 20022,
            "year": 2002,
            "quarter": 2,
            "eps": 2.77,
            "eps_growth_year": null,
            "eps_4q": 7.14,
            "eps_4q_growth_year": null,
            "roe": 9.77,
            "roe_4q": 27.299999999999997,
            "gross_profit": 359731,
            "gross_margin": 23.27,
            "gross_margin_4q_avg": 21.07,
            "net_income": 168051,
            "net_income_4q": null,
            "revenue": 1546189,
            "revenue_4q": null,
            "common_shares": 450090,
            "book_valuer_per_share": 39.97,
            "book_valuer_per_share_4q_avg": 35.58,
            "equity": 1799177,
            "current_ratio": 222.18,
            "debt_ratio": 39.32,
            "inventory_turnover_ratio": 1.21,
            "account_receivable_turnover_ratio": null,
            "reinvestment_rate": null,
            "research_to_sale_ratio": null,
            "price_fair": 374.5,
            "eps_avg_yearly": 10.7,
            "eps_latest_yearly": 11.08,
            "eps_growth_yearly": 68.92
        },
        "20023": {
            "year_quarter": 20023,
            "year": 2002,
            "quarter": 3,
            "eps": 1.47,
            "eps_growth_year": 4.26,
            "eps_4q": 7.42,
            "eps_4q_growth_year": null,
            "roe": 4.57,
            "roe_4q": 27.47,
            "gross_profit": 216479,
            "gross_margin": 16.65,
            "gross_margin_4q_avg": 20.76,
            "net_income": 91373,
            "net_income_4q": null,
            "revenue": 1299803,
            "revenue_4q": null,
            "common_shares": 657127,
            "book_valuer_per_share": 33.43,
            "book_valuer_per_share_4q_avg": 35.95,
            "equity": 2196870,
            "current_ratio": 273.1,
            "debt_ratio": 31.56,
            "inventory_turnover_ratio": 0.97,
            "account_receivable_turnover_ratio": null,
            "reinvestment_rate": null,
            "research_to_sale_ratio": null,
            "price_fair": 27.28,
            "eps_avg_yearly": 9.09,
            "eps_latest_yearly": 5.88,
            "eps_growth_yearly": -16.63
        },
        "20024": {
            "year_quarter": 20024,
            "year": 2002,
            "quarter": 4,
            "eps": 1.61,
            "eps_growth_year": -20.69,
            "eps_4q": 7.56,
            "eps_4q_growth_year": null,
            "roe": 4.53,
            "roe_4q": 26.21,
            "gross_profit": 236204,
            "gross_margin": 17,
            "gross_margin_4q_avg": 20.8,
            "net_income": 101716,
            "net_income_4q": null,
            "revenue": 1389368,
            "revenue_4q": null,
            "common_shares": 657127,
            "book_valuer_per_share": 34.98,
            "book_valuer_per_share_4q_avg": 36.22,
            "equity": 2298772,
            "current_ratio": 184.57,
            "debt_ratio": 49.01,
            "inventory_turnover_ratio": 0.88,
            "account_receivable_turnover_ratio": null,
            "reinvestment_rate": null,
            "research_to_sale_ratio": null,
            "price_fair": 25.29,
            "eps_avg_yearly": 8.43,
            "eps_latest_yearly": 6.44,
            "eps_growth_yearly": -2.95
        },
        "20031": {
            "year_quarter": 20031,
            "year": 2003,
            "quarter": 1,
            "eps": 1.89,
            "eps_growth_year": -26.74,
            "eps_4q": 7.37,
            "eps_4q_growth_year": null,
            "roe": 5.27,
            "roe_4q": 24.14,
            "gross_profit": 262840,
            "gross_margin": 20.26,
            "gross_margin_4q_avg": 19.3,
            "net_income": 124500,
            "net_income_4q": null,
            "revenue": 1297303,
            "revenue_4q": null,
            "common_shares": 657127,
            "book_valuer_per_share": 36.87,
            "book_valuer_per_share_4q_avg": 36.31,
            "equity": 2422860,
            "current_ratio": 259.12,
            "debt_ratio": 45.54,
            "inventory_turnover_ratio": 0.82,
            "account_receivable_turnover_ratio": null,
            "reinvestment_rate": null,
            "research_to_sale_ratio": null,
            "price_fair": 177.94,
            "eps_avg_yearly": 8.26,
            "eps_latest_yearly": 7.56,
            "eps_growth_yearly": 11.55
        },
        "20032": {
            "year_quarter": 20032,
            "year": 2003,
            "quarter": 2,
            "eps": 1.9,
            "eps_growth_year": -31.41,
            "eps_4q": 5.65,
            "eps_4q_growth_year": -20.95,
            "roe": 6.57,
            "roe_4q": 20.94,
            "gross_profit": 336901,
            "gross_margin": 16.11,
            "gross_margin_4q_avg": 17.51,
            "net_income": 160994,
            "net_income_4q": null,
            "revenue": 2090739,
            "revenue_4q": null,
            "common_shares": 657127,
            "book_valuer_per_share": 37.66,
            "book_valuer_per_share_4q_avg": 35.74,
            "equity": 2474865,
            "current_ratio": 292.86,
            "debt_ratio": 41.95,
            "inventory_turnover_ratio": 1.83,
            "account_receivable_turnover_ratio": null,
            "reinvestment_rate": null,
            "research_to_sale_ratio": null,
            "price_fair": 162.77,
            "eps_avg_yearly": 8.15,
            "eps_latest_yearly": 7.6,
            "eps_growth_yearly": 9.98
        },
        "20033": {
            "year_quarter": 20033,
            "year": 2003,
            "quarter": 3,
            "eps": 1.36,
            "eps_growth_year": -7.48,
            "eps_4q": 5.93,
            "eps_4q_growth_year": -20.08,
            "roe": 4.52,
            "roe_4q": 20.89,
            "gross_profit": 266560,
            "gross_margin": 15.28,
            "gross_margin_4q_avg": 17.16,
            "net_income": 115141,
            "net_income_4q": null,
            "revenue": 1744900,
            "revenue_4q": null,
            "common_shares": 851125,
            "book_valuer_per_share": 30.72,
            "book_valuer_per_share_4q_avg": 35.06,
            "equity": 2614623,
            "current_ratio": 255.84,
            "debt_ratio": 42.14,
            "inventory_turnover_ratio": 1.82,
            "account_receivable_turnover_ratio": null,
            "reinvestment_rate": null,
            "research_to_sale_ratio": null,
            "price_fair": 23.28,
            "eps_avg_yearly": 7.76,
            "eps_latest_yearly": 5.44,
            "eps_growth_yearly": -7.69
        },
        "20034": {
            "year_quarter": 20034,
            "year": 2003,
            "quarter": 4,
            "eps": 1.6,
            "eps_growth_year": -0.62,
            "eps_4q": 6.34,
            "eps_4q_growth_year": -16.13,
            "roe": 5.03,
            "roe_4q": 21.39,
            "gross_profit": 305010,
            "gross_margin": 14.13,
            "gross_margin_4q_avg": 16.45,
            "net_income": 135319,
            "net_income_4q": null,
            "revenue": 2158711,
            "revenue_4q": null,
            "common_shares": 852508,
            "book_valuer_per_share": 32.42,
            "book_valuer_per_share_4q_avg": 34.42,
            "equity": 2764042,
            "current_ratio": 222.28,
            "debt_ratio": 56.35,
            "inventory_turnover_ratio": 1.89,
            "account_receivable_turnover_ratio": null,
            "reinvestment_rate": null,
            "research_to_sale_ratio": null,
            "price_fair": 91.83,
            "eps_avg_yearly": 7.59,
            "eps_latest_yearly": 6.4,
            "eps_growth_yearly": 2.1
        },
        "20041": {
            "year_quarter": 20041,
            "year": 2004,
            "quarter": 1,
            "eps": 1.3,
            "eps_growth_year": -31.22,
            "eps_4q": 6.12,
            "eps_4q_growth_year": -17.02,
            "roe": 3.95,
            "roe_4q": 20.07,
            "gross_profit": 279421,
            "gross_margin": 16.27,
            "gross_margin_4q_avg": 15.45,
            "net_income": 111035,
            "net_income_4q": null,
            "revenue": 1717856,
            "revenue_4q": null,
            "common_shares": 852508,
            "book_valuer_per_share": 33.46,
            "book_valuer_per_share_4q_avg": 33.57,
            "equity": 2852481,
            "current_ratio": 265.44,
            "debt_ratio": 48.81,
            "inventory_turnover_ratio": 1.21,
            "account_receivable_turnover_ratio": null,
            "reinvestment_rate": null,
            "research_to_sale_ratio": null,
            "price_fair": 21.97,
            "eps_avg_yearly": 7.32,
            "eps_latest_yearly": 5.2,
            "eps_growth_yearly": -6.47
        },
        "20042": {
            "year_quarter": 20042,
            "year": 2004,
            "quarter": 2,
            "eps": 1.07,
            "eps_growth_year": -43.68,
            "eps_4q": 4.51,
            "eps_4q_growth_year": -20.13,
            "roe": 4.03,
            "roe_4q": 17.53,
            "gross_profit": 318261,
            "gross_margin": 16.01,
            "gross_margin_4q_avg": 15.42,
            "net_income": 112402,
            "net_income_4q": null,
            "revenue": 1988488,
            "revenue_4q": null,
            "common_shares": 852508,
            "book_valuer_per_share": 32.01,
            "book_valuer_per_share_4q_avg": 32.15,
            "equity": 2728807,
            "current_ratio": 183.03,
            "debt_ratio": 59.94,
            "inventory_turnover_ratio": 1.19,
            "account_receivable_turnover_ratio": null,
            "reinvestment_rate": null,
            "research_to_sale_ratio": null,
            "price_fair": 21.06,
            "eps_avg_yearly": 7.02,
            "eps_latest_yearly": 4.28,
            "eps_growth_yearly": -12.9
        },
        "20043": {
            "year_quarter": 20043,
            "year": 2004,
            "quarter": 3,
            "eps": 1.51,
            "eps_growth_year": 11.03,
            "eps_4q": 4.94,
            "eps_4q_growth_year": -16.7,
            "roe": 5.64,
            "roe_4q": 18.650000000000002,
            "gross_profit": 388836,
            "gross_margin": 17.26,
            "gross_margin_4q_avg": 15.92,
            "net_income": 157805,
            "net_income_4q": null,
            "revenue": 2253092,
            "revenue_4q": null,
            "common_shares": 1048010,
            "book_valuer_per_share": 27.37,
            "book_valuer_per_share_4q_avg": 31.32,
            "equity": 2868584,
            "current_ratio": 168.69,
            "debt_ratio": 61.64,
            "inventory_turnover_ratio": 0.94,
            "account_receivable_turnover_ratio": null,
            "reinvestment_rate": null,
            "research_to_sale_ratio": null,
            "price_fair": 91.68,
            "eps_avg_yearly": 6.93,
            "eps_latest_yearly": 6.04,
            "eps_growth_yearly": 3.23
        },
        "20044": {
            "year_quarter": 20044,
            "year": 2004,
            "quarter": 4,
            "eps": 2.26,
            "eps_growth_year": 41.25,
            "eps_4q": 5.92,
            "eps_4q_growth_year": -6.57,
            "roe": 7.92,
            "roe_4q": 21.54,
            "gross_profit": 501676,
            "gross_margin": 12.45,
            "gross_margin_4q_avg": 15.5,
            "net_income": 235383,
            "net_income_4q": null,
            "revenue": 4030434,
            "revenue_4q": null,
            "common_shares": 1048188,
            "book_valuer_per_share": 29.27,
            "book_valuer_per_share_4q_avg": 30.53,
            "equity": 3073621,
            "current_ratio": 145.62,
            "debt_ratio": 70.28,
            "inventory_turnover_ratio": 1.27,
            "account_receivable_turnover_ratio": null,
            "reinvestment_rate": null,
            "research_to_sale_ratio": null,
            "price_fair": 209.75,
            "eps_avg_yearly": 7.11,
            "eps_latest_yearly": 9.04,
            "eps_growth_yearly": 19.51
        },
        "20051": {
            "year_quarter": 20051,
            "year": 2005,
            "quarter": 1,
            "eps": 0.8,
            "eps_growth_year": -38.46,
            "eps_4q": 5.7,
            "eps_4q_growth_year": -6.84,
            "roe": 2.65,
            "roe_4q": 20.240000000000002,
            "gross_profit": 277025,
            "gross_margin": 13.84,
            "gross_margin_4q_avg": 14.89,
            "net_income": 82563,
            "net_income_4q": null,
            "revenue": 2001643,
            "revenue_4q": null,
            "common_shares": 1048188,
            "book_valuer_per_share": 30.03,
            "book_valuer_per_share_4q_avg": 29.67,
            "equity": 3147466,
            "current_ratio": 149.6,
            "debt_ratio": 66.4,
            "inventory_turnover_ratio": 0.52,
            "account_receivable_turnover_ratio": null,
            "reinvestment_rate": null,
            "research_to_sale_ratio": null,
            "price_fair": 20.42,
            "eps_avg_yearly": 6.81,
            "eps_latest_yearly": 3.2,
            "eps_growth_yearly": -1.86
        },
        "20052": {
            "year_quarter": 20052,
            "year": 2005,
            "quarter": 2,
            "eps": 1.09,
            "eps_growth_year": 1.87,
            "eps_4q": 4.84,
            "eps_4q_growth_year": 7.37,
            "roe": 4.46,
            "roe_4q": 20.669999999999998,
            "gross_profit": 352170,
            "gross_margin": 12,
            "gross_margin_4q_avg": 13.89,
            "net_income": 138150,
            "net_income_4q": null,
            "revenue": 2935391,
            "revenue_4q": null,
            "common_shares": 1048188,
            "book_valuer_per_share": 29.14,
            "book_valuer_per_share_4q_avg": 28.95,
            "equity": 3054491,
            "current_ratio": 158.31,
            "debt_ratio": 62.7,
            "inventory_turnover_ratio": 0.85,
            "account_receivable_turnover_ratio": null,
            "reinvestment_rate": 43.77,
            "research_to_sale_ratio": null,
            "price_fair": 123.52,
            "eps_avg_yearly": 6.63,
            "eps_latest_yearly": 4.36,
            "eps_growth_yearly": 8.63
        },
        "20053": {
            "year_quarter": 20053,
            "year": 2005,
            "quarter": 3,
            "eps": 0.81,
            "eps_growth_year": -46.36,
            "eps_4q": 4.43,
            "eps_4q_growth_year": -10.42,
            "roe": 3.27,
            "roe_4q": 18.3,
            "gross_profit": 299110,
            "gross_margin": 12.93,
            "gross_margin_4q_avg": 12.81,
            "net_income": 102111,
            "net_income_4q": null,
            "revenue": 2314130,
            "revenue_4q": null,
            "common_shares": 1275144,
            "book_valuer_per_share": 25.09,
            "book_valuer_per_share_4q_avg": 28.38,
            "equity": 3198761,
            "current_ratio": 151.74,
            "debt_ratio": 63.52,
            "inventory_turnover_ratio": 0.83,
            "account_receivable_turnover_ratio": null,
            "reinvestment_rate": 37.11,
            "research_to_sale_ratio": null,
            "price_fair": 71.75,
            "eps_avg_yearly": 6.41,
            "eps_latest_yearly": 3.24,
            "eps_growth_yearly": 1.2
        },
        "20054": {
            "year_quarter": 20054,
            "year": 2005,
            "quarter": 4,
            "eps": 1.02,
            "eps_growth_year": -54.87,
            "eps_4q": 3.59,
            "eps_4q_growth_year": -39.37,
            "roe": 3.92,
            "roe_4q": 14.299999999999999,
            "gross_profit": 377942,
            "gross_margin": 10.08,
            "gross_margin_4q_avg": 12.21,
            "net_income": 128152,
            "net_income_4q": null,
            "revenue": 3749691,
            "revenue_4q": null,
            "common_shares": 1275144,
            "book_valuer_per_share": 26.05,
            "book_valuer_per_share_4q_avg": 27.58,
            "equity": 3332172,
            "current_ratio": 156.59,
            "debt_ratio": 63.33,
            "inventory_turnover_ratio": 1.49,
            "account_receivable_turnover_ratio": null,
            "reinvestment_rate": 61.41,
            "research_to_sale_ratio": null,
            "price_fair": 110.22,
            "eps_avg_yearly": 6.26,
            "eps_latest_yearly": 4.08,
            "eps_growth_yearly": 7.61
        },
        "20061": {
            "year_quarter": 20061,
            "year": 2006,
            "quarter": 1,
            "eps": 0.6,
            "eps_growth_year": -25,
            "eps_4q": 3.5,
            "eps_4q_growth_year": -38.62,
            "roe": 2.27,
            "roe_4q": 13.919999999999998,
            "gross_profit": 290099,
            "gross_margin": 12.64,
            "gross_margin_4q_avg": 11.91,
            "net_income": 76270,
            "net_income_4q": null,
            "revenue": 2294910,
            "revenue_4q": null,
            "common_shares": 1275144,
            "book_valuer_per_share": 26.57,
            "book_valuer_per_share_4q_avg": 26.71,
            "equity": 3388662,
            "current_ratio": 165.89,
            "debt_ratio": 58.54,
            "inventory_turnover_ratio": 0.93,
            "account_receivable_turnover_ratio": null,
            "reinvestment_rate": 39.84,
            "research_to_sale_ratio": null,
            "price_fair": 17.3,
            "eps_avg_yearly": 5.77,
            "eps_latest_yearly": 2.4,
            "eps_growth_yearly": -9.46
        },
        "20062": {
            "year_quarter": 20062,
            "year": 2006,
            "quarter": 2,
            "eps": 0.69,
            "eps_growth_year": -36.7,
            "eps_4q": 2.78,
            "eps_4q_growth_year": -42.57,
            "roe": 3,
            "roe_4q": 12.459999999999999,
            "gross_profit": 309975,
            "gross_margin": 11.48,
            "gross_margin_4q_avg": 11.78,
            "net_income": 101119,
            "net_income_4q": null,
            "revenue": 2699416,
            "revenue_4q": null,
            "common_shares": 1275144,
            "book_valuer_per_share": 26.25,
            "book_valuer_per_share_4q_avg": 25.99,
            "equity": 3347403,
            "current_ratio": 159.28,
            "debt_ratio": 59.76,
            "inventory_turnover_ratio": 1.1,
            "account_receivable_turnover_ratio": null,
            "reinvestment_rate": 43.64,
            "research_to_sale_ratio": null,
            "price_fair": 15.74,
            "eps_avg_yearly": 5.25,
            "eps_latest_yearly": 2.76,
            "eps_growth_yearly": -7.55
        },
        "20063": {
            "year_quarter": 20063,
            "year": 2006,
            "quarter": 3,
            "eps": 0.64,
            "eps_growth_year": -20.99,
            "eps_4q": 2.72,
            "eps_4q_growth_year": -38.47,
            "roe": 2.75,
            "roe_4q": 11.94,
            "gross_profit": 295193,
            "gross_margin": 12.93,
            "gross_margin_4q_avg": 11.78,
            "net_income": 93814,
            "net_income_4q": null,
            "revenue": 2283515,
            "revenue_4q": null,
            "common_shares": 1482404,
            "book_valuer_per_share": 23.39,
            "book_valuer_per_share_4q_avg": 25.57,
            "equity": 3466683,
            "current_ratio": 159.53,
            "debt_ratio": 59.48,
            "inventory_turnover_ratio": 0.89,
            "account_receivable_turnover_ratio": null,
            "reinvestment_rate": 42.24,
            "research_to_sale_ratio": null,
            "price_fair": 62.32,
            "eps_avg_yearly": 5.04,
            "eps_latest_yearly": 2.56,
            "eps_growth_yearly": 2.37
        },
        "20064": {
            "year_quarter": 20064,
            "year": 2006,
            "quarter": 4,
            "eps": 0.98,
            "eps_growth_year": -3.92,
            "eps_4q": 2.82,
            "eps_4q_growth_year": -21.35,
            "roe": 4.07,
            "roe_4q": 12.09,
            "gross_profit": 410500,
            "gross_margin": 10.1,
            "gross_margin_4q_avg": 11.79,
            "net_income": 144208,
            "net_income_4q": null,
            "revenue": 4066357,
            "revenue_4q": null,
            "common_shares": 1482404,
            "book_valuer_per_share": 24.35,
            "book_valuer_per_share_4q_avg": 25.14,
            "equity": 3621919,
            "current_ratio": 141.99,
            "debt_ratio": 65.38,
            "inventory_turnover_ratio": 1.46,
            "account_receivable_turnover_ratio": null,
            "reinvestment_rate": 57.33,
            "research_to_sale_ratio": null,
            "price_fair": 113.56,
            "eps_avg_yearly": 4.88,
            "eps_latest_yearly": 3.92,
            "eps_growth_yearly": 13.27
        },
        "20071": {
            "year_quarter": 20071,
            "year": 2007,
            "quarter": 1,
            "eps": 0.38,
            "eps_growth_year": -36.67,
            "eps_4q": 2.68,
            "eps_4q_growth_year": -23.31,
            "roe": 1.53,
            "roe_4q": 11.350000000000001,
            "gross_profit": 281752,
            "gross_margin": 14.93,
            "gross_margin_4q_avg": 12.36,
            "net_income": 55962,
            "net_income_4q": null,
            "revenue": 1887565,
            "revenue_4q": null,
            "common_shares": 1482404,
            "book_valuer_per_share": 24.87,
            "book_valuer_per_share_4q_avg": 24.72,
            "equity": 3686926,
            "current_ratio": 167.3,
            "debt_ratio": 58.05,
            "inventory_turnover_ratio": 0.6,
            "account_receivable_turnover_ratio": null,
            "reinvestment_rate": 41.31,
            "research_to_sale_ratio": null,
            "price_fair": 13.51,
            "eps_avg_yearly": 4.5,
            "eps_latest_yearly": 1.52,
            "eps_growth_yearly": -6.38
        },
        "20072": {
            "year_quarter": 20072,
            "year": 2007,
            "quarter": 2,
            "eps": 0.31,
            "eps_growth_year": -55.07,
            "eps_4q": 2.29,
            "eps_4q_growth_year": -17.62,
            "roe": 1.28,
            "roe_4q": 9.63,
            "gross_profit": 287079,
            "gross_margin": 15.09,
            "gross_margin_4q_avg": 13.26,
            "net_income": 45993,
            "net_income_4q": null,
            "revenue": 1902142,
            "revenue_4q": null,
            "common_shares": 1482404,
            "book_valuer_per_share": 23.46,
            "book_valuer_per_share_4q_avg": 24.02,
            "equity": 3478331,
            "current_ratio": 155.6,
            "debt_ratio": 61.13,
            "inventory_turnover_ratio": 0.62,
            "account_receivable_turnover_ratio": null,
            "reinvestment_rate": 41.79,
            "research_to_sale_ratio": null,
            "price_fair": 12.32,
            "eps_avg_yearly": 4.11,
            "eps_latest_yearly": 1.24,
            "eps_growth_yearly": -11.12
        },
        "20073": {
            "year_quarter": 20073,
            "year": 2007,
            "quarter": 3,
            "eps": 0.47,
            "eps_growth_year": -26.56,
            "eps_4q": 2.13,
            "eps_4q_growth_year": -21.76,
            "roe": 1.98,
            "roe_4q": 8.86,
            "gross_profit": 276523,
            "gross_margin": 12.52,
            "gross_margin_4q_avg": 13.16,
            "net_income": 69627,
            "net_income_4q": null,
            "revenue": 2208869,
            "revenue_4q": null,
            "common_shares": 1468994,
            "book_valuer_per_share": 24.19,
            "book_valuer_per_share_4q_avg": 24.22,
            "equity": 3552766,
            "current_ratio": 166.49,
            "debt_ratio": 58.44,
            "inventory_turnover_ratio": 0.79,
            "account_receivable_turnover_ratio": null,
            "reinvestment_rate": 41.15,
            "research_to_sale_ratio": null,
            "price_fair": 73.33,
            "eps_avg_yearly": 3.88,
            "eps_latest_yearly": 1.88,
            "eps_growth_yearly": 8.89
        },
        "20074": {
            "year_quarter": 20074,
            "year": 2007,
            "quarter": 4,
            "eps": 0.49,
            "eps_growth_year": -50,
            "eps_4q": 1.65,
            "eps_4q_growth_year": -41.62,
            "roe": 2.01,
            "roe_4q": 6.8,
            "gross_profit": 335435,
            "gross_margin": 10.32,
            "gross_margin_4q_avg": 13.22,
            "net_income": 72599,
            "net_income_4q": null,
            "revenue": 3251805,
            "revenue_4q": null,
            "common_shares": 1469025,
            "book_valuer_per_share": 24.8,
            "book_valuer_per_share_4q_avg": 24.33,
            "equity": 3660873,
            "current_ratio": 153.37,
            "debt_ratio": 64.43,
            "inventory_turnover_ratio": 1.27,
            "account_receivable_turnover_ratio": null,
            "reinvestment_rate": 56.85,
            "research_to_sale_ratio": null,
            "price_fair": 56.02,
            "eps_avg_yearly": 3.61,
            "eps_latest_yearly": 1.96,
            "eps_growth_yearly": 5.54
        },
        "20081": {
            "year_quarter": 20081,
            "year": 2008,
            "quarter": 1,
            "eps": 0.14,
            "eps_growth_year": -63.16,
            "eps_4q": 1.49,
            "eps_4q_growth_year": -44.48,
            "roe": 0.54,
            "roe_4q": 5.81,
            "gross_profit": 385279,
            "gross_margin": 17.75,
            "gross_margin_4q_avg": 13.92,
            "net_income": 19573,
            "net_income_4q": null,
            "revenue": 2170359,
            "revenue_4q": null,
            "common_shares": 1469025,
            "book_valuer_per_share": 24.73,
            "book_valuer_per_share_4q_avg": 24.3,
            "equity": 3650153,
            "current_ratio": 150.76,
            "debt_ratio": 66.47,
            "inventory_turnover_ratio": 0.7,
            "account_receivable_turnover_ratio": null,
            "reinvestment_rate": 70.34,
            "research_to_sale_ratio": null,
            "price_fair": 9.95,
            "eps_avg_yearly": 3.32,
            "eps_latest_yearly": 0.56,
            "eps_growth_yearly": -7.63
        },
        "20082": {
            "year_quarter": 20082,
            "year": 2008,
            "quarter": 2,
            "eps": 0.47,
            "eps_growth_year": 51.61,
            "eps_4q": 1.57,
            "eps_4q_growth_year": -31.31,
            "roe": 1.9,
            "roe_4q": 6.43,
            "gross_profit": 442285,
            "gross_margin": 8.98,
            "gross_margin_4q_avg": 12.39,
            "net_income": 69282,
            "net_income_4q": null,
            "revenue": 4927089,
            "revenue_4q": null,
            "common_shares": 1469025,
            "book_valuer_per_share": 24.59,
            "book_valuer_per_share_4q_avg": 24.58,
            "equity": 3635395,
            "current_ratio": 145.35,
            "debt_ratio": 68.33,
            "inventory_turnover_ratio": 1.71,
            "account_receivable_turnover_ratio": null,
            "reinvestment_rate": 75.03,
            "research_to_sale_ratio": null,
            "price_fair": 110.78,
            "eps_avg_yearly": 3.17,
            "eps_latest_yearly": 1.88,
            "eps_growth_yearly": 55.72
        },
        "20083": {
            "year_quarter": 20083,
            "year": 2008,
            "quarter": 3,
            "eps": 0.54,
            "eps_growth_year": 14.89,
            "eps_4q": 1.64,
            "eps_4q_growth_year": -23.01,
            "roe": 2.14,
            "roe_4q": 6.59,
            "gross_profit": 394928,
            "gross_margin": 12.03,
            "gross_margin_4q_avg": 12.27,
            "net_income": 79584,
            "net_income_4q": null,
            "revenue": 3283179,
            "revenue_4q": null,
            "common_shares": 1469025,
            "book_valuer_per_share": 25.64,
            "book_valuer_per_share_4q_avg": 24.94,
            "equity": 3790984,
            "current_ratio": 154.49,
            "debt_ratio": 63.69,
            "inventory_turnover_ratio": 1.04,
            "account_receivable_turnover_ratio": null,
            "reinvestment_rate": 76.51,
            "research_to_sale_ratio": null,
            "price_fair": 102.29,
            "eps_avg_yearly": 2.92,
            "eps_latest_yearly": 2.16,
            "eps_growth_yearly": 49.16
        },
        "20084": {
            "year_quarter": 20084,
            "year": 2008,
            "quarter": 4,
            "eps": 0.28,
            "eps_growth_year": -42.86,
            "eps_4q": 1.45,
            "eps_4q_growth_year": -12.1,
            "roe": 1.06,
            "roe_4q": 5.64,
            "gross_profit": 350794,
            "gross_margin": 10.63,
            "gross_margin_4q_avg": 12.35,
            "net_income": 40642,
            "net_income_4q": null,
            "revenue": 3299961,
            "revenue_4q": null,
            "common_shares": 1469025,
            "book_valuer_per_share": 26.09,
            "book_valuer_per_share_4q_avg": 25.26,
            "equity": 3858088,
            "current_ratio": 154.45,
            "debt_ratio": 61.05,
            "inventory_turnover_ratio": 1.01,
            "account_receivable_turnover_ratio": 1.84,
            "reinvestment_rate": 54.64,
            "research_to_sale_ratio": null,
            "price_fair": 84.26,
            "eps_avg_yearly": 2.43,
            "eps_latest_yearly": 1.12,
            "eps_growth_yearly": 24.71
        },
        "20091": {
            "year_quarter": 20091,
            "year": 2009,
            "quarter": 1,
            "eps": 0.17,
            "eps_growth_year": 21.43,
            "eps_4q": 1.59,
            "eps_4q_growth_year": 6.79,
            "roe": 0.59,
            "roe_4q": 5.6899999999999995,
            "gross_profit": 273598,
            "gross_margin": 14.73,
            "gross_margin_4q_avg": 11.59,
            "net_income": 23071,
            "net_income_4q": null,
            "revenue": 1856853,
            "revenue_4q": null,
            "common_shares": 1469025,
            "book_valuer_per_share": 26.57,
            "book_valuer_per_share_4q_avg": 25.72,
            "equity": 3925943,
            "current_ratio": 167.19,
            "debt_ratio": 55.47,
            "inventory_turnover_ratio": 0.6,
            "account_receivable_turnover_ratio": 0.56,
            "reinvestment_rate": 70.96,
            "research_to_sale_ratio": null,
            "price_fair": 79.45,
            "eps_avg_yearly": 2.27,
            "eps_latest_yearly": 0.68,
            "eps_growth_yearly": 31.04
        },
        "20092": {
            "year_quarter": 20092,
            "year": 2009,
            "quarter": 2,
            "eps": -0.12,
            "eps_growth_year": -125.53,
            "eps_4q": 0.87,
            "eps_4q_growth_year": -44.43,
            "roe": -0.47,
            "roe_4q": 3.3200000000000003,
            "gross_profit": 265035,
            "gross_margin": 17.05,
            "gross_margin_4q_avg": 13.61,
            "net_income": -18329,
            "net_income_4q": null,
            "revenue": 1554415,
            "revenue_4q": null,
            "common_shares": 1469025,
            "book_valuer_per_share": 26.15,
            "book_valuer_per_share_4q_avg": 26.11,
            "equity": 3862609,
            "current_ratio": 181.85,
            "debt_ratio": 51.79,
            "inventory_turnover_ratio": 0.58,
            "account_receivable_turnover_ratio": 0.57,
            "reinvestment_rate": 67.71,
            "research_to_sale_ratio": null,
            "price_fair": 71.25,
            "eps_avg_yearly": 2.13,
            "eps_latest_yearly": 0.68,
            "eps_growth_yearly": 23.44
        },
        "20093": {
            "year_quarter": 20093,
            "year": 2009,
            "quarter": 3,
            "eps": -0.45,
            "eps_growth_year": -183.33,
            "eps_4q": -0.15,
            "eps_4q_growth_year": -108.84,
            "roe": -1.93,
            "roe_4q": -0.75,
            "gross_profit": 165066,
            "gross_margin": 12.52,
            "gross_margin_4q_avg": 13.73,
            "net_income": -73762,
            "net_income_4q": null,
            "revenue": 1318564,
            "revenue_4q": null,
            "common_shares": 1615928,
            "book_valuer_per_share": 23.16,
            "book_valuer_per_share_4q_avg": 25.49,
            "equity": 3769867,
            "current_ratio": 194.69,
            "debt_ratio": 49.34,
            "inventory_turnover_ratio": 0.6,
            "account_receivable_turnover_ratio": 0.56,
            "reinvestment_rate": 61.52,
            "research_to_sale_ratio": null,
            "price_fair": 71.8,
            "eps_avg_yearly": 2.05,
            "eps_latest_yearly": 0.68,
            "eps_growth_yearly": 32.46
        },
        "20094": {
            "year_quarter": 20094,
            "year": 2009,
            "quarter": 4,
            "eps": -0.56,
            "eps_growth_year": -300,
            "eps_4q": -0.96,
            "eps_4q_growth_year": -166.45,
            "roe": -2.52,
            "roe_4q": -4.33,
            "gross_profit": 123074,
            "gross_margin": 6.4,
            "gross_margin_4q_avg": 12.68,
            "net_income": -93836,
            "net_income_4q": null,
            "revenue": 1924000,
            "revenue_4q": null,
            "common_shares": 1615928,
            "book_valuer_per_share": 22.55,
            "book_valuer_per_share_4q_avg": 24.61,
            "equity": 3669060,
            "current_ratio": 183.95,
            "debt_ratio": 49.65,
            "inventory_turnover_ratio": 1.19,
            "account_receivable_turnover_ratio": 1.62,
            "reinvestment_rate": 19.89,
            "research_to_sale_ratio": null,
            "price_fair": 66.34,
            "eps_avg_yearly": 1.9,
            "eps_latest_yearly": 0.68,
            "eps_growth_yearly": 26.98
        },
        "20101": {
            "year_quarter": 20101,
            "year": 2010,
            "quarter": 1,
            "eps": 0.02,
            "eps_growth_year": -88.24,
            "eps_4q": -1.11,
            "eps_4q_growth_year": -169.47,
            "roe": 0.05,
            "roe_4q": -4.87,
            "gross_profit": 227143,
            "gross_margin": 16.4,
            "gross_margin_4q_avg": 13.09,
            "net_income": 1762,
            "net_income_4q": null,
            "revenue": 1384903,
            "revenue_4q": null,
            "common_shares": 1617438,
            "book_valuer_per_share": 22.52,
            "book_valuer_per_share_4q_avg": 23.6,
            "equity": 3667588,
            "current_ratio": 171.74,
            "debt_ratio": 53.17,
            "inventory_turnover_ratio": 0.87,
            "account_receivable_turnover_ratio": 0.54,
            "reinvestment_rate": 97.11,
            "research_to_sale_ratio": 2.82,
            "price_fair": 64.87,
            "eps_avg_yearly": 1.85,
            "eps_latest_yearly": 0.68,
            "eps_growth_yearly": 42.95
        },
        "20102": {
            "year_quarter": 20102,
            "year": 2010,
            "quarter": 2,
            "eps": 0,
            "eps_growth_year": null,
            "eps_4q": -0.99,
            "eps_4q_growth_year": -213.42,
            "roe": -0.02,
            "roe_4q": -4.42,
            "gross_profit": 262516,
            "gross_margin": 12.36,
            "gross_margin_4q_avg": 11.92,
            "net_income": -810,
            "net_income_4q": null,
            "revenue": 2123509,
            "revenue_4q": null,
            "common_shares": 1617438,
            "book_valuer_per_share": 22.35,
            "book_valuer_per_share_4q_avg": 22.65,
            "equity": 3646948,
            "current_ratio": 152.96,
            "debt_ratio": 57.59,
            "inventory_turnover_ratio": 1.23,
            "account_receivable_turnover_ratio": 0.79,
            "reinvestment_rate": 106.76,
            "research_to_sale_ratio": 2.48,
            "price_fair": 61.98,
            "eps_avg_yearly": 1.77,
            "eps_latest_yearly": 0.68,
            "eps_growth_yearly": 41.4
        },
        "20103": {
            "year_quarter": 20103,
            "year": 2010,
            "quarter": 3,
            "eps": 0.25,
            "eps_growth_year": null,
            "eps_4q": -0.29,
            "eps_4q_growth_year": null,
            "roe": 1.01,
            "roe_4q": -1.48,
            "gross_profit": 326143,
            "gross_margin": 11.24,
            "gross_margin_4q_avg": 11.6,
            "net_income": 36802,
            "net_income_4q": null,
            "revenue": 2900420,
            "revenue_4q": null,
            "common_shares": 1617438,
            "book_valuer_per_share": 22.47,
            "book_valuer_per_share_4q_avg": 22.47,
            "equity": 3670627,
            "current_ratio": 143.95,
            "debt_ratio": 62.03,
            "inventory_turnover_ratio": 1.66,
            "account_receivable_turnover_ratio": 0.93,
            "reinvestment_rate": 110.14,
            "research_to_sale_ratio": 1.47,
            "price_fair": 59.22,
            "eps_avg_yearly": 1.69,
            "eps_latest_yearly": 0.68,
            "eps_growth_yearly": 48.44
        },
        "20104": {
            "year_quarter": 20104,
            "year": 2010,
            "quarter": 4,
            "eps": 0.62,
            "eps_growth_year": null,
            "eps_4q": 0.88,
            "eps_4q_growth_year": null,
            "roe": 2.53,
            "roe_4q": 3.57,
            "gross_profit": 407241,
            "gross_margin": 8.12,
            "gross_margin_4q_avg": 12.03,
            "net_income": 98225,
            "net_income_4q": null,
            "revenue": 5015090,
            "revenue_4q": null,
            "common_shares": 1617438,
            "book_valuer_per_share": 25.04,
            "book_valuer_per_share_4q_avg": 23.1,
            "equity": 4079075,
            "current_ratio": 151.53,
            "debt_ratio": 58.94,
            "inventory_turnover_ratio": 2.89,
            "account_receivable_turnover_ratio": 1.44,
            "reinvestment_rate": -7.43,
            "research_to_sale_ratio": 0.95,
            "price_fair": 54.18,
            "eps_avg_yearly": 1.55,
            "eps_latest_yearly": 2.48,
            "eps_growth_yearly": 86.39
        },
        "20111": {
            "year_quarter": 20111,
            "year": 2011,
            "quarter": 1,
            "eps": 0.54,
            "eps_growth_year": 2600,
            "eps_4q": 1.4,
            "eps_4q_growth_year": null,
            "roe": 2.05,
            "roe_4q": 5.57,
            "gross_profit": 261314,
            "gross_margin": 8.27,
            "gross_margin_4q_avg": 10,
            "net_income": 84618,
            "net_income_4q": null,
            "revenue": 3157936,
            "revenue_4q": null,
            "common_shares": 1632648,
            "book_valuer_per_share": 25.4,
            "book_valuer_per_share_4q_avg": 23.82,
            "equity": 4185406,
            "current_ratio": 147.72,
            "debt_ratio": 58.3,
            "inventory_turnover_ratio": 1.59,
            "account_receivable_turnover_ratio": 0.93,
            "reinvestment_rate": 102.85,
            "research_to_sale_ratio": 1.23,
            "price_fair": 56.42,
            "eps_avg_yearly": 1.61,
            "eps_latest_yearly": 2.16,
            "eps_growth_yearly": 105.72
        },
        "20112": {
            "year_quarter": 20112,
            "year": 2011,
            "quarter": 2,
            "eps": 1.04,
            "eps_growth_year": 25886.24,
            "eps_4q": 2.44,
            "eps_4q_growth_year": null,
            "roe": 4.1,
            "roe_4q": 9.69,
            "gross_profit": 350417,
            "gross_margin": 9.24,
            "gross_margin_4q_avg": 9.22,
            "net_income": 169246,
            "net_income_4q": null,
            "revenue": 3792215,
            "revenue_4q": null,
            "common_shares": 1636128,
            "book_valuer_per_share": 24.6,
            "book_valuer_per_share_4q_avg": 24.38,
            "equity": 4061181,
            "current_ratio": 141.54,
            "debt_ratio": 61.07,
            "inventory_turnover_ratio": 1.84,
            "account_receivable_turnover_ratio": 1.02,
            "reinvestment_rate": 86.59,
            "research_to_sale_ratio": 1.22,
            "price_fair": 66.64,
            "eps_avg_yearly": 1.9,
            "eps_latest_yearly": 4.16,
            "eps_growth_yearly": 150.12
        },
        "20113": {
            "year_quarter": 20113,
            "year": 2011,
            "quarter": 3,
            "eps": 0.67,
            "eps_growth_year": 167.28,
            "eps_4q": 2.85,
            "eps_4q_growth_year": null,
            "roe": 2.57,
            "roe_4q": 11.249999999999998,
            "gross_profit": 392143,
            "gross_margin": 10.08,
            "gross_margin_4q_avg": 8.93,
            "net_income": 105841,
            "net_income_4q": null,
            "revenue": 3889116,
            "revenue_4q": null,
            "common_shares": 1639078,
            "book_valuer_per_share": 25.21,
            "book_valuer_per_share_4q_avg": 25.06,
            "equity": 4179339,
            "current_ratio": 142.35,
            "debt_ratio": 60.4,
            "inventory_turnover_ratio": 1.94,
            "account_receivable_turnover_ratio": 0.99,
            "reinvestment_rate": 87.5,
            "research_to_sale_ratio": 1.11,
            "price_fair": 69.44,
            "eps_avg_yearly": 1.98,
            "eps_latest_yearly": 2.68,
            "eps_growth_yearly": 115.25
        },
        "20114": {
            "year_quarter": 20114,
            "year": 2011,
            "quarter": 4,
            "eps": 0.1,
            "eps_growth_year": -84.42,
            "eps_4q": 2.34,
            "eps_4q_growth_year": 165.06,
            "roe": 0.31,
            "roe_4q": 9.03,
            "gross_profit": 358843,
            "gross_margin": 10.9,
            "gross_margin_4q_avg": 9.62,
            "net_income": 12931,
            "net_income_4q": null,
            "revenue": 3292921,
            "revenue_4q": null,
            "common_shares": 1639078,
            "book_valuer_per_share": 25.12,
            "book_valuer_per_share_4q_avg": 25.08,
            "equity": 4168782,
            "current_ratio": 145.72,
            "debt_ratio": 58.19,
            "inventory_turnover_ratio": 1.69,
            "account_receivable_turnover_ratio": 0.9,
            "reinvestment_rate": 22.8,
            "research_to_sale_ratio": 1.33,
            "price_fair": 63.98,
            "eps_avg_yearly": 1.83,
            "eps_latest_yearly": 0.4,
            "eps_growth_yearly": 79.51
        },
        "20121": {
            "year_quarter": 20121,
            "year": 2012,
            "quarter": 1,
            "eps": 0.57,
            "eps_growth_year": 5.56,
            "eps_4q": 2.37,
            "eps_4q_growth_year": 68.9,
            "roe": 2.24,
            "roe_4q": 9.219999999999999,
            "gross_profit": 255068,
            "gross_margin": 11.76,
            "gross_margin_4q_avg": 10.5,
            "net_income": 92598,
            "net_income_4q": null,
            "revenue": 2168044,
            "revenue_4q": null,
            "common_shares": 1644888,
            "book_valuer_per_share": 24.72,
            "book_valuer_per_share_4q_avg": 24.91,
            "equity": 4115324,
            "current_ratio": 146.92,
            "debt_ratio": 56.73,
            "inventory_turnover_ratio": 1.21,
            "account_receivable_turnover_ratio": 0.65,
            "reinvestment_rate": 25.32,
            "research_to_sale_ratio": 1.67,
            "price_fair": 70,
            "eps_avg_yearly": 2,
            "eps_latest_yearly": 2.28,
            "eps_growth_yearly": 296.08
        },
        "20122": {
            "year_quarter": 20122,
            "year": 2012,
            "quarter": 2,
            "eps": 0.02,
            "eps_growth_year": -97.68,
            "eps_4q": 1.35,
            "eps_4q_growth_year": -44.57,
            "roe": 0.04,
            "roe_4q": 5.16,
            "gross_profit": 353458,
            "gross_margin": 11.97,
            "gross_margin_4q_avg": 11.18,
            "net_income": 1625,
            "net_income_4q": null,
            "revenue": 2951830,
            "revenue_4q": null,
            "common_shares": 1645778,
            "book_valuer_per_share": 23.77,
            "book_valuer_per_share_4q_avg": 24.71,
            "equity": 3958216,
            "current_ratio": 137.38,
            "debt_ratio": 59.71,
            "inventory_turnover_ratio": 1.63,
            "account_receivable_turnover_ratio": 0.96,
            "reinvestment_rate": 16.58,
            "research_to_sale_ratio": 1.32,
            "price_fair": 63.7,
            "eps_avg_yearly": 1.82,
            "eps_latest_yearly": 0.08,
            "eps_growth_yearly": 163.2
        },
        "20123": {
            "year_quarter": 20123,
            "year": 2012,
            "quarter": 3,
            "eps": 0.16,
            "eps_growth_year": -75.47,
            "eps_4q": 0.85,
            "eps_4q_growth_year": -70.16,
            "roe": 0.6,
            "roe_4q": 3.1900000000000004,
            "gross_profit": 361421,
            "gross_margin": 12,
            "gross_margin_4q_avg": 11.66,
            "net_income": 23788,
            "net_income_4q": null,
            "revenue": 3010833,
            "revenue_4q": null,
            "common_shares": 1645778,
            "book_valuer_per_share": 23.85,
            "book_valuer_per_share_4q_avg": 24.37,
            "equity": 3968490,
            "current_ratio": 141.02,
            "debt_ratio": 57.31,
            "inventory_turnover_ratio": 1.6,
            "account_receivable_turnover_ratio": 1,
            "reinvestment_rate": 11.48,
            "research_to_sale_ratio": 1.29,
            "price_fair": 58.38,
            "eps_avg_yearly": 1.67,
            "eps_latest_yearly": 0.64,
            "eps_growth_yearly": 437.25
        },
        "20124": {
            "year_quarter": 20124,
            "year": 2012,
            "quarter": 4,
            "eps": 0.82,
            "eps_growth_year": 754.39,
            "eps_4q": 1.58,
            "eps_4q_growth_year": -32.74,
            "roe": 3.27,
            "roe_4q": 6.15,
            "gross_profit": 492012,
            "gross_margin": 14,
            "gross_margin_4q_avg": 12.43,
            "net_income": 131258,
            "net_income_4q": null,
            "revenue": 3513783,
            "revenue_4q": null,
            "common_shares": 1645778,
            "book_valuer_per_share": 24.66,
            "book_valuer_per_share_4q_avg": 24.25,
            "equity": 4069684,
            "current_ratio": 146.56,
            "debt_ratio": 55.2,
            "inventory_turnover_ratio": 1.85,
            "account_receivable_turnover_ratio": 1.16,
            "reinvestment_rate": 8.48,
            "research_to_sale_ratio": 1.25,
            "price_fair": 65.94,
            "eps_avg_yearly": 1.88,
            "eps_latest_yearly": 3.28,
            "eps_growth_yearly": 621.5
        },
        "20131": {
            "year_quarter": 20131,
            "year": 2013,
            "quarter": 1,
            "eps": 0.1,
            "eps_growth_year": -82.46,
            "eps_4q": 1.11,
            "eps_4q_growth_year": -53.32,
            "roe": 0.4,
            "roe_4q": 4.31,
            "gross_profit": 299266,
            "gross_margin": 10.3,
            "gross_margin_4q_avg": 12.07,
            "net_income": 16065,
            "net_income_4q": null,
            "revenue": 2906252,
            "revenue_4q": null,
            "common_shares": 1646108,
            "book_valuer_per_share": 24.48,
            "book_valuer_per_share_4q_avg": 24.19,
            "equity": 4037344,
            "current_ratio": 142.31,
            "debt_ratio": 58.67,
            "inventory_turnover_ratio": 1.66,
            "account_receivable_turnover_ratio": 1.04,
            "reinvestment_rate": 16.21,
            "research_to_sale_ratio": 1.24,
            "price_fair": 64.96,
            "eps_avg_yearly": 1.86,
            "eps_latest_yearly": 0.4,
            "eps_growth_yearly": 602.1
        },
        "20132": {
            "year_quarter": 20132,
            "year": 2013,
            "quarter": 2,
            "eps": 0.06,
            "eps_growth_year": 147.86,
            "eps_4q": 1.14,
            "eps_4q_growth_year": -15.96,
            "roe": 0.21,
            "roe_4q": 4.4799999999999995,
            "gross_profit": 376711,
            "gross_margin": 10.27,
            "gross_margin_4q_avg": 11.64,
            "net_income": 8214,
            "net_income_4q": null,
            "revenue": 3668077,
            "revenue_4q": null,
            "common_shares": 1646108,
            "book_valuer_per_share": 23.63,
            "book_valuer_per_share_4q_avg": 24.16,
            "equity": 3895824,
            "current_ratio": 132.34,
            "debt_ratio": 62.22,
            "inventory_turnover_ratio": 2.06,
            "account_receivable_turnover_ratio": 1.52,
            "reinvestment_rate": 47.87,
            "research_to_sale_ratio": 1.11,
            "price_fair": 59.82,
            "eps_avg_yearly": 1.71,
            "eps_latest_yearly": 0.24,
            "eps_growth_yearly": 532.82
        },
        "20133": {
            "year_quarter": 20133,
            "year": 2013,
            "quarter": 3,
            "eps": 0.31,
            "eps_growth_year": 89.7,
            "eps_4q": 1.28,
            "eps_4q_growth_year": 50.79,
            "roe": 1.29,
            "roe_4q": 5.17,
            "gross_profit": 363956,
            "gross_margin": 11.06,
            "gross_margin_4q_avg": 11.41,
            "net_income": 50763,
            "net_income_4q": null,
            "revenue": 3289474,
            "revenue_4q": null,
            "common_shares": 1646108,
            "book_valuer_per_share": 24.01,
            "book_valuer_per_share_4q_avg": 24.2,
            "equity": 3957360,
            "current_ratio": 132.09,
            "debt_ratio": 62.07,
            "inventory_turnover_ratio": 1.77,
            "account_receivable_turnover_ratio": 1.39,
            "reinvestment_rate": 43.91,
            "research_to_sale_ratio": 1.11,
            "price_fair": 58.45,
            "eps_avg_yearly": 1.67,
            "eps_latest_yearly": 1.24,
            "eps_growth_yearly": 627.3
        },
        "20134": {
            "year_quarter": 20134,
            "year": 2013,
            "quarter": 4,
            "eps": 0.88,
            "eps_growth_year": 7.93,
            "eps_4q": 1.35,
            "eps_4q_growth_year": -14.43,
            "roe": 3.56,
            "roe_4q": 5.46,
            "gross_profit": 503620,
            "gross_margin": 12.05,
            "gross_margin_4q_avg": 10.92,
            "net_income": 143773,
            "net_income_4q": null,
            "revenue": 4178471,
            "revenue_4q": null,
            "common_shares": 1650568,
            "book_valuer_per_share": 24.96,
            "book_valuer_per_share_4q_avg": 24.27,
            "equity": 4122842,
            "current_ratio": 138.17,
            "debt_ratio": 59.12,
            "inventory_turnover_ratio": 2.08,
            "account_receivable_turnover_ratio": 1.62,
            "reinvestment_rate": 18.62,
            "research_to_sale_ratio": 0.9,
            "price_fair": 63.43,
            "eps_avg_yearly": 1.81,
            "eps_latest_yearly": 3.52,
            "eps_growth_yearly": 635.62
        },
        "20141": {
            "year_quarter": 20141,
            "year": 2014,
            "quarter": 1,
            "eps": 0.71,
            "eps_growth_year": 610,
            "eps_4q": 1.96,
            "eps_4q_growth_year": 77.53,
            "roe": 2.78,
            "roe_4q": 7.84,
            "gross_profit": 424623,
            "gross_margin": 13.1,
            "gross_margin_4q_avg": 11.62,
            "net_income": 116163,
            "net_income_4q": null,
            "revenue": 3241060,
            "revenue_4q": null,
            "common_shares": 1650698,
            "book_valuer_per_share": 25.68,
            "book_valuer_per_share_4q_avg": 24.57,
            "equity": 4241517,
            "current_ratio": 144.39,
            "debt_ratio": 56.44,
            "inventory_turnover_ratio": 1.63,
            "account_receivable_turnover_ratio": 1.19,
            "reinvestment_rate": 18.65,
            "research_to_sale_ratio": 1.02,
            "price_fair": 66,
            "eps_avg_yearly": 1.89,
            "eps_latest_yearly": 2.84,
            "eps_growth_yearly": 584.7
        },
        "20142": {
            "year_quarter": 20142,
            "year": 2014,
            "quarter": 2,
            "eps": 0.23,
            "eps_growth_year": 283.33,
            "eps_4q": 2.14,
            "eps_4q_growth_year": 87.99,
            "roe": 0.91,
            "roe_4q": 8.54,
            "gross_profit": 391095,
            "gross_margin": 11.57,
            "gross_margin_4q_avg": 11.95,
            "net_income": 37736,
            "net_income_4q": null,
            "revenue": 3380834,
            "revenue_4q": null,
            "common_shares": 1650698,
            "book_valuer_per_share": 24.69,
            "book_valuer_per_share_4q_avg": 24.84,
            "equity": 4077882,
            "current_ratio": 140.05,
            "debt_ratio": 58.45,
            "inventory_turnover_ratio": 1.95,
            "account_receivable_turnover_ratio": 1.35,
            "reinvestment_rate": 15.62,
            "research_to_sale_ratio": 1.05,
            "price_fair": 63.75,
            "eps_avg_yearly": 1.82,
            "eps_latest_yearly": 0.92,
            "eps_growth_yearly": 527.69
        },
        "20143": {
            "year_quarter": 20143,
            "year": 2014,
            "quarter": 3,
            "eps": 0.5,
            "eps_growth_year": 61.29,
            "eps_4q": 2.33,
            "eps_4q_growth_year": 81.21,
            "roe": 2.05,
            "roe_4q": 9.3,
            "gross_profit": 403227,
            "gross_margin": 11.57,
            "gross_margin_4q_avg": 12.07,
            "net_income": 84821,
            "net_income_4q": null,
            "revenue": 3485270,
            "revenue_4q": null,
            "common_shares": 1650698,
            "book_valuer_per_share": 25.34,
            "book_valuer_per_share_4q_avg": 25.17,
            "equity": 4187227,
            "current_ratio": 137.57,
            "debt_ratio": 60.38,
            "inventory_turnover_ratio": 1.91,
            "account_receivable_turnover_ratio": 1.41,
            "reinvestment_rate": 17.35,
            "research_to_sale_ratio": 1.07,
            "price_fair": 64.14,
            "eps_avg_yearly": 1.83,
            "eps_latest_yearly": 2,
            "eps_growth_yearly": 524.06
        },
        "20144": {
            "year_quarter": 20144,
            "year": 2014,
            "quarter": 4,
            "eps": 0.89,
            "eps_growth_year": 0.16,
            "eps_4q": 2.33,
            "eps_4q_growth_year": 72.73,
            "roe": 3.4,
            "roe_4q": 9.139999999999999,
            "gross_profit": 540120,
            "gross_margin": 11.12,
            "gross_margin_4q_avg": 11.84,
            "net_income": 145799,
            "net_income_4q": null,
            "revenue": 4858235,
            "revenue_4q": null,
            "common_shares": 1650698,
            "book_valuer_per_share": 26.51,
            "book_valuer_per_share_4q_avg": 25.56,
            "equity": 4379552,
            "current_ratio": 135.43,
            "debt_ratio": 62.81,
            "inventory_turnover_ratio": 2.4,
            "account_receivable_turnover_ratio": 1.69,
            "reinvestment_rate": 21.39,
            "research_to_sale_ratio": 0.81,
            "price_fair": 66.5,
            "eps_avg_yearly": 1.9,
            "eps_latest_yearly": 3.56,
            "eps_growth_yearly": 506.56
        },
        "20151": {
            "year_quarter": 20151,
            "year": 2015,
            "quarter": 1,
            "eps": 0.09,
            "eps_growth_year": -87.32,
            "eps_4q": 1.71,
            "eps_4q_growth_year": -12.71,
            "roe": 0.34,
            "roe_4q": 6.699999999999999,
            "gross_profit": 403546,
            "gross_margin": 10.92,
            "gross_margin_4q_avg": 11.3,
            "net_income": 15020,
            "net_income_4q": null,
            "revenue": 3695656,
            "revenue_4q": null,
            "common_shares": 1650698,
            "book_valuer_per_share": 26.5,
            "book_valuer_per_share_4q_avg": 25.76,
            "equity": 4378362,
            "current_ratio": 136.21,
            "debt_ratio": 61.34,
            "inventory_turnover_ratio": 1.67,
            "account_receivable_turnover_ratio": 1.25,
            "reinvestment_rate": 18.91,
            "research_to_sale_ratio": 0.89,
            "price_fair": 62.56,
            "eps_avg_yearly": 1.79,
            "eps_latest_yearly": 0.36,
            "eps_growth_yearly": 487.32
        },
        "20152": {
            "year_quarter": 20152,
            "year": 2015,
            "quarter": 2,
            "eps": 0.48,
            "eps_growth_year": 108.7,
            "eps_4q": 1.96,
            "eps_4q_growth_year": -8.3,
            "roe": 1.83,
            "roe_4q": 7.62,
            "gross_profit": 429061,
            "gross_margin": 9.31,
            "gross_margin_4q_avg": 10.73,
            "net_income": 77619,
            "net_income_4q": null,
            "revenue": 4606426,
            "revenue_4q": null,
            "common_shares": 1650698,
            "book_valuer_per_share": 24.83,
            "book_valuer_per_share_4q_avg": 25.8,
            "equity": 4101979,
            "current_ratio": 130.04,
            "debt_ratio": 64.84,
            "inventory_turnover_ratio": 1.97,
            "account_receivable_turnover_ratio": 1.5,
            "reinvestment_rate": 16.9,
            "research_to_sale_ratio": 0.88,
            "price_fair": 57.66,
            "eps_avg_yearly": 1.65,
            "eps_latest_yearly": 1.92,
            "eps_growth_yearly": 572.5
        },
        "20153": {
            "year_quarter": 20153,
            "year": 2015,
            "quarter": 3,
            "eps": 1.19,
            "eps_growth_year": 138,
            "eps_4q": 2.65,
            "eps_4q_growth_year": 13.86,
            "roe": 4.66,
            "roe_4q": 10.23,
            "gross_profit": 546962,
            "gross_margin": 11.5,
            "gross_margin_4q_avg": 10.71,
            "net_income": 196799,
            "net_income_4q": null,
            "revenue": 4755644,
            "revenue_4q": null,
            "common_shares": 1650698,
            "book_valuer_per_share": 26.29,
            "book_valuer_per_share_4q_avg": 26.03,
            "equity": 4341110,
            "current_ratio": 129.57,
            "debt_ratio": 66.02,
            "inventory_turnover_ratio": 1.95,
            "account_receivable_turnover_ratio": 1.45,
            "reinvestment_rate": 14.85,
            "research_to_sale_ratio": 0.85,
            "price_fair": 62.21,
            "eps_avg_yearly": 1.78,
            "eps_latest_yearly": 4.76,
            "eps_growth_yearly": 618.37
        },
        "20154": {
            "year_quarter": 20154,
            "year": 2015,
            "quarter": 4,
            "eps": 1.01,
            "eps_growth_year": 14.45,
            "eps_4q": 2.78,
            "eps_4q_growth_year": 19.29,
            "roe": 3.87,
            "roe_4q": 10.700000000000001,
            "gross_profit": 635033,
            "gross_margin": 12.77,
            "gross_margin_4q_avg": 11.13,
            "net_income": 170547,
            "net_income_4q": null,
            "revenue": 4973898,
            "revenue_4q": null,
            "common_shares": 1650698,
            "book_valuer_per_share": 27.02,
            "book_valuer_per_share_4q_avg": 26.16,
            "equity": 4464798,
            "current_ratio": 136.04,
            "debt_ratio": 62.56,
            "inventory_turnover_ratio": 1.97,
            "account_receivable_turnover_ratio": 1.55,
            "reinvestment_rate": 6.42,
            "research_to_sale_ratio": 1.2,
            "price_fair": 70.18,
            "eps_avg_yearly": 2.01,
            "eps_latest_yearly": 4.04,
            "eps_growth_yearly": 635.86
        },
        "20161": {
            "year_quarter": 20161,
            "year": 2016,
            "quarter": 1,
            "eps": 0.86,
            "eps_growth_year": 855.56,
            "eps_4q": 3.54,
            "eps_4q_growth_year": 106.76,
            "roe": 3.07,
            "roe_4q": 13.43,
            "gross_profit": 528166,
            "gross_margin": 12.45,
            "gross_margin_4q_avg": 11.51,
            "net_income": 139353,
            "net_income_4q": null,
            "revenue": 4242246,
            "revenue_4q": null,
            "common_shares": 1650698,
            "book_valuer_per_share": 27.86,
            "book_valuer_per_share_4q_avg": 26.5,
            "equity": 4601992,
            "current_ratio": 136.49,
            "debt_ratio": 62.95,
            "inventory_turnover_ratio": 1.71,
            "account_receivable_turnover_ratio": 1.27,
            "reinvestment_rate": 1.8,
            "research_to_sale_ratio": 0.95,
            "price_fair": 72.71,
            "eps_avg_yearly": 2.08,
            "eps_latest_yearly": 3.44,
            "eps_growth_yearly": 514.65
        },
        "20162": {
            "year_quarter": 20162,
            "year": 2016,
            "quarter": 2,
            "eps": 0.47,
            "eps_growth_year": -2.08,
            "eps_4q": 3.54,
            "eps_4q_growth_year": 80.45,
            "roe": 1.67,
            "roe_4q": 13.27,
            "gross_profit": 516584,
            "gross_margin": 11.14,
            "gross_margin_4q_avg": 11.97,
            "net_income": 74632,
            "net_income_4q": null,
            "revenue": 4638846,
            "revenue_4q": null,
            "common_shares": 1650698,
            "book_valuer_per_share": 26.2,
            "book_valuer_per_share_4q_avg": 26.84,
            "equity": 4321979,
            "current_ratio": 130.16,
            "debt_ratio": 66.49,
            "inventory_turnover_ratio": 1.83,
            "account_receivable_turnover_ratio": 1.31,
            "reinvestment_rate": -3.42,
            "research_to_sale_ratio": 1.1,
            "price_fair": 76.65,
            "eps_avg_yearly": 2.19,
            "eps_latest_yearly": 1.88,
            "eps_growth_yearly": 527.43
        },
        "20163": {
            "year_quarter": 20163,
            "year": 2016,
            "quarter": 3,
            "eps": 0.7,
            "eps_growth_year": -41.18,
            "eps_4q": 3.04,
            "eps_4q_growth_year": 14.68,
            "roe": 2.57,
            "roe_4q": 11.18,
            "gross_profit": 525707,
            "gross_margin": 11.6,
            "gross_margin_4q_avg": 11.99,
            "net_income": 112862,
            "net_income_4q": null,
            "revenue": 4532173,
            "revenue_4q": null,
            "common_shares": 1650698,
            "book_valuer_per_share": 27.13,
            "book_valuer_per_share_4q_avg": 27.05,
            "equity": 4472878,
            "current_ratio": 139.14,
            "debt_ratio": 66.2,
            "inventory_turnover_ratio": 1.61,
            "account_receivable_turnover_ratio": 1.28,
            "reinvestment_rate": -6.91,
            "research_to_sale_ratio": 1.26,
            "price_fair": 81.38,
            "eps_avg_yearly": 2.33,
            "eps_latest_yearly": 2.8,
            "eps_growth_yearly": 364.67
        },
        "20164": {
            "year_quarter": 20164,
            "year": 2016,
            "quarter": 4,
            "eps": 1.09,
            "eps_growth_year": 7.96,
            "eps_4q": 3.12,
            "eps_4q_growth_year": 12.3,
            "roe": 4.06,
            "roe_4q": 11.37,
            "gross_profit": 677200,
            "gross_margin": 12.93,
            "gross_margin_4q_avg": 12.03,
            "net_income": 184416,
            "net_income_4q": null,
            "revenue": 5237676,
            "revenue_4q": null,
            "common_shares": 1650698,
            "book_valuer_per_share": 27.91,
            "book_valuer_per_share_4q_avg": 27.28,
            "equity": 4605195,
            "current_ratio": 137.68,
            "debt_ratio": 67.3,
            "inventory_turnover_ratio": 1.75,
            "account_receivable_turnover_ratio": 1.36,
            "reinvestment_rate": -5.31,
            "research_to_sale_ratio": 1.17,
            "price_fair": 83.74,
            "eps_avg_yearly": 2.39,
            "eps_latest_yearly": 4.36,
            "eps_growth_yearly": 275.47
        },
        "20171": {
            "year_quarter": 20171,
            "year": 2017,
            "quarter": 1,
            "eps": 0.93,
            "eps_growth_year": 8.14,
            "eps_4q": 3.09,
            "eps_4q_growth_year": -12.77,
            "roe": 3.21,
            "roe_4q": 11.51,
            "gross_profit": 633419,
            "gross_margin": 12.2,
            "gross_margin_4q_avg": 11.97,
            "net_income": 151978,
            "net_income_4q": null,
            "revenue": 5193868,
            "revenue_4q": null,
            "common_shares": 1715019,
            "book_valuer_per_share": 28.41,
            "book_valuer_per_share_4q_avg": 27.41,
            "equity": 4865974,
            "current_ratio": 138.97,
            "debt_ratio": 65.06,
            "inventory_turnover_ratio": 1.74,
            "account_receivable_turnover_ratio": 1.31,
            "reinvestment_rate": -4.3,
            "research_to_sale_ratio": 0.84,
            "price_fair": 91,
            "eps_avg_yearly": 2.6,
            "eps_latest_yearly": 3.72,
            "eps_growth_yearly": 293.75
        },
        "20172": {
            "year_quarter": 20172,
            "year": 2017,
            "quarter": 2,
            "eps": 0.76,
            "eps_growth_year": 61.7,
            "eps_4q": 3.31,
            "eps_4q_growth_year": -6.36,
            "roe": 2.63,
            "roe_4q": 12.469999999999999,
            "gross_profit": 480870,
            "gross_margin": 9.84,
            "gross_margin_4q_avg": 11.64,
            "net_income": 126328,
            "net_income_4q": null,
            "revenue": 4887449,
            "revenue_4q": null,
            "common_shares": 1750376,
            "book_valuer_per_share": 27.07,
            "book_valuer_per_share_4q_avg": 27.63,
            "equity": 4733798,
            "current_ratio": 136.2,
            "debt_ratio": 66.03,
            "inventory_turnover_ratio": 1.69,
            "account_receivable_turnover_ratio": 1.36,
            "reinvestment_rate": -0.22,
            "research_to_sale_ratio": 0.89,
            "price_fair": 97.13,
            "eps_avg_yearly": 2.78,
            "eps_latest_yearly": 3.04,
            "eps_growth_yearly": 299.18
        },
        "20173": {
            "year_quarter": 20173,
            "year": 2017,
            "quarter": 3,
            "eps": 0.77,
            "eps_growth_year": 10,
            "eps_4q": 3.37,
            "eps_4q_growth_year": 11.01,
            "roe": 2.72,
            "roe_4q": 12.619999999999997,
            "gross_profit": 483349,
            "gross_margin": 10.72,
            "gross_margin_4q_avg": 11.42,
            "net_income": 131022,
            "net_income_4q": null,
            "revenue": 4510182,
            "revenue_4q": null,
            "common_shares": 1764723,
            "book_valuer_per_share": 27.81,
            "book_valuer_per_share_4q_avg": 27.8,
            "equity": 4903436,
            "current_ratio": 135.02,
            "debt_ratio": 66.54,
            "inventory_turnover_ratio": 1.47,
            "account_receivable_turnover_ratio": 1.23,
            "reinvestment_rate": 3.6,
            "research_to_sale_ratio": 1.16,
            "price_fair": 101.15,
            "eps_avg_yearly": 2.89,
            "eps_latest_yearly": 3.08,
            "eps_growth_yearly": 195.35
        },
        "20174": {
            "year_quarter": 20174,
            "year": 2017,
            "quarter": 4,
            "eps": 1.35,
            "eps_growth_year": 22.86,
            "eps_4q": 3.69,
            "eps_4q_growth_year": 18.2,
            "roe": 4.77,
            "roe_4q": 13.330000000000002,
            "gross_profit": 703699,
            "gross_margin": 12.52,
            "gross_margin_4q_avg": 11.32,
            "net_income": 239501,
            "net_income_4q": null,
            "revenue": 5620495,
            "revenue_4q": null,
            "common_shares": 1770164,
            "book_valuer_per_share": 29.06,
            "book_valuer_per_share_4q_avg": 28.09,
            "equity": 5144002,
            "current_ratio": 131.53,
            "debt_ratio": 67.99,
            "inventory_turnover_ratio": 1.66,
            "account_receivable_turnover_ratio": 1.42,
            "reinvestment_rate": 15,
            "research_to_sale_ratio": 0.8,
            "price_fair": 105.26,
            "eps_avg_yearly": 3.01,
            "eps_latest_yearly": 5.4,
            "eps_growth_yearly": 168.21
        },
        "20181": {
            "year_quarter": 20181,
            "year": 2018,
            "quarter": 1,
            "eps": 1.18,
            "eps_growth_year": 26.88,
            "eps_4q": 3.97,
            "eps_4q_growth_year": 28.43,
            "roe": 3.93,
            "roe_4q": 14.05,
            "gross_profit": 647419,
            "gross_margin": 11.67,
            "gross_margin_4q_avg": 11.19,
            "net_income": 207393,
            "net_income_4q": null,
            "revenue": 5549048,
            "revenue_4q": null,
            "common_shares": 1782616,
            "book_valuer_per_share": 30.25,
            "book_valuer_per_share_4q_avg": 28.55,
            "equity": 5410349,
            "current_ratio": 134.84,
            "debt_ratio": 64.77,
            "inventory_turnover_ratio": 1.61,
            "account_receivable_turnover_ratio": 1.45,
            "reinvestment_rate": 25.31,
            "research_to_sale_ratio": 0.71,
            "price_fair": 109.38,
            "eps_avg_yearly": 3.13,
            "eps_latest_yearly": 4.72,
            "eps_growth_yearly": 169.89
        },
        "20182": {
            "year_quarter": 20182,
            "year": 2018,
            "quarter": 2,
            "eps": 1.22,
            "eps_growth_year": 60.53,
            "eps_4q": 4.46,
            "eps_4q_growth_year": 34.77,
            "roe": 4.02,
            "roe_4q": 15.44,
            "gross_profit": 775504,
            "gross_margin": 12.07,
            "gross_margin_4q_avg": 11.75,
            "net_income": 213235,
            "net_income_4q": null,
            "revenue": 6424975,
            "revenue_4q": null,
            "common_shares": 1783771,
            "book_valuer_per_share": 29,
            "book_valuer_per_share_4q_avg": 29.03,
            "equity": 5204902,
            "current_ratio": 125.2,
            "debt_ratio": 70.23,
            "inventory_turnover_ratio": 1.74,
            "account_receivable_turnover_ratio": 1.6,
            "reinvestment_rate": 30.54,
            "research_to_sale_ratio": 1.19,
            "price_fair": 118.04,
            "eps_avg_yearly": 3.37,
            "eps_latest_yearly": 4.88,
            "eps_growth_yearly": 187.64
        },
        "20183": {
            "year_quarter": 20183,
            "year": 2018,
            "quarter": 3,
            "eps": 1.65,
            "eps_growth_year": 114.29,
            "eps_4q": 5.21,
            "eps_4q_growth_year": 54.44,
            "roe": 5.42,
            "roe_4q": 18.14,
            "gross_profit": 827717,
            "gross_margin": 12.97,
            "gross_margin_4q_avg": 12.31,
            "net_income": 292483,
            "net_income_4q": null,
            "revenue": 6382277,
            "revenue_4q": null,
            "common_shares": 1840971,
            "book_valuer_per_share": 30.15,
            "book_valuer_per_share_4q_avg": 29.62,
            "equity": 5578976,
            "current_ratio": 124.46,
            "debt_ratio": 69.58,
            "inventory_turnover_ratio": 1.54,
            "account_receivable_turnover_ratio": 1.48,
            "reinvestment_rate": 32.25,
            "research_to_sale_ratio": 0.9,
            "price_fair": 128.1,
            "eps_avg_yearly": 3.66,
            "eps_latest_yearly": 6.6,
            "eps_growth_yearly": 167.1
        },
        "20184": {
            "year_quarter": 20184,
            "year": 2018,
            "quarter": 4,
            "eps": 0.38,
            "eps_growth_year": -71.49,
            "eps_4q": 4.27,
            "eps_4q_growth_year": 15.78,
            "roe": 1.22,
            "roe_4q": 14.59,
            "gross_profit": 568556,
            "gross_margin": 9.38,
            "gross_margin_4q_avg": 11.52,
            "net_income": 69053,
            "net_income_4q": null,
            "revenue": 6059423,
            "revenue_4q": null,
            "common_shares": 1855913,
            "book_valuer_per_share": 30.53,
            "book_valuer_per_share_4q_avg": 29.98,
            "equity": 5737303,
            "current_ratio": 125.95,
            "debt_ratio": 68.53,
            "inventory_turnover_ratio": 1.46,
            "account_receivable_turnover_ratio": 1.42,
            "reinvestment_rate": 37.19,
            "research_to_sale_ratio": 1.37,
            "price_fair": 123.64,
            "eps_avg_yearly": 3.53,
            "eps_latest_yearly": 1.52,
            "eps_growth_yearly": 128.36
        },
        "20191": {
            "year_quarter": 20191,
            "year": 2019,
            "quarter": 1,
            "eps": 0.81,
            "eps_growth_year": -31.36,
            "eps_4q": 3.95,
            "eps_4q_growth_year": -0.35,
            "roe": 2.52,
            "roe_4q": 13.18,
            "gross_profit": 505619,
            "gross_margin": 8.79,
            "gross_margin_4q_avg": 10.8,
            "net_income": 146546,
            "net_income_4q": null,
            "revenue": 5753058,
            "revenue_4q": null,
            "common_shares": 1856904,
            "book_valuer_per_share": 31.49,
            "book_valuer_per_share_4q_avg": 30.29,
            "equity": 5913078,
            "current_ratio": 126.03,
            "debt_ratio": 69.27,
            "inventory_turnover_ratio": 1.4,
            "account_receivable_turnover_ratio": 1.34,
            "reinvestment_rate": 38.23,
            "research_to_sale_ratio": 0.78,
            "price_fair": 129.94,
            "eps_avg_yearly": 3.71,
            "eps_latest_yearly": 3.24,
            "eps_growth_yearly": 179.12
        },
        "20192": {
            "year_quarter": 20192,
            "year": 2019,
            "quarter": 2,
            "eps": 1.02,
            "eps_growth_year": -16.39,
            "eps_4q": 3.81,
            "eps_4q_growth_year": -14.66,
            "roe": 3.18,
            "roe_4q": 12.34,
            "gross_profit": 652673,
            "gross_margin": 11.15,
            "gross_margin_4q_avg": 10.57,
            "net_income": 182341,
            "net_income_4q": null,
            "revenue": 5853268,
            "revenue_4q": null,
            "common_shares": 1857870,
            "book_valuer_per_share": 29.48,
            "book_valuer_per_share_4q_avg": 30.41,
            "equity": 5537860,
            "current_ratio": 121.88,
            "debt_ratio": 71.06,
            "inventory_turnover_ratio": 1.48,
            "account_receivable_turnover_ratio": 1.28,
            "reinvestment_rate": 40.02,
            "research_to_sale_ratio": 1.12,
            "price_fair": 134.66,
            "eps_avg_yearly": 3.85,
            "eps_latest_yearly": 4.08,
            "eps_growth_yearly": 77.27
        },
        "20193": {
            "year_quarter": 20193,
            "year": 2019,
            "quarter": 3,
            "eps": 1.06,
            "eps_growth_year": -35.76,
            "eps_4q": 3.26,
            "eps_4q_growth_year": -37.43,
            "roe": 3.32,
            "roe_4q": 10.24,
            "gross_profit": 711207,
            "gross_margin": 11.98,
            "gross_margin_4q_avg": 10.33,
            "net_income": 186717,
            "net_income_4q": null,
            "revenue": 5937758,
            "revenue_4q": null,
            "common_shares": 1866700,
            "book_valuer_per_share": 30.31,
            "book_valuer_per_share_4q_avg": 30.45,
            "equity": 5708296,
            "current_ratio": 124.26,
            "debt_ratio": 69.72,
            "inventory_turnover_ratio": 1.62,
            "account_receivable_turnover_ratio": 1.23,
            "reinvestment_rate": 37.76,
            "research_to_sale_ratio": 0.95,
            "price_fair": 133.53,
            "eps_avg_yearly": 3.82,
            "eps_latest_yearly": 4.24,
            "eps_growth_yearly": 41.27
        },
        "20194": {
            "year_quarter": 20194,
            "year": 2019,
            "quarter": 4,
            "eps": 0.89,
            "eps_growth_year": 130.83,
            "eps_4q": 3.76,
            "eps_4q_growth_year": -11.89,
            "roe": 2.66,
            "roe_4q": 11.68,
            "gross_profit": 697480,
            "gross_margin": 10.51,
            "gross_margin_4q_avg": 10.61,
            "net_income": 153516,
            "net_income_4q": null,
            "revenue": 6638597,
            "revenue_4q": null,
            "common_shares": 1868400,
            "book_valuer_per_share": 31.04,
            "book_valuer_per_share_4q_avg": 30.58,
            "equity": 5837968,
            "current_ratio": 124.21,
            "debt_ratio": 70.29,
            "inventory_turnover_ratio": 1.9,
            "account_receivable_turnover_ratio": 1.34,
            "reinvestment_rate": 38.9,
            "research_to_sale_ratio": 0.79,
            "price_fair": 132.48,
            "eps_avg_yearly": 3.79,
            "eps_latest_yearly": 3.56,
            "eps_growth_yearly": 41.04
        },
        "20201": {
            "year_quarter": 20201,
            "year": 2020,
            "quarter": 1,
            "eps": 1.24,
            "eps_growth_year": 53.09,
            "eps_4q": 4.19,
            "eps_4q_growth_year": 6.01,
            "roe": 3.73,
            "roe_4q": 12.89,
            "gross_profit": 708927,
            "gross_margin": 12.89,
            "gross_margin_4q_avg": 11.63,
            "net_income": 223135,
            "net_income_4q": null,
            "revenue": 5498319,
            "revenue_4q": null,
            "common_shares": 1870757,
            "book_valuer_per_share": 32.36,
            "book_valuer_per_share_4q_avg": 30.8,
            "equity": 6127893,
            "current_ratio": 126.44,
            "debt_ratio": 68.87,
            "inventory_turnover_ratio": 1.47,
            "account_receivable_turnover_ratio": 1.2,
            "reinvestment_rate": 39.14,
            "research_to_sale_ratio": 0.73,
            "price_fair": 135.8,
            "eps_avg_yearly": 3.88,
            "eps_latest_yearly": 4.96,
            "eps_growth_yearly": 54.59
        },
        "20202": {
            "year_quarter": 20202,
            "year": 2020,
            "quarter": 2,
            "eps": 1.3,
            "eps_growth_year": 27.45,
            "eps_4q": 4.48,
            "eps_4q_growth_year": 17.67,
            "roe": 3.88,
            "roe_4q": 13.59,
            "gross_profit": 749060,
            "gross_margin": 12.94,
            "gross_margin_4q_avg": 12.08,
            "net_income": 232541,
            "net_income_4q": null,
            "revenue": 5787580,
            "revenue_4q": null,
            "common_shares": 1871150,
            "book_valuer_per_share": 30.95,
            "book_valuer_per_share_4q_avg": 31.17,
            "equity": 5854146,
            "current_ratio": 122.51,
            "debt_ratio": 71.21,
            "inventory_turnover_ratio": 1.46,
            "account_receivable_turnover_ratio": 1.38,
            "reinvestment_rate": 36.81,
            "research_to_sale_ratio": 0.89,
            "price_fair": 143.06,
            "eps_avg_yearly": 4.09,
            "eps_latest_yearly": 5.2,
            "eps_growth_yearly": 67.13
        },
        "20203": {
            "year_quarter": 20203,
            "year": 2020,
            "quarter": 3,
            "eps": 1.26,
            "eps_growth_year": 18.87,
            "eps_4q": 4.68,
            "eps_4q_growth_year": 43.42,
            "roe": 3.73,
            "roe_4q": 14,
            "gross_profit": 852347,
            "gross_margin": 12.84,
            "gross_margin_4q_avg": 12.3,
            "net_income": 222760,
            "net_income_4q": null,
            "revenue": 6638428,
            "revenue_4q": null,
            "common_shares": 1871427,
            "book_valuer_per_share": 32.3,
            "book_valuer_per_share_4q_avg": 31.66,
            "equity": 6098449,
            "current_ratio": 125.12,
            "debt_ratio": 69.51,
            "inventory_turnover_ratio": 1.79,
            "account_receivable_turnover_ratio": 1.45,
            "reinvestment_rate": 37.59,
            "research_to_sale_ratio": 0.73,
            "price_fair": 147.96,
            "eps_avg_yearly": 4.23,
            "eps_latest_yearly": 5.04,
            "eps_growth_yearly": 54.13
        },
        "20204": {
            "year_quarter": 20204,
            "year": 2020,
            "quarter": 4,
            "eps": 1.09,
            "eps_growth_year": 22.97,
            "eps_4q": 4.88,
            "eps_4q_growth_year": 29.71,
            "roe": 3.16,
            "roe_4q": 14.5,
            "gross_profit": 790008,
            "gross_margin": 10.98,
            "gross_margin_4q_avg": 12.41,
            "net_income": 197066,
            "net_income_4q": null,
            "revenue": 7195530,
            "revenue_4q": null,
            "common_shares": 1872192,
            "book_valuer_per_share": 33.5,
            "book_valuer_per_share_4q_avg": 32.28,
            "equity": 6366383,
            "current_ratio": 143.84,
            "debt_ratio": 68.58,
            "inventory_turnover_ratio": 2.19,
            "account_receivable_turnover_ratio": 1.67,
            "reinvestment_rate": 38.35,
            "research_to_sale_ratio": 0.62,
            "price_fair": 147.96,
            "eps_avg_yearly": 4.23,
            "eps_latest_yearly": 4.36,
            "eps_growth_yearly": 36.83
        },
        "20211": {
            "year_quarter": 20211,
            "year": 2021,
            "quarter": 1,
            "eps": 1.11,
            "eps_growth_year": -10.48,
            "eps_4q": 4.75,
            "eps_4q_growth_year": 13.36,
            "roe": 3.07,
            "roe_4q": 13.84,
            "gross_profit": 724741,
            "gross_margin": 11.03,
            "gross_margin_4q_avg": 11.95,
            "net_income": 198152,
            "net_income_4q": null,
            "revenue": 6568581,
            "revenue_4q": null,
            "common_shares": 1873382,
            "book_valuer_per_share": 34.46,
            "book_valuer_per_share_4q_avg": 32.8,
            "equity": 6539601,
            "current_ratio": 141.78,
            "debt_ratio": 69.02,
            "inventory_turnover_ratio": 1.95,
            "account_receivable_turnover_ratio": 1.54,
            "reinvestment_rate": 41.27,
            "research_to_sale_ratio": 0.67,
            "price_fair": 149.54,
            "eps_avg_yearly": 4.27,
            "eps_latest_yearly": 4.44,
            "eps_growth_yearly": 40.96
        },
        "20212": {
            "year_quarter": 20212,
            "year": 2021,
            "quarter": 2,
            "eps": 2.14,
            "eps_growth_year": 64.62,
            "eps_4q": 5.59,
            "eps_4q_growth_year": 24.83,
            "roe": 5.88,
            "roe_4q": 15.84,
            "gross_profit": 934432,
            "gross_margin": 11.67,
            "gross_margin_4q_avg": 11.63,
            "net_income": 394399,
            "net_income_4q": null,
            "revenue": 8010358,
            "revenue_4q": null,
            "common_shares": 1873382,
            "book_valuer_per_share": 36.3,
            "book_valuer_per_share_4q_avg": 34.14,
            "equity": 6878288,
            "current_ratio": 140.82,
            "debt_ratio": 69.73,
            "inventory_turnover_ratio": 2.17,
            "account_receivable_turnover_ratio": 1.72,
            "reinvestment_rate": 31.69,
            "research_to_sale_ratio": 0.71,
            "price_fair": 161.61,
            "eps_avg_yearly": 4.62,
            "eps_latest_yearly": 8.56,
            "eps_growth_yearly": 68.73
        },
        "20213": {
            "year_quarter": 20213,
            "year": 2021,
            "quarter": 3,
            "eps": 2.38,
            "eps_growth_year": 88.89,
            "eps_4q": 6.72,
            "eps_4q_growth_year": 43.69,
            "roe": 6.46,
            "roe_4q": 18.57,
            "gross_profit": 963026,
            "gross_margin": 11.51,
            "gross_margin_4q_avg": 11.3,
            "net_income": 436647,
            "net_income_4q": null,
            "revenue": 8370076,
            "revenue_4q": null,
            "common_shares": 1873882,
            "book_valuer_per_share": 35.04,
            "book_valuer_per_share_4q_avg": 34.83,
            "equity": 6633525,
            "current_ratio": 133.12,
            "debt_ratio": 73.08,
            "inventory_turnover_ratio": 2.06,
            "account_receivable_turnover_ratio": 1.82,
            "reinvestment_rate": 28.1,
            "research_to_sale_ratio": 0.73,
            "price_fair": 175.7,
            "eps_avg_yearly": 5.02,
            "eps_latest_yearly": 9.52,
            "eps_growth_yearly": 71.2
        },
        "20214": {
            "year_quarter": 20214,
            "year": 2021,
            "quarter": 4,
            "eps": 2.55,
            "eps_growth_year": 134.44,
            "eps_4q": 8.03,
            "eps_4q_growth_year": 64.49,
            "roe": 6.64,
            "roe_4q": 22.05,
            "gross_profit": 997783,
            "gross_margin": 8.67,
            "gross_margin_4q_avg": 10.72,
            "net_income": 479224,
            "net_income_4q": null,
            "revenue": 11509659,
            "revenue_4q": null,
            "common_shares": 1927562,
            "book_valuer_per_share": 39.8,
            "book_valuer_per_share_4q_avg": 36.4,
            "equity": 7802140,
            "current_ratio": 130.28,
            "debt_ratio": 72,
            "inventory_turnover_ratio": 2.84,
            "account_receivable_turnover_ratio": 2.42,
            "reinvestment_rate": 26.5,
            "research_to_sale_ratio": 0.56,
            "price_fair": 186.2,
            "eps_avg_yearly": 5.32,
            "eps_latest_yearly": 10.2,
            "eps_growth_yearly": 54.16
        },
        "20221": {
            "year_quarter": 20221,
            "year": 2022,
            "quarter": 1,
            "eps": 1.89,
            "eps_growth_year": 70.27,
            "eps_4q": 8.76,
            "eps_4q_growth_year": 84.4,
            "roe": 4.38,
            "roe_4q": 23.36,
            "gross_profit": 1098038,
            "gross_margin": 11.36,
            "gross_margin_4q_avg": 10.8,
            "net_income": 356230,
            "net_income_4q": null,
            "revenue": 9667890,
            "revenue_4q": null,
            "common_shares": 1950181,
            "book_valuer_per_share": 42.83,
            "book_valuer_per_share_4q_avg": 38.49,
            "equity": 8471836,
            "current_ratio": 128.01,
            "debt_ratio": 73.03,
            "inventory_turnover_ratio": 2,
            "account_receivable_turnover_ratio": 1.62,
            "reinvestment_rate": 20.85,
            "research_to_sale_ratio": 0.6,
            "price_fair": 192.41,
            "eps_avg_yearly": 5.5,
            "eps_latest_yearly": 7.56,
            "eps_growth_yearly": 50.83
        },
        "20222": {
            "year_quarter": 20222,
            "year": 2022,
            "quarter": 2,
            "eps": 2.52,
            "eps_growth_year": 17.76,
            "eps_4q": 9.21,
            "eps_4q_growth_year": 64.73,
            "roe": 5.73,
            "roe_4q": 23.21,
            "gross_profit": 1262365,
            "gross_margin": 10.68,
            "gross_margin_4q_avg": 10.56,
            "net_income": 474240,
            "net_income_4q": null,
            "revenue": 11823579,
            "revenue_4q": null,
            "common_shares": 1950181,
            "book_valuer_per_share": 40.89,
            "book_valuer_per_share_4q_avg": 39.64,
            "equity": 8077266,
            "current_ratio": 124.73,
            "debt_ratio": 75.12,
            "inventory_turnover_ratio": 1.87,
            "account_receivable_turnover_ratio": 1.65,
            "reinvestment_rate": 14.49,
            "research_to_sale_ratio": 0.57,
            "price_fair": 203.79,
            "eps_avg_yearly": 5.82,
            "eps_latest_yearly": 10.08,
            "eps_growth_yearly": 58.32
        },
        "20223": {
            "year_quarter": 20223,
            "year": 2022,
            "quarter": 3,
            "eps": 4.24,
            "eps_growth_year": 78.15,
            "eps_4q": 11.16,
            "eps_4q_growth_year": 66.08,
            "roe": 9.5,
            "roe_4q": 26.25,
            "gross_profit": 1525741,
            "gross_margin": 10.71,
            "gross_margin_4q_avg": 10.36,
            "net_income": 808406,
            "net_income_4q": null,
            "revenue": 14243589,
            "revenue_4q": null,
            "common_shares": 1950181,
            "book_valuer_per_share": 45.45,
            "book_valuer_per_share_4q_avg": 42.24,
            "equity": 8948412,
            "current_ratio": 126.86,
            "debt_ratio": 74.35,
            "inventory_turnover_ratio": 2,
            "account_receivable_turnover_ratio": 2,
            "reinvestment_rate": 12.93,
            "research_to_sale_ratio": 0.54,
            "price_fair": 226.45,
            "eps_avg_yearly": 6.47,
            "eps_latest_yearly": 16.96,
            "eps_growth_yearly": 66.57
        },
        "20224": {
            "year_quarter": 20224,
            "year": 2022,
            "quarter": 4,
            "eps": 2.7,
            "eps_growth_year": 5.66,
            "eps_4q": 11.34,
            "eps_4q_growth_year": 41.19,
            "roe": 5.54,
            "roe_4q": 25.15,
            "gross_profit": 1499926,
            "gross_margin": 10.25,
            "gross_margin_4q_avg": 10.75,
            "net_income": 510931,
            "net_income_4q": null,
            "revenue": 14631646,
            "revenue_4q": null,
            "common_shares": 1950284,
            "book_valuer_per_share": 47.97,
            "book_valuer_per_share_4q_avg": 44.29,
            "equity": 9481002,
            "current_ratio": 125.69,
            "debt_ratio": 73.16,
            "inventory_turnover_ratio": 2.07,
            "account_receivable_turnover_ratio": 2.22,
            "reinvestment_rate": 9.09,
            "research_to_sale_ratio": 0.51,
            "price_fair": 246.75,
            "eps_avg_yearly": 7.05,
            "eps_latest_yearly": 10.8,
            "eps_growth_yearly": 76.73
        },
        "20231": {
            "year_quarter": 20231,
            "year": 2023,
            "quarter": 1,
            "eps": 2.33,
            "eps_growth_year": 23.28,
            "eps_4q": 11.74,
            "eps_4q_growth_year": 34.07,
            "roe": 4.53,
            "roe_4q": 25.3,
            "gross_profit": 1279182,
            "gross_margin": 9.21,
            "gross_margin_4q_avg": 10.21,
            "net_income": 441586,
            "net_income_4q": null,
            "revenue": 13885761,
            "revenue_4q": null,
            "common_shares": 1956782,
            "book_valuer_per_share": 50.49,
            "book_valuer_per_share_4q_avg": 46.2,
            "equity": 10020308,
            "current_ratio": 126.07,
            "debt_ratio": 73.01,
            "inventory_turnover_ratio": 1.95,
            "account_receivable_turnover_ratio": 2.28,
            "reinvestment_rate": 9.05,
            "research_to_sale_ratio": 0.41,
            "price_fair": 260.05,
            "eps_avg_yearly": 7.43,
            "eps_latest_yearly": 9.32,
            "eps_growth_yearly": 45.02
        },
        "20232": {
            "year_quarter": 20232,
            "year": 2023,
            "quarter": 2,
            "eps": 4.18,
            "eps_growth_year": 65.87,
            "eps_4q": 13.39,
            "eps_4q_growth_year": 45.33,
            "roe": 8.09,
            "roe_4q": 27.66,
            "gross_profit": 1372029,
            "gross_margin": 10.07,
            "gross_margin_4q_avg": 10.06,
            "net_income": 804149,
            "net_income_4q": null,
            "revenue": 13622365,
            "revenue_4q": null,
            "common_shares": 1961248,
            "book_valuer_per_share": 49.68,
            "book_valuer_per_share_4q_avg": 48.4,
            "equity": 9869733,
            "current_ratio": 132.49,
            "debt_ratio": 75.41,
            "inventory_turnover_ratio": 1.75,
            "account_receivable_turnover_ratio": 2.23,
            "reinvestment_rate": 12.08,
            "research_to_sale_ratio": 0.54,
            "price_fair": 287.7,
            "eps_avg_yearly": 8.22,
            "eps_latest_yearly": 16.72,
            "eps_growth_yearly": 58.39
        },
        "20233": {
            "year_quarter": 20233,
            "year": 2023,
            "quarter": 3,
            "eps": 2.92,
            "eps_growth_year": -31.13,
            "eps_4q": 11.94,
            "eps_4q_growth_year": 6.98,
            "roe": 5.42,
            "roe_4q": 23.58,
            "gross_profit": 1296235,
            "gross_margin": 9.57,
            "gross_margin_4q_avg": 9.78,
            "net_income": 560554,
            "net_income_4q": null,
            "revenue": 13549726,
            "revenue_4q": null,
            "common_shares": 1989892,
            "book_valuer_per_share": 53.84,
            "book_valuer_per_share_4q_avg": 50.5,
            "equity": 10824151,
            "current_ratio": 134.24,
            "debt_ratio": 74.53,
            "inventory_turnover_ratio": 1.62,
            "account_receivable_turnover_ratio": 2.02,
            "reinvestment_rate": 14.67,
            "research_to_sale_ratio": 0.54,
            "price_fair": 303.98,
            "eps_avg_yearly": 8.69,
            "eps_latest_yearly": 11.68,
            "eps_growth_yearly": 49.87
        }
    },
    "months": {
        "2002-10": {
            "month": "2002-10",
            "price": "110.55",
            "revenue": 400748
        },
        "2002-11": {
            "month": "2002-11",
            "price": "101.19",
            "revenue": 481367
        },
        "2002-12": {
            "month": "2002-12",
            "price": "95.45",
            "revenue": 507252
        },
        "2003-01": {
            "month": "2003-01",
            "price": "90.18",
            "revenue": 335712
        },
        "2003-02": {
            "month": "2003-02",
            "price": "76.38",
            "revenue": 382741
        },
        "2003-03": {
            "month": "2003-03",
            "price": "74.48",
            "revenue": 569662
        },
        "2003-04": {
            "month": "2003-04",
            "price": "78.09",
            "revenue": 983994
        },
        "2003-05": {
            "month": "2003-05",
            "price": "86.36",
            "revenue": 567743
        },
        "2003-06": {
            "month": "2003-06",
            "price": "90.48",
            "revenue": 548190
        },
        "2003-07": {
            "month": "2003-07",
            "price": "97.83",
            "revenue": 606263
        },
        "2003-08": {
            "month": "2003-08",
            "price": "90.90",
            "revenue": 605217
        },
        "2003-09": {
            "month": "2003-09",
            "price": "87.36",
            "revenue": 533420
        },
        "2003-10": {
            "month": "2003-10",
            "price": "80.95",
            "revenue": 572522
        },
        "2003-11": {
            "month": "2003-11",
            "price": "80.00",
            "revenue": 1013042
        },
        "2003-12": {
            "month": "2003-12",
            "price": "86.65",
            "revenue": 573147
        },
        "2004-01": {
            "month": "2004-01",
            "price": "87.00",
            "revenue": 364810
        },
        "2004-02": {
            "month": "2004-02",
            "price": "86.10",
            "revenue": 586950
        },
        "2004-03": {
            "month": "2004-03",
            "price": "81.70",
            "revenue": 766097
        },
        "2004-04": {
            "month": "2004-04",
            "price": "79.91",
            "revenue": 536717
        },
        "2004-05": {
            "month": "2004-05",
            "price": "69.33",
            "revenue": 609122
        },
        "2004-06": {
            "month": "2004-06",
            "price": "65.52",
            "revenue": 842648
        },
        "2004-07": {
            "month": "2004-07",
            "price": "56.03",
            "revenue": 652425
        },
        "2004-08": {
            "month": "2004-08",
            "price": "43.43",
            "revenue": 723862
        },
        "2004-09": {
            "month": "2004-09",
            "price": "45.57",
            "revenue": 876805
        },
        "2004-10": {
            "month": "2004-10",
            "price": "46.21",
            "revenue": 706474
        },
        "2004-11": {
            "month": "2004-11",
            "price": "43.96",
            "revenue": 1125671
        },
        "2004-12": {
            "month": "2004-12",
            "price": "42.20",
            "revenue": 2198288
        },
        "2005-01": {
            "month": "2005-01",
            "price": "42.93",
            "revenue": 527595
        },
        "2005-02": {
            "month": "2005-02",
            "price": "44.30",
            "revenue": 560788
        },
        "2005-03": {
            "month": "2005-03",
            "price": "45.15",
            "revenue": 913260
        },
        "2005-04": {
            "month": "2005-04",
            "price": "42.77",
            "revenue": 721888
        },
        "2005-05": {
            "month": "2005-05",
            "price": "40.23",
            "revenue": 792279
        },
        "2005-06": {
            "month": "2005-06",
            "price": "41.25",
            "revenue": 1421224
        },
        "2005-07": {
            "month": "2005-07",
            "price": "47.02",
            "revenue": 676688
        },
        "2005-08": {
            "month": "2005-08",
            "price": "40.32",
            "revenue": 1036892
        },
        "2005-09": {
            "month": "2005-09",
            "price": "34.43",
            "revenue": 600549
        },
        "2005-10": {
            "month": "2005-10",
            "price": "29.96",
            "revenue": 989846
        },
        "2005-11": {
            "month": "2005-11",
            "price": "29.04",
            "revenue": 1039089
        },
        "2005-12": {
            "month": "2005-12",
            "price": "32.62",
            "revenue": 1720757
        },
        "2006-01": {
            "month": "2006-01",
            "price": "32.66",
            "revenue": 620687
        },
        "2006-02": {
            "month": "2006-02",
            "price": "29.65",
            "revenue": 747200
        },
        "2006-03": {
            "month": "2006-03",
            "price": "31.39",
            "revenue": 927023
        },
        "2006-04": {
            "month": "2006-04",
            "price": "31.82",
            "revenue": 927702
        },
        "2006-05": {
            "month": "2006-05",
            "price": "31.88",
            "revenue": 837379
        },
        "2006-06": {
            "month": "2006-06",
            "price": "28.24",
            "revenue": 934336
        },
        "2006-07": {
            "month": "2006-07",
            "price": "27.86",
            "revenue": 771804
        },
        "2006-08": {
            "month": "2006-08",
            "price": "26.33",
            "revenue": 676298
        },
        "2006-09": {
            "month": "2006-09",
            "price": "23.06",
            "revenue": 835414
        },
        "2006-10": {
            "month": "2006-10",
            "price": "24.44",
            "revenue": 814462
        },
        "2006-11": {
            "month": "2006-11",
            "price": "24.29",
            "revenue": 1178915
        },
        "2006-12": {
            "month": "2006-12",
            "price": "26.29",
            "revenue": 2072979
        },
        "2007-01": {
            "month": "2007-01",
            "price": "28.63",
            "revenue": 471469
        },
        "2007-02": {
            "month": "2007-02",
            "price": "27.51",
            "revenue": 412149
        },
        "2007-03": {
            "month": "2007-03",
            "price": "26.23",
            "revenue": 1003947
        },
        "2007-04": {
            "month": "2007-04",
            "price": "26.42",
            "revenue": 679116
        },
        "2007-05": {
            "month": "2007-05",
            "price": "24.83",
            "revenue": 507187
        },
        "2007-06": {
            "month": "2007-06",
            "price": "25.75",
            "revenue": 715839
        },
        "2007-07": {
            "month": "2007-07",
            "price": "29.05",
            "revenue": 625415
        },
        "2007-08": {
            "month": "2007-08",
            "price": "27.43",
            "revenue": 556380
        },
        "2007-09": {
            "month": "2007-09",
            "price": "27.35",
            "revenue": 1027074
        },
        "2007-10": {
            "month": "2007-10",
            "price": "25.90",
            "revenue": 1229115
        },
        "2007-11": {
            "month": "2007-11",
            "price": "23.05",
            "revenue": 965944
        },
        "2007-12": {
            "month": "2007-12",
            "price": "19.02",
            "revenue": 1056746
        },
        "2008-01": {
            "month": "2008-01",
            "price": "16.50",
            "revenue": 459809
        },
        "2008-02": {
            "month": "2008-02",
            "price": "16.07",
            "revenue": 630768
        },
        "2008-03": {
            "month": "2008-03",
            "price": "17.11",
            "revenue": 576091
        },
        "2008-04": {
            "month": "2008-04",
            "price": "19.52",
            "revenue": 887518
        },
        "2008-05": {
            "month": "2008-05",
            "price": "19.42",
            "revenue": 415876
        },
        "2008-06": {
            "month": "2008-06",
            "price": "17.86",
            "revenue": 2295886
        },
        "2008-07": {
            "month": "2008-07",
            "price": "15.97",
            "revenue": 744872
        },
        "2008-08": {
            "month": "2008-08",
            "price": "16.62",
            "revenue": 796267
        },
        "2008-09": {
            "month": "2008-09",
            "price": "14.47",
            "revenue": 1055683
        },
        "2008-10": {
            "month": "2008-10",
            "price": "10.67",
            "revenue": 1186474
        },
        "2008-11": {
            "month": "2008-11",
            "price": "8.32",
            "revenue": 450095
        },
        "2008-12": {
            "month": "2008-12",
            "price": "8.36",
            "revenue": 474367
        },
        "2009-01": {
            "month": "2009-01",
            "price": "7.92",
            "revenue": 321766
        },
        "2009-02": {
            "month": "2009-02",
            "price": "7.41",
            "revenue": 629953
        },
        "2009-03": {
            "month": "2009-03",
            "price": "8.96",
            "revenue": 214098
        },
        "2009-04": {
            "month": "2009-04",
            "price": "11.24",
            "revenue": 339087
        },
        "2009-05": {
            "month": "2009-05",
            "price": "12.63",
            "revenue": 280150
        },
        "2009-06": {
            "month": "2009-06",
            "price": "13.06",
            "revenue": 298199
        },
        "2009-07": {
            "month": "2009-07",
            "price": "13.52",
            "revenue": 200303
        },
        "2009-08": {
            "month": "2009-08",
            "price": "14.03",
            "revenue": 263317
        },
        "2009-09": {
            "month": "2009-09",
            "price": "13.51",
            "revenue": 386201
        },
        "2009-10": {
            "month": "2009-10",
            "price": "14.74",
            "revenue": 532019
        },
        "2009-11": {
            "month": "2009-11",
            "price": "15.35",
            "revenue": 167141
        },
        "2009-12": {
            "month": "2009-12",
            "price": "17.87",
            "revenue": 541348
        },
        "2010-01": {
            "month": "2010-01",
            "price": "17.78",
            "revenue": 248361
        },
        "2010-02": {
            "month": "2010-02",
            "price": "15.87",
            "revenue": 333957
        },
        "2010-03": {
            "month": "2010-03",
            "price": "16.58",
            "revenue": 444244
        },
        "2010-04": {
            "month": "2010-04",
            "price": "17.51",
            "revenue": 509590
        },
        "2010-05": {
            "month": "2010-05",
            "price": "15.04",
            "revenue": 472372
        },
        "2010-06": {
            "month": "2010-06",
            "price": "14.34",
            "revenue": 464997
        },
        "2010-07": {
            "month": "2010-07",
            "price": "15.33",
            "revenue": 733063
        },
        "2010-08": {
            "month": "2010-08",
            "price": "16.75",
            "revenue": 651216
        },
        "2010-09": {
            "month": "2010-09",
            "price": "16.69",
            "revenue": 735065
        },
        "2010-10": {
            "month": "2010-10",
            "price": "16.49",
            "revenue": 863595
        },
        "2010-11": {
            "month": "2010-11",
            "price": "16.49",
            "revenue": 1094818
        },
        "2010-12": {
            "month": "2010-12",
            "price": "17.69",
            "revenue": 1686660
        },
        "2011-01": {
            "month": "2011-01",
            "price": "20.74",
            "revenue": 510590
        },
        "2011-02": {
            "month": "2011-02",
            "price": "19.94",
            "revenue": 1173853
        },
        "2011-03": {
            "month": "2011-03",
            "price": "20.90",
            "revenue": 849256
        },
        "2011-04": {
            "month": "2011-04",
            "price": "21.94",
            "revenue": 613365
        },
        "2011-05": {
            "month": "2011-05",
            "price": "20.67",
            "revenue": 953671
        },
        "2011-06": {
            "month": "2011-06",
            "price": "22.60",
            "revenue": 1620981
        },
        "2011-07": {
            "month": "2011-07",
            "price": "25.42",
            "revenue": 1023485
        },
        "2011-08": {
            "month": "2011-08",
            "price": "22.22",
            "revenue": 1346817
        },
        "2011-09": {
            "month": "2011-09",
            "price": "21.47",
            "revenue": 512315
        },
        "2011-10": {
            "month": "2011-10",
            "price": "19.46",
            "revenue": 630184
        },
        "2011-11": {
            "month": "2011-11",
            "price": "18.69",
            "revenue": 837503
        },
        "2011-12": {
            "month": "2011-12",
            "price": "16.81",
            "revenue": 730356
        },
        "2012-01": {
            "month": "2012-01",
            "price": "18.27",
            "revenue": 656044
        },
        "2012-02": {
            "month": "2012-02",
            "price": "22.01",
            "revenue": 518921
        },
        "2012-03": {
            "month": "2012-03",
            "price": "23.55",
            "revenue": 490676
        },
        "2012-04": {
            "month": "2012-04",
            "price": "19.70",
            "revenue": 859219
        },
        "2012-05": {
            "month": "2012-05",
            "price": "20.05",
            "revenue": 593168
        },
        "2012-06": {
            "month": "2012-06",
            "price": "19.10",
            "revenue": 883465
        },
        "2012-07": {
            "month": "2012-07",
            "price": "19.03",
            "revenue": 503888
        },
        "2012-08": {
            "month": "2012-08",
            "price": "18.68",
            "revenue": 744208
        },
        "2012-09": {
            "month": "2012-09",
            "price": "17.87",
            "revenue": 723813
        },
        "2012-10": {
            "month": "2012-10",
            "price": "16.40",
            "revenue": 544219
        },
        "2012-11": {
            "month": "2012-11",
            "price": "14.74",
            "revenue": 693131
        },
        "2012-12": {
            "month": "2012-12",
            "price": "17.22",
            "revenue": 942397
        },
        "2013-01": {
            "month": "2013-01",
            "price": "18.24",
            "revenue": 898617
        },
        "2013-02": {
            "month": "2013-02",
            "price": "18.44",
            "revenue": 796331
        },
        "2013-03": {
            "month": "2013-03",
            "price": "19.14",
            "revenue": 1211304
        },
        "2013-04": {
            "month": "2013-04",
            "price": "19.84",
            "revenue": 1030948
        },
        "2013-05": {
            "month": "2013-05",
            "price": "20.63",
            "revenue": 1345831
        },
        "2013-06": {
            "month": "2013-06",
            "price": "18.86",
            "revenue": 1291298
        },
        "2013-07": {
            "month": "2013-07",
            "price": "18.49",
            "revenue": 1224307
        },
        "2013-08": {
            "month": "2013-08",
            "price": "17.22",
            "revenue": 1131030
        },
        "2013-09": {
            "month": "2013-09",
            "price": "16.90",
            "revenue": 934137
        },
        "2013-10": {
            "month": "2013-10",
            "price": "17.63",
            "revenue": 1387992
        },
        "2013-11": {
            "month": "2013-11",
            "price": "17.23",
            "revenue": 1290207
        },
        "2013-12": {
            "month": "2013-12",
            "price": "17.50",
            "revenue": 1500272
        },
        "2014-01": {
            "month": "2014-01",
            "price": "18.37",
            "revenue": 1168620
        },
        "2014-02": {
            "month": "2014-02",
            "price": "19.89",
            "revenue": 911602
        },
        "2014-03": {
            "month": "2014-03",
            "price": "22.24",
            "revenue": 1160838
        },
        "2014-04": {
            "month": "2014-04",
            "price": "22.61",
            "revenue": 1135652
        },
        "2014-05": {
            "month": "2014-05",
            "price": "24.42",
            "revenue": 865408
        },
        "2014-06": {
            "month": "2014-06",
            "price": "24.38",
            "revenue": 1379774
        },
        "2014-07": {
            "month": "2014-07",
            "price": "23.48",
            "revenue": 1219316
        },
        "2014-08": {
            "month": "2014-08",
            "price": "22.89",
            "revenue": 1000693
        },
        "2014-09": {
            "month": "2014-09",
            "price": "23.73",
            "revenue": 1265261
        },
        "2014-10": {
            "month": "2014-10",
            "price": "21.64",
            "revenue": 1618099
        },
        "2014-11": {
            "month": "2014-11",
            "price": "22.22",
            "revenue": 1548326
        },
        "2014-12": {
            "month": "2014-12",
            "price": "23.37",
            "revenue": 1691810
        },
        "2015-01": {
            "month": "2015-01",
            "price": "24.74",
            "revenue": 1307650
        },
        "2015-02": {
            "month": "2015-02",
            "price": "24.98",
            "revenue": 835668
        },
        "2015-03": {
            "month": "2015-03",
            "price": "28.59",
            "revenue": 1552338
        },
        "2015-04": {
            "month": "2015-04",
            "price": "29.42",
            "revenue": 1375666
        },
        "2015-05": {
            "month": "2015-05",
            "price": "27.07",
            "revenue": 1760339
        },
        "2015-06": {
            "month": "2015-06",
            "price": "24.15",
            "revenue": 1470421
        },
        "2015-07": {
            "month": "2015-07",
            "price": "22.23",
            "revenue": 1663883
        },
        "2015-08": {
            "month": "2015-08",
            "price": "18.08",
            "revenue": 1527259
        },
        "2015-09": {
            "month": "2015-09",
            "price": "18.97",
            "revenue": 1564502
        },
        "2015-10": {
            "month": "2015-10",
            "price": "21.94",
            "revenue": 1738176
        },
        "2015-11": {
            "month": "2015-11",
            "price": "22.20",
            "revenue": 1713524
        },
        "2015-12": {
            "month": "2015-12",
            "price": "24.41",
            "revenue": 1522198
        },
        "2016-01": {
            "month": "2016-01",
            "price": "22.10",
            "revenue": 1679867
        },
        "2016-02": {
            "month": "2016-02",
            "price": "24.12",
            "revenue": 1021730
        },
        "2016-03": {
            "month": "2016-03",
            "price": "27.15",
            "revenue": 1540649
        },
        "2016-04": {
            "month": "2016-04",
            "price": "25.82",
            "revenue": 1616589
        },
        "2016-05": {
            "month": "2016-05",
            "price": "26.35",
            "revenue": 1464442
        },
        "2016-06": {
            "month": "2016-06",
            "price": "27.91",
            "revenue": 1557815
        },
        "2016-07": {
            "month": "2016-07",
            "price": "29.86",
            "revenue": 1480064
        },
        "2016-08": {
            "month": "2016-08",
            "price": "28.02",
            "revenue": 1484330
        },
        "2016-09": {
            "month": "2016-09",
            "price": "27.48",
            "revenue": 1567779
        },
        "2016-10": {
            "month": "2016-10",
            "price": "26.92",
            "revenue": 1455687
        },
        "2016-11": {
            "month": "2016-11",
            "price": "26.37",
            "revenue": 1840372
        },
        "2016-12": {
            "month": "2016-12",
            "price": "27.66",
            "revenue": 1941617
        },
        "2017-01": {
            "month": "2017-01",
            "price": "29.28",
            "revenue": 1629591
        },
        "2017-02": {
            "month": "2017-02",
            "price": "32.19",
            "revenue": 1498929
        },
        "2017-03": {
            "month": "2017-03",
            "price": "35.50",
            "revenue": 2065348
        },
        "2017-04": {
            "month": "2017-04",
            "price": "37.00",
            "revenue": 1639036
        },
        "2017-05": {
            "month": "2017-05",
            "price": "43.01",
            "revenue": 1544256
        },
        "2017-06": {
            "month": "2017-06",
            "price": "42.06",
            "revenue": 1704157
        },
        "2017-07": {
            "month": "2017-07",
            "price": "39.23",
            "revenue": 1508325
        },
        "2017-08": {
            "month": "2017-08",
            "price": "37.49",
            "revenue": 1558742
        },
        "2017-09": {
            "month": "2017-09",
            "price": "39.36",
            "revenue": 1443115
        },
        "2017-10": {
            "month": "2017-10",
            "price": "40.59",
            "revenue": 1591089
        },
        "2017-11": {
            "month": "2017-11",
            "price": "39.21",
            "revenue": 1974995
        },
        "2017-12": {
            "month": "2017-12",
            "price": "38.12",
            "revenue": 2054411
        },
        "2018-01": {
            "month": "2018-01",
            "price": "40.42",
            "revenue": 1776943
        },
        "2018-02": {
            "month": "2018-02",
            "price": "39.51",
            "revenue": 1566938
        },
        "2018-03": {
            "month": "2018-03",
            "price": "45.69",
            "revenue": 2205167
        },
        "2018-04": {
            "month": "2018-04",
            "price": "57.82",
            "revenue": 1869404
        },
        "2018-05": {
            "month": "2018-05",
            "price": "68.99",
            "revenue": 2168168
        },
        "2018-06": {
            "month": "2018-06",
            "price": "75.27",
            "revenue": 2387403
        },
        "2018-07": {
            "month": "2018-07",
            "price": "71.04",
            "revenue": 2358337
        },
        "2018-08": {
            "month": "2018-08",
            "price": "66.27",
            "revenue": 2079507
        },
        "2018-09": {
            "month": "2018-09",
            "price": "59.42",
            "revenue": 1944433
        },
        "2018-10": {
            "month": "2018-10",
            "price": "47.52",
            "revenue": 1874427
        },
        "2018-11": {
            "month": "2018-11",
            "price": "49.47",
            "revenue": 1819102
        },
        "2018-12": {
            "month": "2018-12",
            "price": "50.69",
            "revenue": 2365894
        },
        "2019-01": {
            "month": "2019-01",
            "price": "49.18",
            "revenue": 2461736
        },
        "2019-02": {
            "month": "2019-02",
            "price": "54.48",
            "revenue": 1621147
        },
        "2019-03": {
            "month": "2019-03",
            "price": "54.16",
            "revenue": 1670175
        },
        "2019-04": {
            "month": "2019-04",
            "price": "55.91",
            "revenue": 2032569
        },
        "2019-05": {
            "month": "2019-05",
            "price": "50.98",
            "revenue": 1897855
        },
        "2019-06": {
            "month": "2019-06",
            "price": "50.27",
            "revenue": 1922844
        },
        "2019-07": {
            "month": "2019-07",
            "price": "52.52",
            "revenue": 2142348
        },
        "2019-08": {
            "month": "2019-08",
            "price": "49.24",
            "revenue": 1789975
        },
        "2019-09": {
            "month": "2019-09",
            "price": "50.07",
            "revenue": 2005435
        },
        "2019-10": {
            "month": "2019-10",
            "price": "54.49",
            "revenue": 1729001
        },
        "2019-11": {
            "month": "2019-11",
            "price": "66.54",
            "revenue": 2226642
        },
        "2019-12": {
            "month": "2019-12",
            "price": "82.65",
            "revenue": 2682954
        },
        "2020-01": {
            "month": "2020-01",
            "price": "83.26",
            "revenue": 2014471
        },
        "2020-02": {
            "month": "2020-02",
            "price": "83.71",
            "revenue": 1665218
        },
        "2020-03": {
            "month": "2020-03",
            "price": "61.80",
            "revenue": 1818630
        },
        "2020-04": {
            "month": "2020-04",
            "price": "66.80",
            "revenue": 1970740
        },
        "2020-05": {
            "month": "2020-05",
            "price": "74.86",
            "revenue": 1810475
        },
        "2020-06": {
            "month": "2020-06",
            "price": "81.18",
            "revenue": 2006365
        },
        "2020-07": {
            "month": "2020-07",
            "price": "104.25",
            "revenue": 1847044
        },
        "2020-08": {
            "month": "2020-08",
            "price": "110.46",
            "revenue": 2249188
        },
        "2020-09": {
            "month": "2020-09",
            "price": "104.39",
            "revenue": 2542196
        },
        "2020-10": {
            "month": "2020-10",
            "price": "106.05",
            "revenue": 2047274
        },
        "2020-11": {
            "month": "2020-11",
            "price": "109.36",
            "revenue": 2586772
        },
        "2020-12": {
            "month": "2020-12",
            "price": "111.63",
            "revenue": 2561484
        },
        "2021-01": {
            "month": "2021-01",
            "price": "119.08",
            "revenue": 2080372
        },
        "2021-02": {
            "month": "2021-02",
            "price": "115.35",
            "revenue": 1723921
        },
        "2021-03": {
            "month": "2021-03",
            "price": "109.73",
            "revenue": 2764288
        },
        "2021-04": {
            "month": "2021-04",
            "price": "118.89",
            "revenue": 2553798
        },
        "2021-05": {
            "month": "2021-05",
            "price": "101.84",
            "revenue": 2711949
        },
        "2021-06": {
            "month": "2021-06",
            "price": "105.64",
            "revenue": 2744611
        },
        "2021-07": {
            "month": "2021-07",
            "price": "114.52",
            "revenue": 2739920
        },
        "2021-08": {
            "month": "2021-08",
            "price": "112.61",
            "revenue": 2816944
        },
        "2021-09": {
            "month": "2021-09",
            "price": "115.55",
            "revenue": 2813212
        },
        "2021-10": {
            "month": "2021-10",
            "price": "113.05",
            "revenue": 3062871
        },
        "2021-11": {
            "month": "2021-11",
            "price": "137.98",
            "revenue": 4219316
        },
        "2021-12": {
            "month": "2021-12",
            "price": "159.07",
            "revenue": 4227472
        },
        "2022-01": {
            "month": "2022-01",
            "price": "171.53",
            "revenue": 3627559
        },
        "2022-02": {
            "month": "2022-02",
            "price": "159.47",
            "revenue": 2550715
        },
        "2022-03": {
            "month": "2022-03",
            "price": "154.30",
            "revenue": 3489616
        },
        "2022-04": {
            "month": "2022-04",
            "price": "135.92",
            "revenue": 3745042
        },
        "2022-05": {
            "month": "2022-05",
            "price": "126.43",
            "revenue": 3607704
        },
        "2022-06": {
            "month": "2022-06",
            "price": "122.19",
            "revenue": 4470833
        },
        "2022-07": {
            "month": "2022-07",
            "price": "107.81",
            "revenue": 4745747
        },
        "2022-08": {
            "month": "2022-08",
            "price": "117.74",
            "revenue": 4907330
        },
        "2022-09": {
            "month": "2022-09",
            "price": "119.19",
            "revenue": 4590512
        },
        "2022-10": {
            "month": "2022-10",
            "price": "102.53",
            "revenue": 4627346
        },
        "2022-11": {
            "month": "2022-11",
            "price": "111.28",
            "revenue": 5054387
        },
        "2022-12": {
            "month": "2022-12",
            "price": "120.02",
            "revenue": 4949913
        },
        "2023-01": {
            "month": "2023-01",
            "price": "120.96",
            "revenue": 4337113
        },
        "2023-02": {
            "month": "2023-02",
            "price": "127.78",
            "revenue": 4729002
        },
        "2023-03": {
            "month": "2023-03",
            "price": "130.24",
            "revenue": 4819646
        },
        "2023-04": {
            "month": "2023-04",
            "price": "131.29",
            "revenue": 4468611
        },
        "2023-05": {
            "month": "2023-05",
            "price": "129.07",
            "revenue": 4475196
        },
        "2023-06": {
            "month": "2023-06",
            "price": "140.30",
            "revenue": 4678558
        },
        "2023-07": {
            "month": "2023-07",
            "price": "139.00",
            "revenue": 4121894
        },
        "2023-08": {
            "month": "2023-08",
            "price": "138.86",
            "revenue": 4511901
        },
        "2023-09": {
            "month": "2023-09",
            "price": "137.60",
            "revenue": 4915931
        },
        "2023-10": {
            "month": "2023-10",
            "price": "137.25",
            "revenue": 4591891
        },
        "2023-11": {
            "month": "2023-11",
            "price": "134.05",
            "revenue": 4998609
        },
        "2023-12": {
            "month": "2023-12",
            "price": "134.00",
            "revenue": 5631380
        }
    }
}
