{
    "summary": {
        "stock_name": "佳必琪",
        "stock_id": "6197",
        "category": "電子零組件",
        "main_business": "高速光電/光纜/模組/連接器/線束(雲端網通)<br>連接器/線束(智能連結產業)、(新能源)、(消費性電子)<br>IoT(物聯網系統)之以上相關產品研發，生產與銷售",
        "website_url": "http://www.jpcco.com",
        "ceo": "張舒眉",
        "pe_ratio": 15,
        "report_year_from": 2001,
        "report_year_to": 2023,
        "age": 22,
        "eps_negative_percentage": 9,
        "eps_growth_avg": {
            "last_all": 2.26,
            "last_2y": 16.49,
            "last_4y": 16.15,
            "last_8y": 20.69,
            "last_12y": 11.06,
            "last_16y": 7.3,
            "last_20y": null,
            "at_2006_last_3y": 7.81,
            "at_2007_last_3y": -1.57,
            "at_2008_last_3y": -20.53,
            "at_2009_last_3y": -7.75,
            "at_2010_last_3y": -58.93,
            "at_2011_last_3y": -84.51,
            "at_2012_last_3y": -76.77,
            "at_2013_last_3y": -17.85,
            "at_2014_last_3y": 29.86,
            "at_2015_last_3y": 57.88,
            "at_2016_last_3y": 57.63,
            "at_2017_last_3y": 26.38,
            "at_2018_last_3y": 9.4,
            "at_2019_last_3y": 15.78,
            "at_2020_last_3y": -1.14,
            "at_2021_last_3y": 15.85,
            "at_2022_last_3y": 14.77,
            "at_2023_last_3y": 14.77,
            "at_2006_last_all": 7.81,
            "at_2007_last_all": 1.6,
            "at_2008_last_all": -15.34,
            "at_2009_last_all": -15.34,
            "at_2010_last_all": -20.8,
            "at_2011_last_all": -30.7,
            "at_2012_last_all": -30.7,
            "at_2013_last_all": -16.17,
            "at_2014_last_all": -5.6,
            "at_2015_last_all": -6.54,
            "at_2016_last_all": -1.25,
            "at_2017_last_all": -3.08,
            "at_2018_last_all": -1.31,
            "at_2019_last_all": -0.59,
            "at_2020_last_all": -1.23,
            "at_2021_last_all": 1.37,
            "at_2022_last_all": 2.26,
            "at_2023_last_all": 2.26
        },
        "latest_eps": 4.1,
        "latest_price": 62,
        "latest_roe": 17.62,
        "latest_gross_margin": 23.76,
        "latest_equity": 2922627,
        "latest_revenue": 1085378,
        "latest_gross_profit": 257882,
        "latest_net_income": 104397,
        "latest_debt_ratio": 36.18,
        "latest_current_ratio": 229.32,
        "latest_account_receivable_turnover_ratio": 0.98,
        "latest_inventory_turnover_ratio": 1.37,
        "latest_reinvestment_rate": 3.04,
        "latest_research_to_sale_ratio": 3.57
    },
    "eps_dividends": {
        "2001": {
            "cash": 3,
            "stock": 6,
            "eps": 0
        },
        "2002": {
            "cash": 2,
            "stock": 4,
            "eps": 5.61
        },
        "2003": {
            "cash": 2,
            "stock": 3,
            "eps": 6.41
        },
        "2004": {
            "cash": 3,
            "stock": 0,
            "eps": 4.86
        },
        "2005": {
            "cash": 2,
            "stock": 1,
            "eps": 2
        },
        "2006": {
            "cash": 1,
            "stock": 2,
            "eps": 4.73
        },
        "2007": {
            "cash": 3,
            "stock": 1,
            "eps": 3.63
        },
        "2008": {
            "cash": 2,
            "stock": 1,
            "eps": 0
        },
        "2009": {
            "cash": 0,
            "stock": 0,
            "eps": 1.27
        },
        "2010": {
            "cash": 0,
            "stock": 1,
            "eps": 0.59
        },
        "2011": {
            "cash": 0,
            "stock": 0,
            "eps": -0.4
        },
        "2012": {
            "cash": 0,
            "stock": 0,
            "eps": 0.39
        },
        "2013": {
            "cash": 1,
            "stock": 0,
            "eps": 0.96
        },
        "2014": {
            "cash": 1,
            "stock": 0,
            "eps": 1.82
        },
        "2015": {
            "cash": 2,
            "stock": 0,
            "eps": 1.53
        },
        "2016": {
            "cash": 2,
            "stock": 0,
            "eps": 2.4
        },
        "2017": {
            "cash": 1,
            "stock": 0,
            "eps": 1.8
        },
        "2018": {
            "cash": 2,
            "stock": 0,
            "eps": 2.19
        },
        "2019": {
            "cash": 2,
            "stock": 0,
            "eps": 2.4
        },
        "2020": {
            "cash": 3,
            "stock": 0,
            "eps": 2.14
        },
        "2021": {
            "cash": 3,
            "stock": 0,
            "eps": 3.06
        },
        "2022": {
            "cash": 3,
            "stock": 0,
            "eps": 3.59
        },
        "2023": {
            "cash": 3,
            "stock": 0,
            "eps": 0.84
        }
    },
    "dividends": {
        "2001-04-30": {
            "cash": 3,
            "stock": 6
        },
        "2002-05-21": {
            "cash": 2,
            "stock": 4
        },
        "2003-04-10": {
            "cash": 2,
            "stock": 3
        },
        "2004-04-09": {
            "cash": 3,
            "stock": 0.25
        },
        "2005-04-12": {
            "cash": 1.5,
            "stock": 1.47
        },
        "2006-04-18": {
            "cash": 0.5,
            "stock": 1.5
        },
        "2007-04-23": {
            "cash": 3,
            "stock": 1
        },
        "2008-04-21": {
            "cash": 1.5,
            "stock": 1.3
        },
        "2010-04-23": {
            "cash": 0.3,
            "stock": 1
        },
        "2013-03-27": {
            "cash": 0.8,
            "stock": 0
        },
        "2014-09-19": {
            "cash": 1.2,
            "stock": 0
        },
        "2015-09-18": {
            "cash": 2.2,
            "stock": 0
        },
        "2016-08-18": {
            "cash": 2,
            "stock": 0
        },
        "2017-10-02": {
            "cash": 1.2,
            "stock": 0
        },
        "2018-08-30": {
            "cash": 1.65,
            "stock": 0
        },
        "2019-03-21": {
            "cash": 2,
            "stock": 0
        },
        "2020-07-29": {
            "cash": 3,
            "stock": 0
        },
        "2021-07-15": {
            "cash": 2.9,
            "stock": 0
        },
        "2022-07-29": {
            "cash": 3,
            "stock": 0
        },
        "2023-03-27": {
            "cash": 3.2,
            "stock": 0
        }
    },
    "prices": {
        "200101": "無",
        "200102": "無",
        "200103": "無",
        "200104": "無",
        "200105": "無",
        "200106": "無",
        "200107": "無",
        "200108": "無",
        "200109": "無",
        "200110": "無",
        "200111": "無",
        "200112": "無",
        "200201": "無",
        "200202": "無",
        "200203": "無",
        "200204": "無",
        "200205": "無",
        "200206": "無",
        "200207": "無",
        "200208": "無",
        "200209": "無",
        "200210": "無",
        "200211": "無",
        "200212": "78.37",
        "200301": "72.82",
        "200302": "67.38",
        "200303": "68.81",
        "200304": "67.73",
        "200305": "67.50",
        "200306": "78.50",
        "200307": "63.74",
        "200308": "69.24",
        "200309": "65.71",
        "200310": "66.23",
        "200311": "66.20",
        "200312": "81.22",
        "200401": "92.93",
        "200402": "90.02",
        "200403": "82.76",
        "200404": "79.16",
        "200405": "68.17",
        "200406": "67.17",
        "200407": "55.99",
        "200408": "47.84",
        "200409": "49.42",
        "200410": "44.18",
        "200411": "46.32",
        "200412": "46.61",
        "200501": "43.48",
        "200502": "43.31",
        "200503": "50.02",
        "200504": "51.58",
        "200505": "44.46",
        "200506": "49.44",
        "200507": "52.87",
        "200508": "40.51",
        "200509": "31.34",
        "200510": "29.16",
        "200511": "28.65",
        "200512": "36.12",
        "200601": "38.46",
        "200602": "34.31",
        "200603": "35.43",
        "200604": "46.87",
        "200605": "50.48",
        "200606": "40.84",
        "200607": "43.11",
        "200608": "39.91",
        "200609": "43.78",
        "200610": "43.62",
        "200611": "51.08",
        "200612": "60.20",
        "200701": "102.14",
        "200702": "117.88",
        "200703": "117.04",
        "200704": "94.84",
        "200705": "114.86",
        "200706": "129.18",
        "200707": "156.89",
        "200708": "163.89",
        "200709": "169.00",
        "200710": "154.39",
        "200711": "99.86",
        "200712": "77.59",
        "200801": "66.85",
        "200802": "55.23",
        "200803": "73.14",
        "200804": "77.07",
        "200805": "76.14",
        "200806": "61.83",
        "200807": "78.29",
        "200808": "81.51",
        "200809": "58.09",
        "200810": "43.90",
        "200811": "32.23",
        "200812": "38.96",
        "200901": "40.88",
        "200902": "39.85",
        "200903": "42.22",
        "200904": "43.90",
        "200905": "50.78",
        "200906": "45.35",
        "200907": "44.85",
        "200908": "46.23",
        "200909": "46.10",
        "200910": "58.71",
        "200911": "83.33",
        "200912": "91.29",
        "201001": "136.74",
        "201002": "118.01",
        "201003": "131.96",
        "201004": "131.00",
        "201005": "100.51",
        "201006": "92.46",
        "201007": "109.91",
        "201008": "107.66",
        "201009": "134.81",
        "201010": "129.16",
        "201011": "72.37",
        "201012": "71.92",
        "201101": "66.34",
        "201102": "61.61",
        "201103": "62.12",
        "201104": "62.37",
        "201105": "55.79",
        "201106": "51.51",
        "201107": "50.83",
        "201108": "41.29",
        "201109": "37.11",
        "201110": "34.20",
        "201111": "27.88",
        "201112": "26.79",
        "201201": "26.99",
        "201202": "36.07",
        "201203": "34.10",
        "201204": "28.32",
        "201205": "26.89",
        "201206": "26.09",
        "201207": "26.60",
        "201208": "26.78",
        "201209": "27.55",
        "201210": "25.51",
        "201211": "22.98",
        "201212": "25.24",
        "201301": "25.71",
        "201302": "24.84",
        "201303": "25.65",
        "201304": "25.16",
        "201305": "26.46",
        "201306": "25.57",
        "201307": "24.87",
        "201308": "25.43",
        "201309": "25.72",
        "201310": "27.35",
        "201311": "25.81",
        "201312": "26.35",
        "201401": "31.28",
        "201402": "34.28",
        "201403": "32.97",
        "201404": "31.48",
        "201405": "29.50",
        "201406": "30.58",
        "201407": "36.13",
        "201408": "31.56",
        "201409": "32.19",
        "201410": "28.39",
        "201411": "27.60",
        "201412": "30.12",
        "201501": "32.45",
        "201502": "34.52",
        "201503": "40.60",
        "201504": "38.46",
        "201505": "35.88",
        "201506": "39.25",
        "201507": "36.93",
        "201508": "30.87",
        "201509": "30.16",
        "201510": "33.46",
        "201511": "32.15",
        "201512": "29.75",
        "201601": "26.47",
        "201602": "27.50",
        "201603": "28.40",
        "201604": "27.50",
        "201605": "26.31",
        "201606": "26.94",
        "201607": "28.34",
        "201608": "27.59",
        "201609": "28.09",
        "201610": "26.58",
        "201611": "26.27",
        "201612": "27.77",
        "201701": "28.91",
        "201702": "31.95",
        "201703": "34.71",
        "201704": "31.15",
        "201705": "31.26",
        "201706": "31.08",
        "201707": "29.50",
        "201708": "28.15",
        "201709": "30.10",
        "201710": "34.87",
        "201711": "32.08",
        "201712": "30.64",
        "201801": "31.45",
        "201802": "28.27",
        "201803": "28.83",
        "201804": "28.41",
        "201805": "28.29",
        "201806": "28.54",
        "201807": "27.08",
        "201808": "25.85",
        "201809": "24.92",
        "201810": "26.43",
        "201811": "27.96",
        "201812": "27.96",
        "201901": "26.51",
        "201902": "27.33",
        "201903": "28.50",
        "201904": "32.54",
        "201905": "29.98",
        "201906": "29.94",
        "201907": "30.13",
        "201908": "30.02",
        "201909": "30.11",
        "201910": "30.04",
        "201911": "30.11",
        "201912": "33.95",
        "202001": "31.57",
        "202002": "29.71",
        "202003": "25.95",
        "202004": "29.02",
        "202005": "32.37",
        "202006": "34.06",
        "202007": "35.27",
        "202008": "35.35",
        "202009": "34.39",
        "202010": "34.33",
        "202011": "34.65",
        "202012": "36.74",
        "202101": "37.42",
        "202102": "37.25",
        "202103": "41.30",
        "202104": "42.21",
        "202105": "37.36",
        "202106": "38.85",
        "202107": "36.72",
        "202108": "35.57",
        "202109": "35.20",
        "202110": "34.12",
        "202111": "36.70",
        "202112": "38.72",
        "202201": "40.69",
        "202202": "44.89",
        "202203": "43.26",
        "202204": "40.24",
        "202205": "38.16",
        "202206": "38.78",
        "202207": "35.40",
        "202208": "37.83",
        "202209": "38.84",
        "202210": "36.48",
        "202211": "37.87",
        "202212": "40.01",
        "202301": "41.05",
        "202302": "43.88",
        "202303": "46.21",
        "202304": "53.11",
        "202305": "55.56"
    },
    "quarters": {
        "20011": {
            "year_quarter": 20011,
            "year": 2001,
            "quarter": 1,
            "eps": null,
            "eps_growth_year": null,
            "eps_4q": null,
            "eps_4q_growth_year": null,
            "roe": null,
            "roe_4q": 0,
            "gross_profit": null,
            "gross_margin": null,
            "gross_margin_4q_avg": 0,
            "net_income": null,
            "revenue": null,
            "common_shares": null,
            "book_valuer_per_share": null,
            "book_valuer_per_share_4q_avg": 0,
            "equity": null,
            "current_ratio": null,
            "debt_ratio": null,
            "inventory_turnover_ratio": null,
            "account_receivable_turnover_ratio": null,
            "reinvestment_rate": null,
            "research_to_sale_ratio": null,
            "price_fair": 0,
            "eps_avg_yearly": 0,
            "eps_latest_yearly": 0,
            "eps_growth_yearly": 0
        },
        "20012": {
            "year_quarter": 20012,
            "year": 2001,
            "quarter": 2,
            "eps": null,
            "eps_growth_year": null,
            "eps_4q": null,
            "eps_4q_growth_year": null,
            "roe": null,
            "roe_4q": 0,
            "gross_profit": null,
            "gross_margin": null,
            "gross_margin_4q_avg": 0,
            "net_income": null,
            "revenue": null,
            "common_shares": null,
            "book_valuer_per_share": null,
            "book_valuer_per_share_4q_avg": 0,
            "equity": null,
            "current_ratio": null,
            "debt_ratio": null,
            "inventory_turnover_ratio": null,
            "account_receivable_turnover_ratio": null,
            "reinvestment_rate": null,
            "research_to_sale_ratio": null,
            "price_fair": 0,
            "eps_avg_yearly": 0,
            "eps_latest_yearly": 0,
            "eps_growth_yearly": 0
        },
        "20013": {
            "year_quarter": 20013,
            "year": 2001,
            "quarter": 3,
            "eps": null,
            "eps_growth_year": null,
            "eps_4q": null,
            "eps_4q_growth_year": null,
            "roe": null,
            "roe_4q": 0,
            "gross_profit": null,
            "gross_margin": null,
            "gross_margin_4q_avg": 0,
            "net_income": null,
            "revenue": null,
            "common_shares": null,
            "book_valuer_per_share": null,
            "book_valuer_per_share_4q_avg": 0,
            "equity": null,
            "current_ratio": null,
            "debt_ratio": null,
            "inventory_turnover_ratio": null,
            "account_receivable_turnover_ratio": null,
            "reinvestment_rate": null,
            "research_to_sale_ratio": null,
            "price_fair": 0,
            "eps_avg_yearly": 0,
            "eps_latest_yearly": 0,
            "eps_growth_yearly": 0
        },
        "20014": {
            "year_quarter": 20014,
            "year": 2001,
            "quarter": 4,
            "eps": null,
            "eps_growth_year": null,
            "eps_4q": null,
            "eps_4q_growth_year": null,
            "roe": null,
            "roe_4q": 0,
            "gross_profit": null,
            "gross_margin": null,
            "gross_margin_4q_avg": 0,
            "net_income": null,
            "revenue": null,
            "common_shares": 288000,
            "book_valuer_per_share": 26.21,
            "book_valuer_per_share_4q_avg": 6.55,
            "equity": 754753,
            "current_ratio": 283.1,
            "debt_ratio": 31.2,
            "inventory_turnover_ratio": null,
            "account_receivable_turnover_ratio": null,
            "reinvestment_rate": null,
            "research_to_sale_ratio": null,
            "price_fair": 0,
            "eps_avg_yearly": 0,
            "eps_latest_yearly": 0,
            "eps_growth_yearly": 0
        },
        "20021": {
            "year_quarter": 20021,
            "year": 2002,
            "quarter": 1,
            "eps": 1.99,
            "eps_growth_year": null,
            "eps_4q": null,
            "eps_4q_growth_year": null,
            "roe": 7.31,
            "roe_4q": 7.31,
            "gross_profit": 107204,
            "gross_margin": 23.7,
            "gross_margin_4q_avg": 5.93,
            "net_income": 57249,
            "revenue": 452428,
            "common_shares": 288000,
            "book_valuer_per_share": 28.19,
            "book_valuer_per_share_4q_avg": 13.6,
            "equity": 811967,
            "current_ratio": 213.76,
            "debt_ratio": 34.7,
            "inventory_turnover_ratio": 6.54,
            "account_receivable_turnover_ratio": null,
            "reinvestment_rate": null,
            "research_to_sale_ratio": null,
            "price_fair": 0,
            "eps_avg_yearly": 0,
            "eps_latest_yearly": 0,
            "eps_growth_yearly": 0
        },
        "20022": {
            "year_quarter": 20022,
            "year": 2002,
            "quarter": 2,
            "eps": 0.9,
            "eps_growth_year": null,
            "eps_4q": null,
            "eps_4q_growth_year": null,
            "roe": 4.66,
            "roe_4q": 11.969999999999999,
            "gross_profit": 102201,
            "gross_margin": 27.02,
            "gross_margin_4q_avg": 12.68,
            "net_income": 36967,
            "revenue": 378237,
            "common_shares": 288000,
            "book_valuer_per_share": 26.93,
            "book_valuer_per_share_4q_avg": 20.33,
            "equity": 775475,
            "current_ratio": 190.09,
            "debt_ratio": 36.82,
            "inventory_turnover_ratio": 4.99,
            "account_receivable_turnover_ratio": null,
            "reinvestment_rate": null,
            "research_to_sale_ratio": null,
            "price_fair": 10.8,
            "eps_avg_yearly": 3.6,
            "eps_latest_yearly": 3.6,
            "eps_growth_yearly": -219.1
        },
        "20023": {
            "year_quarter": 20023,
            "year": 2002,
            "quarter": 3,
            "eps": 0.97,
            "eps_growth_year": null,
            "eps_4q": null,
            "eps_4q_growth_year": null,
            "roe": 6.6,
            "roe_4q": 18.57,
            "gross_profit": 96542,
            "gross_margin": 24.63,
            "gross_margin_4q_avg": 18.84,
            "net_income": 53125,
            "revenue": 391978,
            "common_shares": 412100,
            "book_valuer_per_share": 20.22,
            "book_valuer_per_share_4q_avg": 25.39,
            "equity": 833438,
            "current_ratio": 235.79,
            "debt_ratio": 29.08,
            "inventory_turnover_ratio": 5.6,
            "account_receivable_turnover_ratio": null,
            "reinvestment_rate": null,
            "research_to_sale_ratio": null,
            "price_fair": 11.22,
            "eps_avg_yearly": 3.74,
            "eps_latest_yearly": 3.88,
            "eps_growth_yearly": -93.99
        },
        "20024": {
            "year_quarter": 20024,
            "year": 2002,
            "quarter": 4,
            "eps": 1.75,
            "eps_growth_year": null,
            "eps_4q": 5.33,
            "eps_4q_growth_year": null,
            "roe": 8.3,
            "roe_4q": 26.87,
            "gross_profit": 123674,
            "gross_margin": 22.49,
            "gross_margin_4q_avg": 24.46,
            "net_income": 72092,
            "revenue": 549884,
            "common_shares": 412100,
            "book_valuer_per_share": 21.94,
            "book_valuer_per_share_4q_avg": 24.32,
            "equity": 904096,
            "current_ratio": 315.72,
            "debt_ratio": 26.83,
            "inventory_turnover_ratio": 5.73,
            "account_receivable_turnover_ratio": null,
            "reinvestment_rate": null,
            "research_to_sale_ratio": null,
            "price_fair": 168.93,
            "eps_avg_yearly": 4.83,
            "eps_latest_yearly": 7,
            "eps_growth_yearly": 44.56
        },
        "20031": {
            "year_quarter": 20031,
            "year": 2003,
            "quarter": 1,
            "eps": 1.71,
            "eps_growth_year": -14.07,
            "eps_4q": 5.64,
            "eps_4q_growth_year": null,
            "roe": 7.51,
            "roe_4q": 27.07,
            "gross_profit": 118245,
            "gross_margin": 21.15,
            "gross_margin_4q_avg": 23.82,
            "net_income": 70541,
            "revenue": 559091,
            "common_shares": 412100,
            "book_valuer_per_share": 23.65,
            "book_valuer_per_share_4q_avg": 23.19,
            "equity": 974788,
            "current_ratio": 291.66,
            "debt_ratio": 24.35,
            "inventory_turnover_ratio": 6.25,
            "account_receivable_turnover_ratio": null,
            "reinvestment_rate": null,
            "research_to_sale_ratio": null,
            "price_fair": 186.55,
            "eps_avg_yearly": 5.33,
            "eps_latest_yearly": 6.84,
            "eps_growth_yearly": 31.13
        },
        "20032": {
            "year_quarter": 20032,
            "year": 2003,
            "quarter": 2,
            "eps": 1.3,
            "eps_growth_year": 44.44,
            "eps_4q": 4.9,
            "eps_4q_growth_year": null,
            "roe": 7.35,
            "roe_4q": 29.759999999999998,
            "gross_profit": 111485,
            "gross_margin": 23,
            "gross_margin_4q_avg": 22.82,
            "net_income": 70739,
            "revenue": 484651,
            "common_shares": 412100,
            "book_valuer_per_share": 23.05,
            "book_valuer_per_share_4q_avg": 22.22,
            "equity": 950059,
            "current_ratio": 251.44,
            "debt_ratio": 27.99,
            "inventory_turnover_ratio": 8.39,
            "account_receivable_turnover_ratio": null,
            "reinvestment_rate": null,
            "research_to_sale_ratio": null,
            "price_fair": 83.4,
            "eps_avg_yearly": 5.3,
            "eps_latest_yearly": 5.2,
            "eps_growth_yearly": 5.72
        },
        "20033": {
            "year_quarter": 20033,
            "year": 2003,
            "quarter": 3,
            "eps": 1.47,
            "eps_growth_year": 51.55,
            "eps_4q": 5.38,
            "eps_4q_growth_year": null,
            "roe": 8.11,
            "roe_4q": 31.27,
            "gross_profit": 117699,
            "gross_margin": 22.41,
            "gross_margin_4q_avg": 22.26,
            "net_income": 80187,
            "revenue": 525189,
            "common_shares": 546130,
            "book_valuer_per_share": 18.81,
            "book_valuer_per_share_4q_avg": 21.86,
            "equity": 1027158,
            "current_ratio": 323.37,
            "debt_ratio": 20.91,
            "inventory_turnover_ratio": 7.08,
            "account_receivable_turnover_ratio": null,
            "reinvestment_rate": null,
            "research_to_sale_ratio": null,
            "price_fair": 126.83,
            "eps_avg_yearly": 5.4,
            "eps_latest_yearly": 5.88,
            "eps_growth_yearly": 13.49
        },
        "20034": {
            "year_quarter": 20034,
            "year": 2003,
            "quarter": 4,
            "eps": 1.93,
            "eps_growth_year": 10.29,
            "eps_4q": 5.99,
            "eps_4q_growth_year": 12.53,
            "roe": 9.74,
            "roe_4q": 32.71,
            "gross_profit": 147222,
            "gross_margin": 19,
            "gross_margin_4q_avg": 21.39,
            "net_income": 105180,
            "revenue": 775011,
            "common_shares": 546130,
            "book_valuer_per_share": 20.75,
            "book_valuer_per_share_4q_avg": 21.57,
            "equity": 1133407,
            "current_ratio": 342.71,
            "debt_ratio": 49.95,
            "inventory_turnover_ratio": 4.12,
            "account_receivable_turnover_ratio": null,
            "reinvestment_rate": null,
            "research_to_sale_ratio": null,
            "price_fair": 200.6,
            "eps_avg_yearly": 5.73,
            "eps_latest_yearly": 7.72,
            "eps_growth_yearly": 29.44
        },
        "20041": {
            "year_quarter": 20041,
            "year": 2004,
            "quarter": 1,
            "eps": 1.85,
            "eps_growth_year": 8.19,
            "eps_4q": 6.55,
            "eps_4q_growth_year": 16.06,
            "roe": 8.53,
            "roe_4q": 33.73,
            "gross_profit": 140744,
            "gross_margin": 18.08,
            "gross_margin_4q_avg": 20.62,
            "net_income": 100860,
            "revenue": 778329,
            "common_shares": 546130,
            "book_valuer_per_share": 22.53,
            "book_valuer_per_share_4q_avg": 21.29,
            "equity": 1230433,
            "current_ratio": 457,
            "debt_ratio": 41.79,
            "inventory_turnover_ratio": 3.7,
            "account_receivable_turnover_ratio": null,
            "reinvestment_rate": null,
            "research_to_sale_ratio": null,
            "price_fair": 200.11,
            "eps_avg_yearly": 5.94,
            "eps_latest_yearly": 7.4,
            "eps_growth_yearly": 23.69
        },
        "20042": {
            "year_quarter": 20042,
            "year": 2004,
            "quarter": 2,
            "eps": 1.3,
            "eps_growth_year": 0,
            "eps_4q": 5.39,
            "eps_4q_growth_year": 10.03,
            "roe": 7.67,
            "roe_4q": 34.05,
            "gross_profit": 123015,
            "gross_margin": 17.76,
            "gross_margin_4q_avg": 19.31,
            "net_income": 91003,
            "revenue": 692686,
            "common_shares": 546130,
            "book_valuer_per_share": 20.92,
            "book_valuer_per_share_4q_avg": 20.75,
            "equity": 1142601,
            "current_ratio": 256.16,
            "debt_ratio": 48.51,
            "inventory_turnover_ratio": 5.18,
            "account_receivable_turnover_ratio": null,
            "reinvestment_rate": null,
            "research_to_sale_ratio": null,
            "price_fair": 104.53,
            "eps_avg_yearly": 5.86,
            "eps_latest_yearly": 5.2,
            "eps_growth_yearly": 7.84
        },
        "20043": {
            "year_quarter": 20043,
            "year": 2004,
            "quarter": 3,
            "eps": 1.3,
            "eps_growth_year": -11.56,
            "eps_4q": 5.5,
            "eps_4q_growth_year": 2.19,
            "roe": 7.68,
            "roe_4q": 33.62,
            "gross_profit": 110299,
            "gross_margin": 16.86,
            "gross_margin_4q_avg": 17.93,
            "net_income": 91950,
            "revenue": 654050,
            "common_shares": 708663,
            "book_valuer_per_share": 17.65,
            "book_valuer_per_share_4q_avg": 20.46,
            "equity": 1250786,
            "current_ratio": 343.1,
            "debt_ratio": 42.44,
            "inventory_turnover_ratio": 4.81,
            "account_receivable_turnover_ratio": null,
            "reinvestment_rate": null,
            "research_to_sale_ratio": null,
            "price_fair": 98.81,
            "eps_avg_yearly": 5.79,
            "eps_latest_yearly": 5.2,
            "eps_growth_yearly": 7.06
        },
        "20044": {
            "year_quarter": 20044,
            "year": 2004,
            "quarter": 4,
            "eps": 0.41,
            "eps_growth_year": -78.76,
            "eps_4q": 4.45,
            "eps_4q_growth_year": -25.76,
            "roe": 2.29,
            "roe_4q": 26.17,
            "gross_profit": 94027,
            "gross_margin": 10.55,
            "gross_margin_4q_avg": 15.81,
            "net_income": 28804,
            "revenue": 891026,
            "common_shares": 710653,
            "book_valuer_per_share": 17.85,
            "book_valuer_per_share_4q_avg": 19.74,
            "equity": 1268643,
            "current_ratio": 165.98,
            "debt_ratio": 48.86,
            "inventory_turnover_ratio": 4.49,
            "account_receivable_turnover_ratio": null,
            "reinvestment_rate": null,
            "research_to_sale_ratio": null,
            "price_fair": 16.24,
            "eps_avg_yearly": 5.41,
            "eps_latest_yearly": 1.64,
            "eps_growth_yearly": -18.48
        },
        "20051": {
            "year_quarter": 20051,
            "year": 2005,
            "quarter": 1,
            "eps": 0.87,
            "eps_growth_year": -52.97,
            "eps_4q": 3.84,
            "eps_4q_growth_year": -41.39,
            "roe": 4.76,
            "roe_4q": 22.4,
            "gross_profit": 51085,
            "gross_margin": 7.64,
            "gross_margin_4q_avg": 13.2,
            "net_income": 62088,
            "revenue": 668898,
            "common_shares": 712736,
            "book_valuer_per_share": 18.82,
            "book_valuer_per_share_4q_avg": 18.81,
            "equity": 1341141,
            "current_ratio": 128.91,
            "debt_ratio": 42.63,
            "inventory_turnover_ratio": 3.88,
            "account_receivable_turnover_ratio": null,
            "reinvestment_rate": null,
            "research_to_sale_ratio": null,
            "price_fair": 160.02,
            "eps_avg_yearly": 5.25,
            "eps_latest_yearly": 3.48,
            "eps_growth_yearly": 20.46
        },
        "20052": {
            "year_quarter": 20052,
            "year": 2005,
            "quarter": 2,
            "eps": 0.05,
            "eps_growth_year": -96.15,
            "eps_4q": 2.11,
            "eps_4q_growth_year": -60.86,
            "roe": 0.35,
            "roe_4q": 15.079999999999998,
            "gross_profit": 81798,
            "gross_margin": 11.38,
            "gross_margin_4q_avg": 11.61,
            "net_income": 4440,
            "revenue": 718876,
            "common_shares": 713577,
            "book_valuer_per_share": 17.25,
            "book_valuer_per_share_4q_avg": 17.89,
            "equity": 1230657,
            "current_ratio": 112.63,
            "debt_ratio": 47.83,
            "inventory_turnover_ratio": 8.94,
            "account_receivable_turnover_ratio": null,
            "reinvestment_rate": null,
            "research_to_sale_ratio": null,
            "price_fair": 14.59,
            "eps_avg_yearly": 4.86,
            "eps_latest_yearly": 0.2,
            "eps_growth_yearly": -10.11
        },
        "20053": {
            "year_quarter": 20053,
            "year": 2005,
            "quarter": 3,
            "eps": 0.43,
            "eps_growth_year": -66.92,
            "eps_4q": 1.58,
            "eps_4q_growth_year": -71.29,
            "roe": 2.76,
            "roe_4q": 10.16,
            "gross_profit": 94240,
            "gross_margin": 15.36,
            "gross_margin_4q_avg": 11.23,
            "net_income": 35676,
            "revenue": 613495,
            "common_shares": 843533,
            "book_valuer_per_share": 16.08,
            "book_valuer_per_share_4q_avg": 17.5,
            "equity": 1356305,
            "current_ratio": 137.51,
            "debt_ratio": 40.53,
            "inventory_turnover_ratio": 9.75,
            "account_receivable_turnover_ratio": null,
            "reinvestment_rate": null,
            "research_to_sale_ratio": null,
            "price_fair": 162.4,
            "eps_avg_yearly": 4.64,
            "eps_latest_yearly": 1.72,
            "eps_growth_yearly": 207.75
        },
        "20054": {
            "year_quarter": 20054,
            "year": 2005,
            "quarter": 4,
            "eps": 0.65,
            "eps_growth_year": 58.54,
            "eps_4q": 1.86,
            "eps_4q_growth_year": -58.18,
            "roe": 3.97,
            "roe_4q": 11.84,
            "gross_profit": 165354,
            "gross_margin": 14.46,
            "gross_margin_4q_avg": 12.21,
            "net_income": 54852,
            "revenue": 1143306,
            "common_shares": 849667,
            "book_valuer_per_share": 16.56,
            "book_valuer_per_share_4q_avg": 17.18,
            "equity": 1406702,
            "current_ratio": 162.8,
            "debt_ratio": 49.73,
            "inventory_turnover_ratio": 4.47,
            "account_receivable_turnover_ratio": null,
            "reinvestment_rate": 43.01,
            "research_to_sale_ratio": null,
            "price_fair": 157.64,
            "eps_avg_yearly": 4.5,
            "eps_latest_yearly": 2.6,
            "eps_growth_yearly": 207.54
        },
        "20061": {
            "year_quarter": 20061,
            "year": 2006,
            "quarter": 1,
            "eps": 2.02,
            "eps_growth_year": 132.18,
            "eps_4q": 3.15,
            "eps_4q_growth_year": -17.81,
            "roe": 11.03,
            "roe_4q": 18.11,
            "gross_profit": 160781,
            "gross_margin": 15.96,
            "gross_margin_4q_avg": 14.29,
            "net_income": 169175,
            "revenue": 1007666,
            "common_shares": 870392,
            "book_valuer_per_share": 19.09,
            "book_valuer_per_share_4q_avg": 17.25,
            "equity": 1661180,
            "current_ratio": 175.37,
            "debt_ratio": 27.92,
            "inventory_turnover_ratio": 4,
            "account_receivable_turnover_ratio": null,
            "reinvestment_rate": 14.33,
            "research_to_sale_ratio": null,
            "price_fair": 165.46,
            "eps_avg_yearly": 4.73,
            "eps_latest_yearly": 8.08,
            "eps_growth_yearly": 247.27
        },
        "20062": {
            "year_quarter": 20062,
            "year": 2006,
            "quarter": 2,
            "eps": 0.32,
            "eps_growth_year": 540,
            "eps_4q": 2.96,
            "eps_4q_growth_year": 40.39,
            "roe": 1.9,
            "roe_4q": 19.659999999999997,
            "gross_profit": 118429,
            "gross_margin": 14.84,
            "gross_margin_4q_avg": 15.16,
            "net_income": 31469,
            "revenue": 797794,
            "common_shares": 872010,
            "book_valuer_per_share": 18.93,
            "book_valuer_per_share_4q_avg": 17.67,
            "equity": 1651147,
            "current_ratio": 143.11,
            "debt_ratio": 29.21,
            "inventory_turnover_ratio": 15.54,
            "account_receivable_turnover_ratio": null,
            "reinvestment_rate": 16.14,
            "research_to_sale_ratio": null,
            "price_fair": 160.39,
            "eps_avg_yearly": 4.58,
            "eps_latest_yearly": 1.28,
            "eps_growth_yearly": 239.92
        },
        "20063": {
            "year_quarter": 20063,
            "year": 2006,
            "quarter": 3,
            "eps": 1.43,
            "eps_growth_year": 232.56,
            "eps_4q": 4,
            "eps_4q_growth_year": 153.09,
            "roe": 8.25,
            "roe_4q": 25.15,
            "gross_profit": 166221,
            "gross_margin": 16.67,
            "gross_margin_4q_avg": 15.48,
            "net_income": 142363,
            "revenue": 997160,
            "common_shares": 1013087,
            "book_valuer_per_share": 17.79,
            "book_valuer_per_share_4q_avg": 18.09,
            "equity": 1801908,
            "current_ratio": 143.18,
            "debt_ratio": 33.16,
            "inventory_turnover_ratio": 15.13,
            "account_receivable_turnover_ratio": null,
            "reinvestment_rate": 14.58,
            "research_to_sale_ratio": null,
            "price_fair": 164.41,
            "eps_avg_yearly": 4.7,
            "eps_latest_yearly": 5.72,
            "eps_growth_yearly": 324.69
        },
        "20064": {
            "year_quarter": 20064,
            "year": 2006,
            "quarter": 4,
            "eps": 0.96,
            "eps_growth_year": 47.69,
            "eps_4q": 4.4,
            "eps_4q_growth_year": 136.24,
            "roe": 4.96,
            "roe_4q": 26.14,
            "gross_profit": 96123,
            "gross_margin": 8.46,
            "gross_margin_4q_avg": 13.98,
            "net_income": 95814,
            "revenue": 1136064,
            "common_shares": 1014375,
            "book_valuer_per_share": 20.33,
            "book_valuer_per_share_4q_avg": 19.04,
            "equity": 2062636,
            "current_ratio": 227.09,
            "debt_ratio": 35.99,
            "inventory_turnover_ratio": 4.25,
            "account_receivable_turnover_ratio": null,
            "reinvestment_rate": 34.87,
            "research_to_sale_ratio": null,
            "price_fair": 157.5,
            "eps_avg_yearly": 4.5,
            "eps_latest_yearly": 3.84,
            "eps_growth_yearly": 296.37
        },
        "20071": {
            "year_quarter": 20071,
            "year": 2007,
            "quarter": 1,
            "eps": 0.95,
            "eps_growth_year": -52.97,
            "eps_4q": 3.51,
            "eps_4q_growth_year": 11.31,
            "roe": 4.67,
            "roe_4q": 19.779999999999998,
            "gross_profit": 105444,
            "gross_margin": 14.54,
            "gross_margin_4q_avg": 13.63,
            "net_income": 100037,
            "revenue": 725129,
            "common_shares": 1064556,
            "book_valuer_per_share": 20.84,
            "book_valuer_per_share_4q_avg": 19.47,
            "equity": 2218379,
            "current_ratio": 123.17,
            "debt_ratio": 26.28,
            "inventory_turnover_ratio": 2.34,
            "account_receivable_turnover_ratio": null,
            "reinvestment_rate": 15.2,
            "research_to_sale_ratio": null,
            "price_fair": 150.85,
            "eps_avg_yearly": 4.31,
            "eps_latest_yearly": 3.8,
            "eps_growth_yearly": 296.68
        },
        "20072": {
            "year_quarter": 20072,
            "year": 2007,
            "quarter": 2,
            "eps": 0.88,
            "eps_growth_year": 175,
            "eps_4q": 3.69,
            "eps_4q_growth_year": 24.67,
            "roe": 5.04,
            "roe_4q": 22.92,
            "gross_profit": 99194,
            "gross_margin": 11.68,
            "gross_margin_4q_avg": 12.84,
            "net_income": 105874,
            "revenue": 849353,
            "common_shares": 1064612,
            "book_valuer_per_share": 18.64,
            "book_valuer_per_share_4q_avg": 19.4,
            "equity": 1984500,
            "current_ratio": 85.39,
            "debt_ratio": 39.4,
            "inventory_turnover_ratio": 8.22,
            "account_receivable_turnover_ratio": null,
            "reinvestment_rate": 14.59,
            "research_to_sale_ratio": null,
            "price_fair": 147.18,
            "eps_avg_yearly": 4.21,
            "eps_latest_yearly": 3.52,
            "eps_growth_yearly": 300.84
        },
        "20073": {
            "year_quarter": 20073,
            "year": 2007,
            "quarter": 3,
            "eps": 0.78,
            "eps_growth_year": -45.45,
            "eps_4q": 3.3,
            "eps_4q_growth_year": -17.45,
            "roe": 4.6,
            "roe_4q": 19.27,
            "gross_profit": 151584,
            "gross_margin": 13.99,
            "gross_margin_4q_avg": 12.17,
            "net_income": 93421,
            "revenue": 1083752,
            "common_shares": 1203573,
            "book_valuer_per_share": 17.24,
            "book_valuer_per_share_4q_avg": 19.26,
            "equity": 2074560,
            "current_ratio": 86.21,
            "debt_ratio": 39.19,
            "inventory_turnover_ratio": 12.25,
            "account_receivable_turnover_ratio": null,
            "reinvestment_rate": 13.84,
            "research_to_sale_ratio": null,
            "price_fair": 141.14,
            "eps_avg_yearly": 4.03,
            "eps_latest_yearly": 3.12,
            "eps_growth_yearly": 294.73
        },
        "20074": {
            "year_quarter": 20074,
            "year": 2007,
            "quarter": 4,
            "eps": 1.02,
            "eps_growth_year": 6.25,
            "eps_4q": 3.48,
            "eps_4q_growth_year": -20.93,
            "roe": 4.72,
            "roe_4q": 19.03,
            "gross_profit": 181505,
            "gross_margin": 13.1,
            "gross_margin_4q_avg": 13.33,
            "net_income": 124300,
            "revenue": 1385253,
            "common_shares": 1283573,
            "book_valuer_per_share": 24.39,
            "book_valuer_per_share_4q_avg": 20.28,
            "equity": 3190468,
            "current_ratio": 258.92,
            "debt_ratio": 32.31,
            "inventory_turnover_ratio": 4.44,
            "account_receivable_turnover_ratio": null,
            "reinvestment_rate": 41.23,
            "research_to_sale_ratio": null,
            "price_fair": 133.18,
            "eps_avg_yearly": 3.81,
            "eps_latest_yearly": 4.08,
            "eps_growth_yearly": 294.6
        },
        "20081": {
            "year_quarter": 20081,
            "year": 2008,
            "quarter": 1,
            "eps": 0.6,
            "eps_growth_year": -36.84,
            "eps_4q": 3.1,
            "eps_4q_growth_year": -11.59,
            "roe": 2.44,
            "roe_4q": 16.8,
            "gross_profit": 239854,
            "gross_margin": 18.36,
            "gross_margin_4q_avg": 14.28,
            "net_income": 77461,
            "revenue": 1306201,
            "common_shares": 1283573,
            "book_valuer_per_share": 24.08,
            "book_valuer_per_share_4q_avg": 21.09,
            "equity": 3150304,
            "current_ratio": 348.52,
            "debt_ratio": 24.39,
            "inventory_turnover_ratio": 2.29,
            "account_receivable_turnover_ratio": null,
            "reinvestment_rate": 43.49,
            "research_to_sale_ratio": null,
            "price_fair": 122.24,
            "eps_avg_yearly": 3.49,
            "eps_latest_yearly": 2.4,
            "eps_growth_yearly": 285.34
        },
        "20082": {
            "year_quarter": 20082,
            "year": 2008,
            "quarter": 2,
            "eps": 0.07,
            "eps_growth_year": -92.05,
            "eps_4q": 1.76,
            "eps_4q_growth_year": -52.3,
            "roe": 0.4,
            "roe_4q": 12.16,
            "gross_profit": 194293,
            "gross_margin": 18.38,
            "gross_margin_4q_avg": 15.96,
            "net_income": 12157,
            "revenue": 1056978,
            "common_shares": 1285823,
            "book_valuer_per_share": 22.26,
            "book_valuer_per_share_4q_avg": 21.99,
            "equity": 2922308,
            "current_ratio": 277.89,
            "debt_ratio": 29.5,
            "inventory_turnover_ratio": 1.91,
            "account_receivable_turnover_ratio": null,
            "reinvestment_rate": 39.15,
            "research_to_sale_ratio": null,
            "price_fair": 111.48,
            "eps_avg_yearly": 3.19,
            "eps_latest_yearly": 0.28,
            "eps_growth_yearly": 270.69
        },
        "20083": {
            "year_quarter": 20083,
            "year": 2008,
            "quarter": 3,
            "eps": -0.16,
            "eps_growth_year": -120.51,
            "eps_4q": 1.28,
            "eps_4q_growth_year": -61.18,
            "roe": -0.45,
            "roe_4q": 7.109999999999999,
            "gross_profit": 162659,
            "gross_margin": 14.77,
            "gross_margin_4q_avg": 16.15,
            "net_income": -13455,
            "revenue": 1101574,
            "common_shares": 1474980,
            "book_valuer_per_share": 19.94,
            "book_valuer_per_share_4q_avg": 22.67,
            "equity": 3003167,
            "current_ratio": 302.42,
            "debt_ratio": 24.94,
            "inventory_turnover_ratio": 2.12,
            "account_receivable_turnover_ratio": null,
            "reinvestment_rate": 44.49,
            "research_to_sale_ratio": null,
            "price_fair": 106.77,
            "eps_avg_yearly": 3.05,
            "eps_latest_yearly": 0.28,
            "eps_growth_yearly": 288.73
        },
        "20084": {
            "year_quarter": 20084,
            "year": 2008,
            "quarter": 4,
            "eps": -0.51,
            "eps_growth_year": -150,
            "eps_4q": -0.52,
            "eps_4q_growth_year": -115.08,
            "roe": -2.49,
            "roe_4q": -0.10000000000000053,
            "gross_profit": 204351,
            "gross_margin": 20.94,
            "gross_margin_4q_avg": 18.11,
            "net_income": -74857,
            "revenue": 975705,
            "common_shares": 1474980,
            "book_valuer_per_share": 19.76,
            "book_valuer_per_share_4q_avg": 21.51,
            "equity": 3014314,
            "current_ratio": 350.36,
            "debt_ratio": 20.51,
            "inventory_turnover_ratio": 1.91,
            "account_receivable_turnover_ratio": 2.46,
            "reinvestment_rate": 24.25,
            "research_to_sale_ratio": null,
            "price_fair": 110.3,
            "eps_avg_yearly": 3.15,
            "eps_latest_yearly": 0.28,
            "eps_growth_yearly": 328.92
        },
        "20091": {
            "year_quarter": 20091,
            "year": 2009,
            "quarter": 1,
            "eps": 0.3,
            "eps_growth_year": -50,
            "eps_4q": -0.3,
            "eps_4q_growth_year": -109.76,
            "roe": 1.36,
            "roe_4q": -1.1800000000000002,
            "gross_profit": 162474,
            "gross_margin": 18.8,
            "gross_margin_4q_avg": 18.22,
            "net_income": 42319,
            "revenue": 864101,
            "common_shares": 1474980,
            "book_valuer_per_share": 20.65,
            "book_valuer_per_share_4q_avg": 20.65,
            "equity": 3187912,
            "current_ratio": 480.42,
            "debt_ratio": 17.22,
            "inventory_turnover_ratio": 1.9,
            "account_receivable_turnover_ratio": 1.09,
            "reinvestment_rate": 42.99,
            "research_to_sale_ratio": null,
            "price_fair": 109.42,
            "eps_avg_yearly": 3.13,
            "eps_latest_yearly": 0.28,
            "eps_growth_yearly": 319.7
        },
        "20092": {
            "year_quarter": 20092,
            "year": 2009,
            "quarter": 2,
            "eps": 0.4,
            "eps_growth_year": 471.43,
            "eps_4q": 0.04,
            "eps_4q_growth_year": -97.73,
            "roe": 1.79,
            "roe_4q": 0.21000000000000013,
            "gross_profit": 177545,
            "gross_margin": 15.69,
            "gross_margin_4q_avg": 17.55,
            "net_income": 57144,
            "revenue": 1131252,
            "common_shares": 1474980,
            "book_valuer_per_share": 20.65,
            "book_valuer_per_share_4q_avg": 20.25,
            "equity": 3186024,
            "current_ratio": 454.65,
            "debt_ratio": 18.18,
            "inventory_turnover_ratio": 2.81,
            "account_receivable_turnover_ratio": 1.45,
            "reinvestment_rate": 34.42,
            "research_to_sale_ratio": null,
            "price_fair": 113.18,
            "eps_avg_yearly": 3.23,
            "eps_latest_yearly": 1.6,
            "eps_growth_yearly": 358.95
        },
        "20093": {
            "year_quarter": 20093,
            "year": 2009,
            "quarter": 3,
            "eps": 0.53,
            "eps_growth_year": null,
            "eps_4q": 0.77,
            "eps_4q_growth_year": -39.95,
            "roe": 2.32,
            "roe_4q": 2.9799999999999995,
            "gross_profit": 216838,
            "gross_margin": 16.42,
            "gross_margin_4q_avg": 17.96,
            "net_income": 74469,
            "revenue": 1320896,
            "common_shares": 1474980,
            "book_valuer_per_share": 20.94,
            "book_valuer_per_share_4q_avg": 20.5,
            "equity": 3221511,
            "current_ratio": 428.6,
            "debt_ratio": 19.95,
            "inventory_turnover_ratio": 3.31,
            "account_receivable_turnover_ratio": 1.6,
            "reinvestment_rate": 32.81,
            "research_to_sale_ratio": null,
            "price_fair": 114.26,
            "eps_avg_yearly": 3.26,
            "eps_latest_yearly": 2.12,
            "eps_growth_yearly": 135.11
        },
        "20094": {
            "year_quarter": 20094,
            "year": 2009,
            "quarter": 4,
            "eps": 0.04,
            "eps_growth_year": null,
            "eps_4q": 1.28,
            "eps_4q_growth_year": null,
            "roe": 0.16,
            "roe_4q": 5.63,
            "gross_profit": 100136,
            "gross_margin": 7.73,
            "gross_margin_4q_avg": 14.66,
            "net_income": 5299,
            "revenue": 1295724,
            "common_shares": 1474980,
            "book_valuer_per_share": 20.97,
            "book_valuer_per_share_4q_avg": 20.8,
            "equity": 3226318,
            "current_ratio": 408.75,
            "debt_ratio": 20.67,
            "inventory_turnover_ratio": 3.36,
            "account_receivable_turnover_ratio": 3.03,
            "reinvestment_rate": 12.97,
            "research_to_sale_ratio": null,
            "price_fair": 107.69,
            "eps_avg_yearly": 3.08,
            "eps_latest_yearly": 0.16,
            "eps_growth_yearly": 90.92
        },
        "20101": {
            "year_quarter": 20101,
            "year": 2010,
            "quarter": 1,
            "eps": 0.14,
            "eps_growth_year": -53.33,
            "eps_4q": 1.11,
            "eps_4q_growth_year": null,
            "roe": 0.51,
            "roe_4q": 4.779999999999999,
            "gross_profit": 158140,
            "gross_margin": 11.3,
            "gross_margin_4q_avg": 12.79,
            "net_income": 16404,
            "revenue": 1399205,
            "common_shares": 1474980,
            "book_valuer_per_share": 20.95,
            "book_valuer_per_share_4q_avg": 20.88,
            "equity": 3218657,
            "current_ratio": 389.39,
            "debt_ratio": 21.85,
            "inventory_turnover_ratio": 3.11,
            "account_receivable_turnover_ratio": 1.65,
            "reinvestment_rate": 41.13,
            "research_to_sale_ratio": 2.22,
            "price_fair": 87.45,
            "eps_avg_yearly": 2.5,
            "eps_latest_yearly": 0.56,
            "eps_growth_yearly": 102.99
        },
        "20102": {
            "year_quarter": 20102,
            "year": 2010,
            "quarter": 2,
            "eps": 0.22,
            "eps_growth_year": -44.46,
            "eps_4q": 0.87,
            "eps_4q_growth_year": 2063.41,
            "roe": 1.27,
            "roe_4q": 4.26,
            "gross_profit": 172932,
            "gross_margin": 14.9,
            "gross_margin_4q_avg": 12.59,
            "net_income": 40942,
            "revenue": 1160336,
            "common_shares": 1474980,
            "book_valuer_per_share": 21.02,
            "book_valuer_per_share_4q_avg": 20.97,
            "equity": 3243725,
            "current_ratio": 382.99,
            "debt_ratio": 20.77,
            "inventory_turnover_ratio": 2.29,
            "account_receivable_turnover_ratio": 1.3,
            "reinvestment_rate": 41.22,
            "research_to_sale_ratio": 3.01,
            "price_fair": 86.37,
            "eps_avg_yearly": 2.47,
            "eps_latest_yearly": 0.88,
            "eps_growth_yearly": 146.47
        },
        "20103": {
            "year_quarter": 20103,
            "year": 2010,
            "quarter": 3,
            "eps": 0.47,
            "eps_growth_year": -10.61,
            "eps_4q": 0.85,
            "eps_4q_growth_year": 10.95,
            "roe": 2.33,
            "roe_4q": 4.2700000000000005,
            "gross_profit": 301024,
            "gross_margin": 20.33,
            "gross_margin_4q_avg": 13.57,
            "net_income": 76271,
            "revenue": 1481003,
            "common_shares": 1622478,
            "book_valuer_per_share": 19.47,
            "book_valuer_per_share_4q_avg": 20.6,
            "equity": 3299693,
            "current_ratio": 253.1,
            "debt_ratio": 28.96,
            "inventory_turnover_ratio": 2.48,
            "account_receivable_turnover_ratio": 1.42,
            "reinvestment_rate": 65.02,
            "research_to_sale_ratio": 2.12,
            "price_fair": 76.03,
            "eps_avg_yearly": 2.17,
            "eps_latest_yearly": 1.88,
            "eps_growth_yearly": 74.7
        },
        "20104": {
            "year_quarter": 20104,
            "year": 2010,
            "quarter": 4,
            "eps": -0.24,
            "eps_growth_year": -695.17,
            "eps_4q": 0.58,
            "eps_4q_growth_year": -54.46,
            "roe": -1.3,
            "roe_4q": 2.8099999999999996,
            "gross_profit": 195341,
            "gross_margin": 14.99,
            "gross_margin_4q_avg": 15.38,
            "net_income": -42133,
            "revenue": 1303523,
            "common_shares": 1622478,
            "book_valuer_per_share": 18.67,
            "book_valuer_per_share_4q_avg": 20.03,
            "equity": 3159368,
            "current_ratio": 325.74,
            "debt_ratio": 21.76,
            "inventory_turnover_ratio": 2.14,
            "account_receivable_turnover_ratio": 1.21,
            "reinvestment_rate": 31.85,
            "research_to_sale_ratio": 2.2,
            "price_fair": 71.17,
            "eps_avg_yearly": 2.03,
            "eps_latest_yearly": 1.88,
            "eps_growth_yearly": 91.88
        },
        "20111": {
            "year_quarter": 20111,
            "year": 2011,
            "quarter": 1,
            "eps": 0,
            "eps_growth_year": -100,
            "eps_4q": 0.46,
            "eps_4q_growth_year": -58.59,
            "roe": 0.03,
            "roe_4q": 2.33,
            "gross_profit": 139596,
            "gross_margin": 12.33,
            "gross_margin_4q_avg": 15.64,
            "net_income": 820,
            "revenue": 1132234,
            "common_shares": 1622478,
            "book_valuer_per_share": 18.89,
            "book_valuer_per_share_4q_avg": 19.51,
            "equity": 3184964,
            "current_ratio": 274.32,
            "debt_ratio": 26.43,
            "inventory_turnover_ratio": 1.9,
            "account_receivable_turnover_ratio": 1.14,
            "reinvestment_rate": 91.34,
            "research_to_sale_ratio": 2.54,
            "price_fair": 65.55,
            "eps_avg_yearly": 1.87,
            "eps_latest_yearly": 1.88,
            "eps_growth_yearly": 100.61
        },
        "20112": {
            "year_quarter": 20112,
            "year": 2011,
            "quarter": 2,
            "eps": -0.31,
            "eps_growth_year": -238.35,
            "eps_4q": -0.07,
            "eps_4q_growth_year": -108.01,
            "roe": -1.64,
            "roe_4q": -0.5800000000000001,
            "gross_profit": 139972,
            "gross_margin": 10.08,
            "gross_margin_4q_avg": 14.43,
            "net_income": -51280,
            "revenue": 1388601,
            "common_shares": 1622478,
            "book_valuer_per_share": 18.29,
            "book_valuer_per_share_4q_avg": 18.83,
            "equity": 3084382,
            "current_ratio": 257.75,
            "debt_ratio": 28.41,
            "inventory_turnover_ratio": 2.28,
            "account_receivable_turnover_ratio": 1.34,
            "reinvestment_rate": 116.96,
            "research_to_sale_ratio": 2.18,
            "price_fair": 59.78,
            "eps_avg_yearly": 1.71,
            "eps_latest_yearly": 1.88,
            "eps_growth_yearly": 113.62
        },
        "20113": {
            "year_quarter": 20113,
            "year": 2011,
            "quarter": 3,
            "eps": 0.17,
            "eps_growth_year": -63.58,
            "eps_4q": -0.34,
            "eps_4q_growth_year": -139.32,
            "roe": 1,
            "roe_4q": -1.91,
            "gross_profit": 199419,
            "gross_margin": 15.18,
            "gross_margin_4q_avg": 13.15,
            "net_income": 34128,
            "revenue": 1313477,
            "common_shares": 1734478,
            "book_valuer_per_share": 20.86,
            "book_valuer_per_share_4q_avg": 19.18,
            "equity": 3736855,
            "current_ratio": 413.52,
            "debt_ratio": 24.09,
            "inventory_turnover_ratio": 2,
            "account_receivable_turnover_ratio": 1.19,
            "reinvestment_rate": 137.55,
            "research_to_sale_ratio": 2.41,
            "price_fair": 54.29,
            "eps_avg_yearly": 1.55,
            "eps_latest_yearly": 1.88,
            "eps_growth_yearly": 131.3
        },
        "20114": {
            "year_quarter": 20114,
            "year": 2011,
            "quarter": 4,
            "eps": -0.26,
            "eps_growth_year": null,
            "eps_4q": -0.37,
            "eps_4q_growth_year": -163.73,
            "roe": -1.34,
            "roe_4q": -1.95,
            "gross_profit": 104796,
            "gross_margin": 11.16,
            "gross_margin_4q_avg": 12.19,
            "net_income": -49906,
            "revenue": 938847,
            "common_shares": 1734478,
            "book_valuer_per_share": 20.61,
            "book_valuer_per_share_4q_avg": 19.66,
            "equity": 3687658,
            "current_ratio": 465.68,
            "debt_ratio": 22.29,
            "inventory_turnover_ratio": 1.48,
            "account_receivable_turnover_ratio": 0.89,
            "reinvestment_rate": 38.6,
            "research_to_sale_ratio": 3,
            "price_fair": 43.23,
            "eps_avg_yearly": 1.24,
            "eps_latest_yearly": 1.88,
            "eps_growth_yearly": 132.32
        },
        "20121": {
            "year_quarter": 20121,
            "year": 2012,
            "quarter": 1,
            "eps": -0.03,
            "eps_growth_year": null,
            "eps_4q": -0.4,
            "eps_4q_growth_year": -187.22,
            "roe": -0.19,
            "roe_4q": -2.17,
            "gross_profit": 141378,
            "gross_margin": 15.7,
            "gross_margin_4q_avg": 13.03,
            "net_income": -7058,
            "revenue": 900526,
            "common_shares": 1734478,
            "book_valuer_per_share": 20.52,
            "book_valuer_per_share_4q_avg": 20.07,
            "equity": 3668430,
            "current_ratio": 441.93,
            "debt_ratio": 23.38,
            "inventory_turnover_ratio": 1.35,
            "account_receivable_turnover_ratio": 0.97,
            "reinvestment_rate": 70.69,
            "research_to_sale_ratio": 2.89,
            "price_fair": 37.4,
            "eps_avg_yearly": 1.07,
            "eps_latest_yearly": 1.88,
            "eps_growth_yearly": 174.76
        },
        "20122": {
            "year_quarter": 20122,
            "year": 2012,
            "quarter": 2,
            "eps": 0.1,
            "eps_growth_year": null,
            "eps_4q": -0.01,
            "eps_4q_growth_year": null,
            "roe": 0.46,
            "roe_4q": -0.07000000000000006,
            "gross_profit": 170467,
            "gross_margin": 16.99,
            "gross_margin_4q_avg": 14.76,
            "net_income": 16955,
            "revenue": 1003171,
            "common_shares": 1734478,
            "book_valuer_per_share": 20.62,
            "book_valuer_per_share_4q_avg": 20.65,
            "equity": 3686091,
            "current_ratio": 455.5,
            "debt_ratio": 23.09,
            "inventory_turnover_ratio": 1.55,
            "account_receivable_turnover_ratio": 1.12,
            "reinvestment_rate": 18.73,
            "research_to_sale_ratio": 2.6,
            "price_fair": 42,
            "eps_avg_yearly": 1.2,
            "eps_latest_yearly": 1.88,
            "eps_growth_yearly": 262.77
        },
        "20123": {
            "year_quarter": 20123,
            "year": 2012,
            "quarter": 3,
            "eps": 0.09,
            "eps_growth_year": -48.18,
            "eps_4q": -0.1,
            "eps_4q_growth_year": null,
            "roe": 0.38,
            "roe_4q": -0.69,
            "gross_profit": 204178,
            "gross_margin": 20.08,
            "gross_margin_4q_avg": 15.98,
            "net_income": 13914,
            "revenue": 1016920,
            "common_shares": 1734478,
            "book_valuer_per_share": 20.7,
            "book_valuer_per_share_4q_avg": 20.61,
            "equity": 3697078,
            "current_ratio": 426.63,
            "debt_ratio": 24.53,
            "inventory_turnover_ratio": 1.44,
            "account_receivable_turnover_ratio": 1.03,
            "reinvestment_rate": -20.04,
            "research_to_sale_ratio": 2.53,
            "price_fair": 37.8,
            "eps_avg_yearly": 1.08,
            "eps_latest_yearly": 0.36,
            "eps_growth_yearly": 219.52
        },
        "20124": {
            "year_quarter": 20124,
            "year": 2012,
            "quarter": 4,
            "eps": 0.23,
            "eps_growth_year": null,
            "eps_4q": 0.39,
            "eps_4q_growth_year": null,
            "roe": 1.01,
            "roe_4q": 1.6600000000000001,
            "gross_profit": 195253,
            "gross_margin": 18.92,
            "gross_margin_4q_avg": 17.92,
            "net_income": 37613,
            "revenue": 1032200,
            "common_shares": 1734478,
            "book_valuer_per_share": 20.9,
            "book_valuer_per_share_4q_avg": 20.69,
            "equity": 3722007,
            "current_ratio": 427.53,
            "debt_ratio": 24.88,
            "inventory_turnover_ratio": 1.35,
            "account_receivable_turnover_ratio": 1.01,
            "reinvestment_rate": -28.57,
            "research_to_sale_ratio": 2.5,
            "price_fair": 37.1,
            "eps_avg_yearly": 1.06,
            "eps_latest_yearly": 0.92,
            "eps_growth_yearly": 269.86
        },
        "20131": {
            "year_quarter": 20131,
            "year": 2013,
            "quarter": 1,
            "eps": 0.18,
            "eps_growth_year": null,
            "eps_4q": 0.6,
            "eps_4q_growth_year": null,
            "roe": 0.74,
            "roe_4q": 2.59,
            "gross_profit": 147170,
            "gross_margin": 17.03,
            "gross_margin_4q_avg": 18.26,
            "net_income": 27918,
            "revenue": 864357,
            "common_shares": 1734478,
            "book_valuer_per_share": 21.35,
            "book_valuer_per_share_4q_avg": 20.89,
            "equity": 3798291,
            "current_ratio": 488.01,
            "debt_ratio": 22.64,
            "inventory_turnover_ratio": 1.15,
            "account_receivable_turnover_ratio": 0.88,
            "reinvestment_rate": -49.39,
            "research_to_sale_ratio": 2.69,
            "price_fair": 35.78,
            "eps_avg_yearly": 1.02,
            "eps_latest_yearly": 0.72,
            "eps_growth_yearly": 230.21
        },
        "20132": {
            "year_quarter": 20132,
            "year": 2013,
            "quarter": 2,
            "eps": 0.22,
            "eps_growth_year": 122.54,
            "eps_4q": 0.73,
            "eps_4q_growth_year": null,
            "roe": 0.97,
            "roe_4q": 3.0999999999999996,
            "gross_profit": 203938,
            "gross_margin": 18.74,
            "gross_margin_4q_avg": 18.69,
            "net_income": 36280,
            "revenue": 1087976,
            "common_shares": 1734478,
            "book_valuer_per_share": 20.9,
            "book_valuer_per_share_4q_avg": 20.96,
            "equity": 3694148,
            "current_ratio": 373.21,
            "debt_ratio": 27.8,
            "inventory_turnover_ratio": 1.37,
            "account_receivable_turnover_ratio": 1.09,
            "reinvestment_rate": -42.93,
            "research_to_sale_ratio": 2.27,
            "price_fair": 32.98,
            "eps_avg_yearly": 0.94,
            "eps_latest_yearly": 0.88,
            "eps_growth_yearly": 225.27
        },
        "20133": {
            "year_quarter": 20133,
            "year": 2013,
            "quarter": 3,
            "eps": 0.4,
            "eps_growth_year": 347.41,
            "eps_4q": 1.04,
            "eps_4q_growth_year": null,
            "roe": 1.83,
            "roe_4q": 4.55,
            "gross_profit": 267079,
            "gross_margin": 21.65,
            "gross_margin_4q_avg": 19.09,
            "net_income": 68049,
            "revenue": 1233901,
            "common_shares": 1734478,
            "book_valuer_per_share": 21.19,
            "book_valuer_per_share_4q_avg": 21.09,
            "equity": 3743031,
            "current_ratio": 274.04,
            "debt_ratio": 30.35,
            "inventory_turnover_ratio": 1.34,
            "account_receivable_turnover_ratio": 1.07,
            "reinvestment_rate": -31.61,
            "research_to_sale_ratio": 2.14,
            "price_fair": 30.96,
            "eps_avg_yearly": 0.88,
            "eps_latest_yearly": 1.6,
            "eps_growth_yearly": 247.19
        },
        "20134": {
            "year_quarter": 20134,
            "year": 2013,
            "quarter": 4,
            "eps": 0.16,
            "eps_growth_year": -29.81,
            "eps_4q": 0.97,
            "eps_4q_growth_year": 147.21,
            "roe": 1,
            "roe_4q": 4.54,
            "gross_profit": 203723,
            "gross_margin": 15.82,
            "gross_margin_4q_avg": 18.31,
            "net_income": 37491,
            "revenue": 1287921,
            "common_shares": 1734478,
            "book_valuer_per_share": 21.51,
            "book_valuer_per_share_4q_avg": 21.24,
            "equity": 3770408,
            "current_ratio": 272.01,
            "debt_ratio": 30.83,
            "inventory_turnover_ratio": 1.34,
            "account_receivable_turnover_ratio": 0.97,
            "reinvestment_rate": -33.91,
            "research_to_sale_ratio": 1.91,
            "price_fair": 32.82,
            "eps_avg_yearly": 0.94,
            "eps_latest_yearly": 0.64,
            "eps_growth_yearly": 261.62
        },
        "20141": {
            "year_quarter": 20141,
            "year": 2014,
            "quarter": 1,
            "eps": 0.48,
            "eps_growth_year": 166.67,
            "eps_4q": 1.27,
            "eps_4q_growth_year": 110.22,
            "roe": 2.2,
            "roe_4q": 6,
            "gross_profit": 232126,
            "gross_margin": 22.16,
            "gross_margin_4q_avg": 19.59,
            "net_income": 83776,
            "revenue": 1047428,
            "common_shares": 1734478,
            "book_valuer_per_share": 22.02,
            "book_valuer_per_share_4q_avg": 21.41,
            "equity": 3858461,
            "current_ratio": 313.26,
            "debt_ratio": 26.72,
            "inventory_turnover_ratio": 0.97,
            "account_receivable_turnover_ratio": 0.81,
            "reinvestment_rate": -22.86,
            "research_to_sale_ratio": 2.31,
            "price_fair": 38.11,
            "eps_avg_yearly": 1.09,
            "eps_latest_yearly": 1.92,
            "eps_growth_yearly": 239.39
        },
        "20142": {
            "year_quarter": 20142,
            "year": 2014,
            "quarter": 2,
            "eps": 0.26,
            "eps_growth_year": 18.18,
            "eps_4q": 1.31,
            "eps_4q_growth_year": 80.29,
            "roe": 1.2,
            "roe_4q": 6.23,
            "gross_profit": 210539,
            "gross_margin": 19.65,
            "gross_margin_4q_avg": 19.82,
            "net_income": 44944,
            "revenue": 1071274,
            "common_shares": 1734478,
            "book_valuer_per_share": 20.87,
            "book_valuer_per_share_4q_avg": 21.4,
            "equity": 3624553,
            "current_ratio": 286.27,
            "debt_ratio": 29.28,
            "inventory_turnover_ratio": 1.07,
            "account_receivable_turnover_ratio": 0.92,
            "reinvestment_rate": -23.53,
            "research_to_sale_ratio": 2.44,
            "price_fair": 38.73,
            "eps_avg_yearly": 1.11,
            "eps_latest_yearly": 1.04,
            "eps_growth_yearly": 193.63
        },
        "20143": {
            "year_quarter": 20143,
            "year": 2014,
            "quarter": 3,
            "eps": 0.42,
            "eps_growth_year": 5,
            "eps_4q": 1.32,
            "eps_4q_growth_year": 27.51,
            "roe": 1.97,
            "roe_4q": 6.37,
            "gross_profit": 262516,
            "gross_margin": 22.08,
            "gross_margin_4q_avg": 19.93,
            "net_income": 72613,
            "revenue": 1188742,
            "common_shares": 1734478,
            "book_valuer_per_share": 21.48,
            "book_valuer_per_share_4q_avg": 21.47,
            "equity": 3730287,
            "current_ratio": 364.84,
            "debt_ratio": 23.07,
            "inventory_turnover_ratio": 1.19,
            "account_receivable_turnover_ratio": 0.97,
            "reinvestment_rate": -81.31,
            "research_to_sale_ratio": 3.55,
            "price_fair": 37.96,
            "eps_avg_yearly": 1.08,
            "eps_latest_yearly": 1.68,
            "eps_growth_yearly": 170.47
        },
        "20144": {
            "year_quarter": 20144,
            "year": 2014,
            "quarter": 4,
            "eps": 0.66,
            "eps_growth_year": 301.46,
            "eps_4q": 1.82,
            "eps_4q_growth_year": 87.54,
            "roe": 2.99,
            "roe_4q": 8.36,
            "gross_profit": 289294,
            "gross_margin": 21.76,
            "gross_margin_4q_avg": 21.41,
            "net_income": 113702,
            "revenue": 1329363,
            "common_shares": 1734478,
            "book_valuer_per_share": 22.41,
            "book_valuer_per_share_4q_avg": 21.7,
            "equity": 3885470,
            "current_ratio": 333.99,
            "debt_ratio": 25.65,
            "inventory_turnover_ratio": 1.31,
            "account_receivable_turnover_ratio": 0.99,
            "reinvestment_rate": -51.62,
            "research_to_sale_ratio": 3.57,
            "price_fair": 43.4,
            "eps_avg_yearly": 1.24,
            "eps_latest_yearly": 2.64,
            "eps_growth_yearly": 176.28
        },
        "20151": {
            "year_quarter": 20151,
            "year": 2015,
            "quarter": 1,
            "eps": 0.38,
            "eps_growth_year": -20.83,
            "eps_4q": 1.73,
            "eps_4q_growth_year": 36.12,
            "roe": 1.67,
            "roe_4q": 7.83,
            "gross_profit": 300880,
            "gross_margin": 24.05,
            "gross_margin_4q_avg": 21.89,
            "net_income": 64589,
            "revenue": 1250903,
            "common_shares": 1734478,
            "book_valuer_per_share": 22.5,
            "book_valuer_per_share_4q_avg": 21.82,
            "equity": 3858125,
            "current_ratio": 326.72,
            "debt_ratio": 26.12,
            "inventory_turnover_ratio": 1.13,
            "account_receivable_turnover_ratio": 0.96,
            "reinvestment_rate": -42.92,
            "research_to_sale_ratio": 3.33,
            "price_fair": 44.29,
            "eps_avg_yearly": 1.27,
            "eps_latest_yearly": 1.52,
            "eps_growth_yearly": 144.83
        },
        "20152": {
            "year_quarter": 20152,
            "year": 2015,
            "quarter": 2,
            "eps": 0.19,
            "eps_growth_year": -26.92,
            "eps_4q": 1.66,
            "eps_4q_growth_year": 26.71,
            "roe": 0.9,
            "roe_4q": 7.53,
            "gross_profit": 197339,
            "gross_margin": 16.25,
            "gross_margin_4q_avg": 21.04,
            "net_income": 33248,
            "revenue": 1214119,
            "common_shares": 1734478,
            "book_valuer_per_share": 20.36,
            "book_valuer_per_share_4q_avg": 21.69,
            "equity": 3490313,
            "current_ratio": 251.36,
            "debt_ratio": 33.56,
            "inventory_turnover_ratio": 1.16,
            "account_receivable_turnover_ratio": 0.97,
            "reinvestment_rate": -29.94,
            "research_to_sale_ratio": 3.77,
            "price_fair": 42.82,
            "eps_avg_yearly": 1.22,
            "eps_latest_yearly": 0.76,
            "eps_growth_yearly": 116.09
        },
        "20153": {
            "year_quarter": 20153,
            "year": 2015,
            "quarter": 3,
            "eps": 0.79,
            "eps_growth_year": 88.1,
            "eps_4q": 2.02,
            "eps_4q_growth_year": 52.71,
            "roe": 3.77,
            "roe_4q": 9.33,
            "gross_profit": 250982,
            "gross_margin": 16.21,
            "gross_margin_4q_avg": 19.57,
            "net_income": 135054,
            "revenue": 1548730,
            "common_shares": 1734478,
            "book_valuer_per_share": 21.46,
            "book_valuer_per_share_4q_avg": 21.68,
            "equity": 3679362,
            "current_ratio": 285.68,
            "debt_ratio": 29.53,
            "inventory_turnover_ratio": 1.52,
            "account_receivable_turnover_ratio": 1,
            "reinvestment_rate": -19.18,
            "research_to_sale_ratio": 3.15,
            "price_fair": 48.03,
            "eps_avg_yearly": 1.37,
            "eps_latest_yearly": 3.16,
            "eps_growth_yearly": 204.33
        },
        "20154": {
            "year_quarter": 20154,
            "year": 2015,
            "quarter": 4,
            "eps": 0.17,
            "eps_growth_year": -74.16,
            "eps_4q": 1.53,
            "eps_4q_growth_year": -15.91,
            "roe": 0.79,
            "roe_4q": 7.130000000000001,
            "gross_profit": 181401,
            "gross_margin": 16.24,
            "gross_margin_4q_avg": 18.19,
            "net_income": 29053,
            "revenue": 1117173,
            "common_shares": 1734478,
            "book_valuer_per_share": 21.39,
            "book_valuer_per_share_4q_avg": 21.43,
            "equity": 3667154,
            "current_ratio": 326.62,
            "debt_ratio": 25.82,
            "inventory_turnover_ratio": 1.15,
            "account_receivable_turnover_ratio": 0.71,
            "reinvestment_rate": -18.3,
            "research_to_sale_ratio": 3.87,
            "price_fair": 46.3,
            "eps_avg_yearly": 1.32,
            "eps_latest_yearly": 0.68,
            "eps_growth_yearly": 167.31
        },
        "20161": {
            "year_quarter": 20161,
            "year": 2016,
            "quarter": 1,
            "eps": 0.23,
            "eps_growth_year": -39.47,
            "eps_4q": 1.38,
            "eps_4q_growth_year": -20.07,
            "roe": 1.06,
            "roe_4q": 6.5200000000000005,
            "gross_profit": 154287,
            "gross_margin": 15.47,
            "gross_margin_4q_avg": 16.04,
            "net_income": 39220,
            "revenue": 997399,
            "common_shares": 1734478,
            "book_valuer_per_share": 21.59,
            "book_valuer_per_share_4q_avg": 21.2,
            "equity": 3701814,
            "current_ratio": 376.12,
            "debt_ratio": 22.48,
            "inventory_turnover_ratio": 1.09,
            "account_receivable_turnover_ratio": 0.83,
            "reinvestment_rate": -16.72,
            "research_to_sale_ratio": 3.59,
            "price_fair": 45.36,
            "eps_avg_yearly": 1.3,
            "eps_latest_yearly": 0.92,
            "eps_growth_yearly": 165.57
        },
        "20162": {
            "year_quarter": 20162,
            "year": 2016,
            "quarter": 2,
            "eps": 0.55,
            "eps_growth_year": 189.47,
            "eps_4q": 1.74,
            "eps_4q_growth_year": 4.71,
            "roe": 2.65,
            "roe_4q": 8.27,
            "gross_profit": 213206,
            "gross_margin": 17.69,
            "gross_margin_4q_avg": 16.4,
            "net_income": 94159,
            "revenue": 1204972,
            "common_shares": 1734478,
            "book_valuer_per_share": 19.87,
            "book_valuer_per_share_4q_avg": 21.08,
            "equity": 3406484,
            "current_ratio": 269.1,
            "debt_ratio": 31.7,
            "inventory_turnover_ratio": 1.34,
            "account_receivable_turnover_ratio": 1.04,
            "reinvestment_rate": -14.84,
            "research_to_sale_ratio": 3.3,
            "price_fair": 47.34,
            "eps_avg_yearly": 1.35,
            "eps_latest_yearly": 2.2,
            "eps_growth_yearly": 190
        },
        "20163": {
            "year_quarter": 20163,
            "year": 2016,
            "quarter": 3,
            "eps": 0.81,
            "eps_growth_year": 2.53,
            "eps_4q": 1.76,
            "eps_4q_growth_year": -12.98,
            "roe": 4.03,
            "roe_4q": 8.530000000000001,
            "gross_profit": 353805,
            "gross_margin": 23.45,
            "gross_margin_4q_avg": 18.21,
            "net_income": 139182,
            "revenue": 1509081,
            "common_shares": 1734478,
            "book_valuer_per_share": 20.39,
            "book_valuer_per_share_4q_avg": 20.81,
            "equity": 3495810,
            "current_ratio": 304.98,
            "debt_ratio": 28,
            "inventory_turnover_ratio": 1.62,
            "account_receivable_turnover_ratio": 1.11,
            "reinvestment_rate": -13.14,
            "research_to_sale_ratio": 2.18,
            "price_fair": 53.64,
            "eps_avg_yearly": 1.53,
            "eps_latest_yearly": 3.24,
            "eps_growth_yearly": 204.32
        },
        "20164": {
            "year_quarter": 20164,
            "year": 2016,
            "quarter": 4,
            "eps": 0.81,
            "eps_growth_year": 380.45,
            "eps_4q": 2.4,
            "eps_4q_growth_year": 57.34,
            "roe": 3.92,
            "roe_4q": 11.66,
            "gross_profit": 265732,
            "gross_margin": 21.44,
            "gross_margin_4q_avg": 19.51,
            "net_income": 139584,
            "revenue": 1239514,
            "common_shares": 1734478,
            "book_valuer_per_share": 21.16,
            "book_valuer_per_share_4q_avg": 20.75,
            "equity": 3627116,
            "current_ratio": 317.92,
            "debt_ratio": 27.34,
            "inventory_turnover_ratio": 1.37,
            "account_receivable_turnover_ratio": 0.86,
            "reinvestment_rate": -3.55,
            "research_to_sale_ratio": 2.43,
            "price_fair": 58.71,
            "eps_avg_yearly": 1.68,
            "eps_latest_yearly": 3.24,
            "eps_growth_yearly": 165.43
        },
        "20171": {
            "year_quarter": 20171,
            "year": 2017,
            "quarter": 1,
            "eps": 0.37,
            "eps_growth_year": 60.87,
            "eps_4q": 2.51,
            "eps_4q_growth_year": 81.99,
            "roe": 1.71,
            "roe_4q": 12.31,
            "gross_profit": 178085,
            "gross_margin": 19.23,
            "gross_margin_4q_avg": 20.45,
            "net_income": 62648,
            "revenue": 925968,
            "common_shares": 1734478,
            "book_valuer_per_share": 21.23,
            "book_valuer_per_share_4q_avg": 20.66,
            "equity": 3682136,
            "current_ratio": 392.05,
            "debt_ratio": 22.16,
            "inventory_turnover_ratio": 1.02,
            "account_receivable_turnover_ratio": 0.75,
            "reinvestment_rate": -1.9,
            "research_to_sale_ratio": 2.72,
            "price_fair": 60.38,
            "eps_avg_yearly": 1.73,
            "eps_latest_yearly": 1.48,
            "eps_growth_yearly": 157.29
        },
        "20172": {
            "year_quarter": 20172,
            "year": 2017,
            "quarter": 2,
            "eps": 0.54,
            "eps_growth_year": -1.82,
            "eps_4q": 2.5,
            "eps_4q_growth_year": 44.31,
            "roe": 2.56,
            "roe_4q": 12.219999999999999,
            "gross_profit": 189389,
            "gross_margin": 16.9,
            "gross_margin_4q_avg": 20.26,
            "net_income": 92883,
            "revenue": 1120920,
            "common_shares": 1734478,
            "book_valuer_per_share": 20.69,
            "book_valuer_per_share_4q_avg": 20.87,
            "equity": 3588026,
            "current_ratio": 324.34,
            "debt_ratio": 26.75,
            "inventory_turnover_ratio": 1.34,
            "account_receivable_turnover_ratio": 0.98,
            "reinvestment_rate": 0.48,
            "research_to_sale_ratio": 2.24,
            "price_fair": 63.18,
            "eps_avg_yearly": 1.81,
            "eps_latest_yearly": 2.16,
            "eps_growth_yearly": 163.22
        },
        "20173": {
            "year_quarter": 20173,
            "year": 2017,
            "quarter": 3,
            "eps": 0.77,
            "eps_growth_year": -4.94,
            "eps_4q": 3.12,
            "eps_4q_growth_year": 77.44,
            "roe": 3.25,
            "roe_4q": 11.440000000000001,
            "gross_profit": 209863,
            "gross_margin": 18.57,
            "gross_margin_4q_avg": 19.04,
            "net_income": 110956,
            "revenue": 1130009,
            "common_shares": 1300859,
            "book_valuer_per_share": 24.87,
            "book_valuer_per_share_4q_avg": 21.99,
            "equity": 3235478,
            "current_ratio": 278.49,
            "debt_ratio": 31.15,
            "inventory_turnover_ratio": 1.37,
            "account_receivable_turnover_ratio": 0.91,
            "reinvestment_rate": -0.5,
            "research_to_sale_ratio": 2.4,
            "price_fair": 66.41,
            "eps_avg_yearly": 1.9,
            "eps_latest_yearly": 3.08,
            "eps_growth_yearly": 153.41
        },
        "20174": {
            "year_quarter": 20174,
            "year": 2017,
            "quarter": 4,
            "eps": 0.12,
            "eps_growth_year": -85.37,
            "eps_4q": 2.17,
            "eps_4q_growth_year": -9.83,
            "roe": 0.48,
            "roe_4q": 8,
            "gross_profit": 157372,
            "gross_margin": 16.42,
            "gross_margin_4q_avg": 17.78,
            "net_income": 15490,
            "revenue": 958274,
            "common_shares": 1300859,
            "book_valuer_per_share": 24.97,
            "book_valuer_per_share_4q_avg": 22.94,
            "equity": 3248756,
            "current_ratio": 313.53,
            "debt_ratio": 27.69,
            "inventory_turnover_ratio": 1.24,
            "account_receivable_turnover_ratio": 0.79,
            "reinvestment_rate": -2.62,
            "research_to_sale_ratio": 2.86,
            "price_fair": 66.06,
            "eps_avg_yearly": 1.89,
            "eps_latest_yearly": 0.48,
            "eps_growth_yearly": 147.31
        },
        "20181": {
            "year_quarter": 20181,
            "year": 2018,
            "quarter": 1,
            "eps": 0.02,
            "eps_growth_year": -94.59,
            "eps_4q": 1.71,
            "eps_4q_growth_year": -31.97,
            "roe": 0.08,
            "roe_4q": 6.37,
            "gross_profit": 109946,
            "gross_margin": 16.04,
            "gross_margin_4q_avg": 16.98,
            "net_income": 2714,
            "revenue": 685244,
            "common_shares": 1300859,
            "book_valuer_per_share": 24.92,
            "book_valuer_per_share_4q_avg": 23.86,
            "equity": 3238881,
            "current_ratio": 320.47,
            "debt_ratio": 27.37,
            "inventory_turnover_ratio": 0.93,
            "account_receivable_turnover_ratio": 0.69,
            "reinvestment_rate": -11.08,
            "research_to_sale_ratio": 3.73,
            "price_fair": 62.04,
            "eps_avg_yearly": 1.77,
            "eps_latest_yearly": 0.08,
            "eps_growth_yearly": 76.47
        },
        "20182": {
            "year_quarter": 20182,
            "year": 2018,
            "quarter": 2,
            "eps": 0.85,
            "eps_growth_year": 57.41,
            "eps_4q": 1.86,
            "eps_4q_growth_year": -25.61,
            "roe": 3.47,
            "roe_4q": 7.28,
            "gross_profit": 129995,
            "gross_margin": 15.54,
            "gross_margin_4q_avg": 16.64,
            "net_income": 109425,
            "revenue": 836351,
            "common_shares": 1300859,
            "book_valuer_per_share": 23.97,
            "book_valuer_per_share_4q_avg": 24.68,
            "equity": 3070150,
            "current_ratio": 256.93,
            "debt_ratio": 34.36,
            "inventory_turnover_ratio": 1.06,
            "account_receivable_turnover_ratio": 0.96,
            "reinvestment_rate": -12.49,
            "research_to_sale_ratio": 3.99,
            "price_fair": 67.2,
            "eps_avg_yearly": 1.92,
            "eps_latest_yearly": 3.4,
            "eps_growth_yearly": 1125.43
        },
        "20183": {
            "year_quarter": 20183,
            "year": 2018,
            "quarter": 3,
            "eps": 0.84,
            "eps_growth_year": 9.09,
            "eps_4q": 1.84,
            "eps_4q_growth_year": -41.04,
            "roe": 3.5,
            "roe_4q": 7.530000000000001,
            "gross_profit": 220751,
            "gross_margin": 20.92,
            "gross_margin_4q_avg": 17.23,
            "net_income": 108101,
            "revenue": 1055176,
            "common_shares": 1300859,
            "book_valuer_per_share": 24.26,
            "book_valuer_per_share_4q_avg": 24.53,
            "equity": 3107412,
            "current_ratio": 266.9,
            "debt_ratio": 33.36,
            "inventory_turnover_ratio": 1.17,
            "account_receivable_turnover_ratio": 1.03,
            "reinvestment_rate": -11.57,
            "research_to_sale_ratio": 3.29,
            "price_fair": 70.88,
            "eps_avg_yearly": 2.03,
            "eps_latest_yearly": 3.36,
            "eps_growth_yearly": 1109.75
        },
        "20184": {
            "year_quarter": 20184,
            "year": 2018,
            "quarter": 4,
            "eps": 0.48,
            "eps_growth_year": 301.17,
            "eps_4q": 2.31,
            "eps_4q_growth_year": 6.65,
            "roe": 1.89,
            "roe_4q": 8.94,
            "gross_profit": 182296,
            "gross_margin": 20.05,
            "gross_margin_4q_avg": 18.14,
            "net_income": 57364,
            "revenue": 909392,
            "common_shares": 1220859,
            "book_valuer_per_share": 24.55,
            "book_valuer_per_share_4q_avg": 24.43,
            "equity": 2948602,
            "current_ratio": 267.3,
            "debt_ratio": 33.03,
            "inventory_turnover_ratio": 1.07,
            "account_receivable_turnover_ratio": 0.83,
            "reinvestment_rate": -14.37,
            "research_to_sale_ratio": 3.66,
            "price_fair": 69.3,
            "eps_avg_yearly": 1.98,
            "eps_latest_yearly": 1.92,
            "eps_growth_yearly": 1084.75
        },
        "20191": {
            "year_quarter": 20191,
            "year": 2019,
            "quarter": 1,
            "eps": 0.22,
            "eps_growth_year": 1000,
            "eps_4q": 2.51,
            "eps_4q_growth_year": 46.91,
            "roe": 0.54,
            "roe_4q": 9.4,
            "gross_profit": 157786,
            "gross_margin": 20.87,
            "gross_margin_4q_avg": 19.35,
            "net_income": 16398,
            "revenue": 756058,
            "common_shares": 1220859,
            "book_valuer_per_share": 25.4,
            "book_valuer_per_share_4q_avg": 24.55,
            "equity": 3138437,
            "current_ratio": 312.9,
            "debt_ratio": 28.83,
            "inventory_turnover_ratio": 0.97,
            "account_receivable_turnover_ratio": 0.78,
            "reinvestment_rate": -15,
            "research_to_sale_ratio": 2.75,
            "price_fair": 67.9,
            "eps_avg_yearly": 1.94,
            "eps_latest_yearly": 0.88,
            "eps_growth_yearly": 1081.82
        },
        "20192": {
            "year_quarter": 20192,
            "year": 2019,
            "quarter": 2,
            "eps": 0.88,
            "eps_growth_year": 3.53,
            "eps_4q": 2.48,
            "eps_4q_growth_year": 33.13,
            "roe": 3.24,
            "roe_4q": 9.17,
            "gross_profit": 217103,
            "gross_margin": 24.26,
            "gross_margin_4q_avg": 21.53,
            "net_income": 99024,
            "revenue": 894910,
            "common_shares": 1220859,
            "book_valuer_per_share": 24.12,
            "book_valuer_per_share_4q_avg": 24.58,
            "equity": 2971171,
            "current_ratio": 272.39,
            "debt_ratio": 32.92,
            "inventory_turnover_ratio": 1.11,
            "account_receivable_turnover_ratio": 1.01,
            "reinvestment_rate": -16.45,
            "research_to_sale_ratio": 2.62,
            "price_fair": 73.94,
            "eps_avg_yearly": 2.11,
            "eps_latest_yearly": 3.52,
            "eps_growth_yearly": 1169.32
        },
        "20193": {
            "year_quarter": 20193,
            "year": 2019,
            "quarter": 3,
            "eps": 1.07,
            "eps_growth_year": 27.38,
            "eps_4q": 2.65,
            "eps_4q_growth_year": 43.98,
            "roe": 4.13,
            "roe_4q": 9.8,
            "gross_profit": 252566,
            "gross_margin": 24.43,
            "gross_margin_4q_avg": 22.4,
            "net_income": 125169,
            "revenue": 1033640,
            "common_shares": 1220859,
            "book_valuer_per_share": 24.72,
            "book_valuer_per_share_4q_avg": 24.7,
            "equity": 3093011,
            "current_ratio": 314.31,
            "debt_ratio": 29.72,
            "inventory_turnover_ratio": 1.25,
            "account_receivable_turnover_ratio": 1.06,
            "reinvestment_rate": -20.87,
            "research_to_sale_ratio": 2.37,
            "price_fair": 76.39,
            "eps_avg_yearly": 2.18,
            "eps_latest_yearly": 4.28,
            "eps_growth_yearly": 1095.77
        },
        "20194": {
            "year_quarter": 20194,
            "year": 2019,
            "quarter": 4,
            "eps": 0.23,
            "eps_growth_year": -52.36,
            "eps_4q": 2.36,
            "eps_4q_growth_year": 2.27,
            "roe": 0.71,
            "roe_4q": 8.620000000000001,
            "gross_profit": 208007,
            "gross_margin": 22.49,
            "gross_margin_4q_avg": 23.01,
            "net_income": 21926,
            "revenue": 924815,
            "common_shares": 1220859,
            "book_valuer_per_share": 24.92,
            "book_valuer_per_share_4q_avg": 24.79,
            "equity": 3116850,
            "current_ratio": 335.05,
            "debt_ratio": 27.26,
            "inventory_turnover_ratio": 1.15,
            "account_receivable_turnover_ratio": 0.93,
            "reinvestment_rate": -20.16,
            "research_to_sale_ratio": 2.74,
            "price_fair": 76.91,
            "eps_avg_yearly": 2.2,
            "eps_latest_yearly": 0.92,
            "eps_growth_yearly": 1095.76
        },
        "20201": {
            "year_quarter": 20201,
            "year": 2020,
            "quarter": 1,
            "eps": 0.19,
            "eps_growth_year": -13.64,
            "eps_4q": 2.33,
            "eps_4q_growth_year": -7.07,
            "roe": 0.88,
            "roe_4q": 8.96,
            "gross_profit": 164151,
            "gross_margin": 25.49,
            "gross_margin_4q_avg": 24.17,
            "net_income": 25607,
            "revenue": 643896,
            "common_shares": 1220859,
            "book_valuer_per_share": 21.7,
            "book_valuer_per_share_4q_avg": 23.87,
            "equity": 2721649,
            "current_ratio": 271.18,
            "debt_ratio": 32.95,
            "inventory_turnover_ratio": 0.78,
            "account_receivable_turnover_ratio": 0.8,
            "reinvestment_rate": -17.98,
            "research_to_sale_ratio": 3.6,
            "price_fair": 76.56,
            "eps_avg_yearly": 2.19,
            "eps_latest_yearly": 0.76,
            "eps_growth_yearly": 1082.59
        },
        "20202": {
            "year_quarter": 20202,
            "year": 2020,
            "quarter": 2,
            "eps": 1.11,
            "eps_growth_year": 26.14,
            "eps_4q": 2.57,
            "eps_4q_growth_year": 3.75,
            "roe": 4.83,
            "roe_4q": 10.55,
            "gross_profit": 289165,
            "gross_margin": 31.41,
            "gross_margin_4q_avg": 25.96,
            "net_income": 134815,
            "revenue": 920675,
            "common_shares": 1220859,
            "book_valuer_per_share": 22.81,
            "book_valuer_per_share_4q_avg": 23.54,
            "equity": 2857993,
            "current_ratio": 245.63,
            "debt_ratio": 36.42,
            "inventory_turnover_ratio": 0.98,
            "account_receivable_turnover_ratio": 1.2,
            "reinvestment_rate": -9.19,
            "research_to_sale_ratio": 2.77,
            "price_fair": 81.46,
            "eps_avg_yearly": 2.33,
            "eps_latest_yearly": 4.44,
            "eps_growth_yearly": 1168.86
        },
        "20203": {
            "year_quarter": 20203,
            "year": 2020,
            "quarter": 3,
            "eps": 0.47,
            "eps_growth_year": -56.07,
            "eps_4q": 1.99,
            "eps_4q_growth_year": -25.02,
            "roe": 2.06,
            "roe_4q": 8.48,
            "gross_profit": 269256,
            "gross_margin": 26.57,
            "gross_margin_4q_avg": 26.49,
            "net_income": 59948,
            "revenue": 1013462,
            "common_shares": 1220859,
            "book_valuer_per_share": 23.59,
            "book_valuer_per_share_4q_avg": 23.26,
            "equity": 2954129,
            "current_ratio": 246.58,
            "debt_ratio": 36.23,
            "inventory_turnover_ratio": 1.11,
            "account_receivable_turnover_ratio": 1.14,
            "reinvestment_rate": -7.05,
            "research_to_sale_ratio": 2.31,
            "price_fair": 78.49,
            "eps_avg_yearly": 2.24,
            "eps_latest_yearly": 1.88,
            "eps_growth_yearly": 1142.63
        },
        "20204": {
            "year_quarter": 20204,
            "year": 2020,
            "quarter": 4,
            "eps": 0.37,
            "eps_growth_year": 64.27,
            "eps_4q": 2.13,
            "eps_4q_growth_year": -9.78,
            "roe": 1.66,
            "roe_4q": 9.430000000000001,
            "gross_profit": 227780,
            "gross_margin": 22.68,
            "gross_margin_4q_avg": 26.54,
            "net_income": 50025,
            "revenue": 1004489,
            "common_shares": 1220859,
            "book_valuer_per_share": 24.53,
            "book_valuer_per_share_4q_avg": 23.16,
            "equity": 3075074,
            "current_ratio": 254.61,
            "debt_ratio": 35.26,
            "inventory_turnover_ratio": 1.31,
            "account_receivable_turnover_ratio": 1.03,
            "reinvestment_rate": -9.6,
            "research_to_sale_ratio": 2.57,
            "price_fair": 74.64,
            "eps_avg_yearly": 2.13,
            "eps_latest_yearly": 1.48,
            "eps_growth_yearly": 1137.31
        },
        "20211": {
            "year_quarter": 20211,
            "year": 2021,
            "quarter": 1,
            "eps": 0.48,
            "eps_growth_year": 152.63,
            "eps_4q": 2.42,
            "eps_4q_growth_year": 3.94,
            "roe": 2.13,
            "roe_4q": 10.68,
            "gross_profit": 213804,
            "gross_margin": 25.6,
            "gross_margin_4q_avg": 26.57,
            "net_income": 62354,
            "revenue": 835014,
            "common_shares": 1220859,
            "book_valuer_per_share": 22.05,
            "book_valuer_per_share_4q_avg": 23.25,
            "equity": 2773584,
            "current_ratio": 244.58,
            "debt_ratio": 36.48,
            "inventory_turnover_ratio": 1.15,
            "account_receivable_turnover_ratio": 0.86,
            "reinvestment_rate": -11.33,
            "research_to_sale_ratio": 3.24,
            "price_fair": 75.6,
            "eps_avg_yearly": 2.16,
            "eps_latest_yearly": 1.92,
            "eps_growth_yearly": 1158.32
        },
        "20212": {
            "year_quarter": 20212,
            "year": 2021,
            "quarter": 2,
            "eps": 0.84,
            "eps_growth_year": -24.32,
            "eps_4q": 2.16,
            "eps_4q_growth_year": -16.11,
            "roe": 3.74,
            "roe_4q": 9.59,
            "gross_profit": 259909,
            "gross_margin": 27.55,
            "gross_margin_4q_avg": 25.6,
            "net_income": 104199,
            "revenue": 943451,
            "common_shares": 1220859,
            "book_valuer_per_share": 22.3,
            "book_valuer_per_share_4q_avg": 23.12,
            "equity": 2803024,
            "current_ratio": 243.08,
            "debt_ratio": 36.15,
            "inventory_turnover_ratio": 1.17,
            "account_receivable_turnover_ratio": 1.02,
            "reinvestment_rate": -13.57,
            "research_to_sale_ratio": 3.32,
            "price_fair": 78.23,
            "eps_avg_yearly": 2.24,
            "eps_latest_yearly": 3.36,
            "eps_growth_yearly": 1165.59
        },
        "20213": {
            "year_quarter": 20213,
            "year": 2021,
            "quarter": 3,
            "eps": 0.83,
            "eps_growth_year": 76.6,
            "eps_4q": 2.52,
            "eps_4q_growth_year": 26.8,
            "roe": 3.62,
            "roe_4q": 11.15,
            "gross_profit": 296501,
            "gross_margin": 28.45,
            "gross_margin_4q_avg": 26.07,
            "net_income": 103365,
            "revenue": 1042171,
            "common_shares": 1220859,
            "book_valuer_per_share": 23.13,
            "book_valuer_per_share_4q_avg": 23,
            "equity": 2903030,
            "current_ratio": 268.17,
            "debt_ratio": 32.48,
            "inventory_turnover_ratio": 1.13,
            "account_receivable_turnover_ratio": 1.06,
            "reinvestment_rate": -11.32,
            "research_to_sale_ratio": 3.56,
            "price_fair": 78.75,
            "eps_avg_yearly": 2.25,
            "eps_latest_yearly": 3.32,
            "eps_growth_yearly": 1154.64
        },
        "20214": {
            "year_quarter": 20214,
            "year": 2021,
            "quarter": 4,
            "eps": 0.91,
            "eps_growth_year": 144.43,
            "eps_4q": 3.06,
            "eps_4q_growth_year": 43.42,
            "roe": 3.83,
            "roe_4q": 13.32,
            "gross_profit": 282432,
            "gross_margin": 27,
            "gross_margin_4q_avg": 27.15,
            "net_income": 115109,
            "revenue": 1046192,
            "common_shares": 1220859,
            "book_valuer_per_share": 24.72,
            "book_valuer_per_share_4q_avg": 23.05,
            "equity": 3101033,
            "current_ratio": 283.6,
            "debt_ratio": 30.49,
            "inventory_turnover_ratio": 1.03,
            "account_receivable_turnover_ratio": 1.01,
            "reinvestment_rate": -6.8,
            "research_to_sale_ratio": 3.59,
            "price_fair": 85.66,
            "eps_avg_yearly": 2.45,
            "eps_latest_yearly": 3.64,
            "eps_growth_yearly": 1178.15
        },
        "20221": {
            "year_quarter": 20221,
            "year": 2022,
            "quarter": 1,
            "eps": 0.34,
            "eps_growth_year": -29.17,
            "eps_4q": 2.92,
            "eps_4q_growth_year": 20.56,
            "roe": 1.44,
            "roe_4q": 12.63,
            "gross_profit": 240216,
            "gross_margin": 25.66,
            "gross_margin_4q_avg": 27.17,
            "net_income": 42794,
            "revenue": 936220,
            "common_shares": 1220859,
            "book_valuer_per_share": 22.43,
            "book_valuer_per_share_4q_avg": 23.15,
            "equity": 2830772,
            "current_ratio": 224.04,
            "debt_ratio": 37.3,
            "inventory_turnover_ratio": 0.87,
            "account_receivable_turnover_ratio": 0.95,
            "reinvestment_rate": 2.24,
            "research_to_sale_ratio": 4.04,
            "price_fair": 88.46,
            "eps_avg_yearly": 2.53,
            "eps_latest_yearly": 1.36,
            "eps_growth_yearly": 1183.33
        },
        "20222": {
            "year_quarter": 20222,
            "year": 2022,
            "quarter": 2,
            "eps": 1.1,
            "eps_growth_year": 30.95,
            "eps_4q": 3.18,
            "eps_4q_growth_year": 47.54,
            "roe": 4.67,
            "roe_4q": 13.559999999999999,
            "gross_profit": 286580,
            "gross_margin": 26.65,
            "gross_margin_4q_avg": 26.94,
            "net_income": 133418,
            "revenue": 1075314,
            "common_shares": 1220859,
            "book_valuer_per_share": 22.85,
            "book_valuer_per_share_4q_avg": 23.28,
            "equity": 2879408,
            "current_ratio": 231.26,
            "debt_ratio": 36.03,
            "inventory_turnover_ratio": 0.97,
            "account_receivable_turnover_ratio": 1.11,
            "reinvestment_rate": 3.11,
            "research_to_sale_ratio": 3.46,
            "price_fair": 90.65,
            "eps_avg_yearly": 2.59,
            "eps_latest_yearly": 4.4,
            "eps_growth_yearly": 201.71
        },
        "20223": {
            "year_quarter": 20223,
            "year": 2022,
            "quarter": 3,
            "eps": 1.79,
            "eps_growth_year": 115.66,
            "eps_4q": 4.15,
            "eps_4q_growth_year": 64.8,
            "roe": 7.32,
            "roe_4q": 17.259999999999998,
            "gross_profit": 301456,
            "gross_margin": 26.09,
            "gross_margin_4q_avg": 26.35,
            "net_income": 220238,
            "revenue": 1155535,
            "common_shares": 1220859,
            "book_valuer_per_share": 24.94,
            "book_valuer_per_share_4q_avg": 23.74,
            "equity": 3133888,
            "current_ratio": 255.05,
            "debt_ratio": 33.16,
            "inventory_turnover_ratio": 1.12,
            "account_receivable_turnover_ratio": 1.07,
            "reinvestment_rate": 3.49,
            "research_to_sale_ratio": 3.3,
            "price_fair": 98.96,
            "eps_avg_yearly": 2.83,
            "eps_latest_yearly": 7.16,
            "eps_growth_yearly": 217.69
        },
        "20224": {
            "year_quarter": 20224,
            "year": 2022,
            "quarter": 4,
            "eps": 0.36,
            "eps_growth_year": -60.1,
            "eps_4q": 3.6,
            "eps_4q_growth_year": 17.76,
            "roe": 1.55,
            "roe_4q": 14.98,
            "gross_profit": 271847,
            "gross_margin": 23.19,
            "gross_margin_4q_avg": 25.4,
            "net_income": 48888,
            "revenue": 1172359,
            "common_shares": 1220859,
            "book_valuer_per_share": 25.08,
            "book_valuer_per_share_4q_avg": 23.83,
            "equity": 3159422,
            "current_ratio": 267.7,
            "debt_ratio": 31.38,
            "inventory_turnover_ratio": 1.33,
            "account_receivable_turnover_ratio": 1.03,
            "reinvestment_rate": 4.2,
            "research_to_sale_ratio": 3.25,
            "price_fair": 97.91,
            "eps_avg_yearly": 2.8,
            "eps_latest_yearly": 1.44,
            "eps_growth_yearly": 208.43
        },
        "20231": {
            "year_quarter": 20231,
            "year": 2023,
            "quarter": 1,
            "eps": 0.84,
            "eps_growth_year": 147.06,
            "eps_4q": 4.1,
            "eps_4q_growth_year": 40.31,
            "roe": 3.43,
            "roe_4q": 16.97,
            "gross_profit": 257882,
            "gross_margin": 23.76,
            "gross_margin_4q_avg": 24.92,
            "net_income": 104397,
            "revenue": 1085378,
            "common_shares": 1220859,
            "book_valuer_per_share": 23.12,
            "book_valuer_per_share_4q_avg": 24,
            "equity": 2922627,
            "current_ratio": 229.32,
            "debt_ratio": 36.18,
            "inventory_turnover_ratio": 1.37,
            "account_receivable_turnover_ratio": 0.98,
            "reinvestment_rate": 3.04,
            "research_to_sale_ratio": 3.57,
            "price_fair": 103.34,
            "eps_avg_yearly": 2.95,
            "eps_latest_yearly": 3.36,
            "eps_growth_yearly": 255.3
        }
    },
    "months": {
        "2002-12": {
            "month": "2002-12",
            "price": "78.37",
            "revenue": 195334
        },
        "2003-01": {
            "month": "2003-01",
            "price": "72.82",
            "revenue": 210396
        },
        "2003-02": {
            "month": "2003-02",
            "price": "67.38",
            "revenue": 151342
        },
        "2003-03": {
            "month": "2003-03",
            "price": "68.81",
            "revenue": 197353
        },
        "2003-04": {
            "month": "2003-04",
            "price": "67.73",
            "revenue": 166107
        },
        "2003-05": {
            "month": "2003-05",
            "price": "67.50",
            "revenue": 158234
        },
        "2003-06": {
            "month": "2003-06",
            "price": "78.50",
            "revenue": 160309
        },
        "2003-07": {
            "month": "2003-07",
            "price": "63.74",
            "revenue": 163253
        },
        "2003-08": {
            "month": "2003-08",
            "price": "69.24",
            "revenue": 176021
        },
        "2003-09": {
            "month": "2003-09",
            "price": "65.71",
            "revenue": 185915
        },
        "2003-10": {
            "month": "2003-10",
            "price": "66.23",
            "revenue": 222484
        },
        "2003-11": {
            "month": "2003-11",
            "price": "66.20",
            "revenue": 251989
        },
        "2003-12": {
            "month": "2003-12",
            "price": "81.22",
            "revenue": 300538
        },
        "2004-01": {
            "month": "2004-01",
            "price": "92.93",
            "revenue": 260628
        },
        "2004-02": {
            "month": "2004-02",
            "price": "90.02",
            "revenue": 280354
        },
        "2004-03": {
            "month": "2004-03",
            "price": "82.76",
            "revenue": 237346
        },
        "2004-04": {
            "month": "2004-04",
            "price": "79.16",
            "revenue": 244528
        },
        "2004-05": {
            "month": "2004-05",
            "price": "68.17",
            "revenue": 234438
        },
        "2004-06": {
            "month": "2004-06",
            "price": "67.17",
            "revenue": 219724
        },
        "2004-07": {
            "month": "2004-07",
            "price": "55.99",
            "revenue": 206078
        },
        "2004-08": {
            "month": "2004-08",
            "price": "47.84",
            "revenue": 205363
        },
        "2004-09": {
            "month": "2004-09",
            "price": "49.42",
            "revenue": 242615
        },
        "2004-10": {
            "month": "2004-10",
            "price": "44.18",
            "revenue": 296450
        },
        "2004-11": {
            "month": "2004-11",
            "price": "46.32",
            "revenue": 313192
        },
        "2004-12": {
            "month": "2004-12",
            "price": "46.61",
            "revenue": 301811
        },
        "2005-01": {
            "month": "2005-01",
            "price": "43.48",
            "revenue": 215471
        },
        "2005-02": {
            "month": "2005-02",
            "price": "43.31",
            "revenue": 161898
        },
        "2005-03": {
            "month": "2005-03",
            "price": "50.02",
            "revenue": 291529
        },
        "2005-04": {
            "month": "2005-04",
            "price": "51.58",
            "revenue": 267475
        },
        "2005-05": {
            "month": "2005-05",
            "price": "44.46",
            "revenue": 224136
        },
        "2005-06": {
            "month": "2005-06",
            "price": "49.44",
            "revenue": 229972
        },
        "2005-07": {
            "month": "2005-07",
            "price": "52.87",
            "revenue": 175196
        },
        "2005-08": {
            "month": "2005-08",
            "price": "40.51",
            "revenue": 190810
        },
        "2005-09": {
            "month": "2005-09",
            "price": "31.34",
            "revenue": 247489
        },
        "2005-10": {
            "month": "2005-10",
            "price": "29.16",
            "revenue": 308736
        },
        "2005-11": {
            "month": "2005-11",
            "price": "28.65",
            "revenue": 422019
        },
        "2005-12": {
            "month": "2005-12",
            "price": "36.12",
            "revenue": 409844
        },
        "2006-01": {
            "month": "2006-01",
            "price": "38.46",
            "revenue": 355787
        },
        "2006-02": {
            "month": "2006-02",
            "price": "34.31",
            "revenue": 300032
        },
        "2006-03": {
            "month": "2006-03",
            "price": "35.43",
            "revenue": 351847
        },
        "2006-04": {
            "month": "2006-04",
            "price": "46.87",
            "revenue": 300632
        },
        "2006-05": {
            "month": "2006-05",
            "price": "50.48",
            "revenue": 210839
        },
        "2006-06": {
            "month": "2006-06",
            "price": "40.84",
            "revenue": 286323
        },
        "2006-07": {
            "month": "2006-07",
            "price": "43.11",
            "revenue": 309477
        },
        "2006-08": {
            "month": "2006-08",
            "price": "39.91",
            "revenue": 353682
        },
        "2006-09": {
            "month": "2006-09",
            "price": "43.78",
            "revenue": 334000
        },
        "2006-10": {
            "month": "2006-10",
            "price": "43.62",
            "revenue": 364794
        },
        "2006-11": {
            "month": "2006-11",
            "price": "51.08",
            "revenue": 434240
        },
        "2006-12": {
            "month": "2006-12",
            "price": "60.20",
            "revenue": 337030
        },
        "2007-01": {
            "month": "2007-01",
            "price": "102.14",
            "revenue": 451923
        },
        "2007-02": {
            "month": "2007-02",
            "price": "117.88",
            "revenue": 294598
        },
        "2007-03": {
            "month": "2007-03",
            "price": "117.04",
            "revenue": 520181
        },
        "2007-04": {
            "month": "2007-04",
            "price": "94.84",
            "revenue": 480590
        },
        "2007-05": {
            "month": "2007-05",
            "price": "114.86",
            "revenue": 453210
        },
        "2007-06": {
            "month": "2007-06",
            "price": "129.18",
            "revenue": 448999
        },
        "2007-07": {
            "month": "2007-07",
            "price": "156.89",
            "revenue": 450538
        },
        "2007-08": {
            "month": "2007-08",
            "price": "163.89",
            "revenue": 529416
        },
        "2007-09": {
            "month": "2007-09",
            "price": "169.00",
            "revenue": 570062
        },
        "2007-10": {
            "month": "2007-10",
            "price": "154.39",
            "revenue": 685446
        },
        "2007-11": {
            "month": "2007-11",
            "price": "99.86",
            "revenue": 632386
        },
        "2007-12": {
            "month": "2007-12",
            "price": "77.59",
            "revenue": 573225
        },
        "2008-01": {
            "month": "2008-01",
            "price": "66.85",
            "revenue": 522101
        },
        "2008-02": {
            "month": "2008-02",
            "price": "55.23",
            "revenue": 313969
        },
        "2008-03": {
            "month": "2008-03",
            "price": "73.14",
            "revenue": 469254
        },
        "2008-04": {
            "month": "2008-04",
            "price": "77.07",
            "revenue": 389228
        },
        "2008-05": {
            "month": "2008-05",
            "price": "76.14",
            "revenue": 347481
        },
        "2008-06": {
            "month": "2008-06",
            "price": "61.83",
            "revenue": 321959
        },
        "2008-07": {
            "month": "2008-07",
            "price": "78.29",
            "revenue": 380670
        },
        "2008-08": {
            "month": "2008-08",
            "price": "81.51",
            "revenue": 355776
        },
        "2008-09": {
            "month": "2008-09",
            "price": "58.09",
            "revenue": 379376
        },
        "2008-10": {
            "month": "2008-10",
            "price": "43.90",
            "revenue": 399671
        },
        "2008-11": {
            "month": "2008-11",
            "price": "32.23",
            "revenue": 330368
        },
        "2008-12": {
            "month": "2008-12",
            "price": "38.96",
            "revenue": 250204
        },
        "2009-01": {
            "month": "2009-01",
            "price": "40.88",
            "revenue": 214193
        },
        "2009-02": {
            "month": "2009-02",
            "price": "39.85",
            "revenue": 284646
        },
        "2009-03": {
            "month": "2009-03",
            "price": "42.22",
            "revenue": 367150
        },
        "2009-04": {
            "month": "2009-04",
            "price": "43.90",
            "revenue": 429287
        },
        "2009-05": {
            "month": "2009-05",
            "price": "50.78",
            "revenue": 330915
        },
        "2009-06": {
            "month": "2009-06",
            "price": "45.35",
            "revenue": 356707
        },
        "2009-07": {
            "month": "2009-07",
            "price": "44.85",
            "revenue": 454595
        },
        "2009-08": {
            "month": "2009-08",
            "price": "46.23",
            "revenue": 420374
        },
        "2009-09": {
            "month": "2009-09",
            "price": "46.10",
            "revenue": 470366
        },
        "2009-10": {
            "month": "2009-10",
            "price": "58.71",
            "revenue": 408724
        },
        "2009-11": {
            "month": "2009-11",
            "price": "83.33",
            "revenue": 427274
        },
        "2009-12": {
            "month": "2009-12",
            "price": "91.29",
            "revenue": 408551
        },
        "2010-01": {
            "month": "2010-01",
            "price": "136.74",
            "revenue": 509078
        },
        "2010-02": {
            "month": "2010-02",
            "price": "118.01",
            "revenue": 332615
        },
        "2010-03": {
            "month": "2010-03",
            "price": "131.96",
            "revenue": 547540
        },
        "2010-04": {
            "month": "2010-04",
            "price": "131.00",
            "revenue": 439071
        },
        "2010-05": {
            "month": "2010-05",
            "price": "100.51",
            "revenue": 364878
        },
        "2010-06": {
            "month": "2010-06",
            "price": "92.46",
            "revenue": 369561
        },
        "2010-07": {
            "month": "2010-07",
            "price": "109.91",
            "revenue": 479832
        },
        "2010-08": {
            "month": "2010-08",
            "price": "107.66",
            "revenue": 483277
        },
        "2010-09": {
            "month": "2010-09",
            "price": "134.81",
            "revenue": 514693
        },
        "2010-10": {
            "month": "2010-10",
            "price": "129.16",
            "revenue": 448313
        },
        "2010-11": {
            "month": "2010-11",
            "price": "72.37",
            "revenue": 448622
        },
        "2010-12": {
            "month": "2010-12",
            "price": "71.92",
            "revenue": 373199
        },
        "2011-01": {
            "month": "2011-01",
            "price": "66.34",
            "revenue": 408156
        },
        "2011-02": {
            "month": "2011-02",
            "price": "61.61",
            "revenue": 279480
        },
        "2011-03": {
            "month": "2011-03",
            "price": "62.12",
            "revenue": 445937
        },
        "2011-04": {
            "month": "2011-04",
            "price": "62.37",
            "revenue": 431312
        },
        "2011-05": {
            "month": "2011-05",
            "price": "55.79",
            "revenue": 432250
        },
        "2011-06": {
            "month": "2011-06",
            "price": "51.51",
            "revenue": 515625
        },
        "2011-07": {
            "month": "2011-07",
            "price": "50.83",
            "revenue": 437568
        },
        "2011-08": {
            "month": "2011-08",
            "price": "41.29",
            "revenue": 449734
        },
        "2011-09": {
            "month": "2011-09",
            "price": "37.11",
            "revenue": 406309
        },
        "2011-10": {
            "month": "2011-10",
            "price": "34.20",
            "revenue": 400803
        },
        "2011-11": {
            "month": "2011-11",
            "price": "27.88",
            "revenue": 319507
        },
        "2011-12": {
            "month": "2011-12",
            "price": "26.79",
            "revenue": 248062
        },
        "2012-01": {
            "month": "2012-01",
            "price": "26.99",
            "revenue": 251545
        },
        "2012-02": {
            "month": "2012-02",
            "price": "36.07",
            "revenue": 289870
        },
        "2012-03": {
            "month": "2012-03",
            "price": "34.10",
            "revenue": 357012
        },
        "2012-04": {
            "month": "2012-04",
            "price": "28.32",
            "revenue": 335131
        },
        "2012-05": {
            "month": "2012-05",
            "price": "26.89",
            "revenue": 353994
        },
        "2012-06": {
            "month": "2012-06",
            "price": "26.09",
            "revenue": 318064
        },
        "2012-07": {
            "month": "2012-07",
            "price": "26.60",
            "revenue": 341932
        },
        "2012-08": {
            "month": "2012-08",
            "price": "26.78",
            "revenue": 334025
        },
        "2012-09": {
            "month": "2012-09",
            "price": "27.55",
            "revenue": 356834
        },
        "2012-10": {
            "month": "2012-10",
            "price": "25.51",
            "revenue": 364733
        },
        "2012-11": {
            "month": "2012-11",
            "price": "22.98",
            "revenue": 336423
        },
        "2012-12": {
            "month": "2012-12",
            "price": "25.24",
            "revenue": 324013
        },
        "2013-01": {
            "month": "2013-01",
            "price": "25.71",
            "revenue": 343393
        },
        "2013-02": {
            "month": "2013-02",
            "price": "24.84",
            "revenue": 215639
        },
        "2013-03": {
            "month": "2013-03",
            "price": "25.65",
            "revenue": 311658
        },
        "2013-04": {
            "month": "2013-04",
            "price": "25.16",
            "revenue": 367519
        },
        "2013-05": {
            "month": "2013-05",
            "price": "26.46",
            "revenue": 351221
        },
        "2013-06": {
            "month": "2013-06",
            "price": "25.57",
            "revenue": 342698
        },
        "2013-07": {
            "month": "2013-07",
            "price": "24.87",
            "revenue": 378987
        },
        "2013-08": {
            "month": "2013-08",
            "price": "25.43",
            "revenue": 426503
        },
        "2013-09": {
            "month": "2013-09",
            "price": "25.72",
            "revenue": 445822
        },
        "2013-10": {
            "month": "2013-10",
            "price": "27.35",
            "revenue": 436702
        },
        "2013-11": {
            "month": "2013-11",
            "price": "25.81",
            "revenue": 456252
        },
        "2013-12": {
            "month": "2013-12",
            "price": "26.35",
            "revenue": 387233
        },
        "2014-01": {
            "month": "2014-01",
            "price": "31.28",
            "revenue": 416408
        },
        "2014-02": {
            "month": "2014-02",
            "price": "34.28",
            "revenue": 270118
        },
        "2014-03": {
            "month": "2014-03",
            "price": "32.97",
            "revenue": 357406
        },
        "2014-04": {
            "month": "2014-04",
            "price": "31.48",
            "revenue": 370031
        },
        "2014-05": {
            "month": "2014-05",
            "price": "29.50",
            "revenue": 351989
        },
        "2014-06": {
            "month": "2014-06",
            "price": "30.58",
            "revenue": 345217
        },
        "2014-07": {
            "month": "2014-07",
            "price": "36.13",
            "revenue": 376558
        },
        "2014-08": {
            "month": "2014-08",
            "price": "31.56",
            "revenue": 390762
        },
        "2014-09": {
            "month": "2014-09",
            "price": "32.19",
            "revenue": 421392
        },
        "2014-10": {
            "month": "2014-10",
            "price": "28.39",
            "revenue": 431488
        },
        "2014-11": {
            "month": "2014-11",
            "price": "27.60",
            "revenue": 446754
        },
        "2014-12": {
            "month": "2014-12",
            "price": "30.12",
            "revenue": 444646
        },
        "2015-01": {
            "month": "2015-01",
            "price": "32.45",
            "revenue": 519501
        },
        "2015-02": {
            "month": "2015-02",
            "price": "34.52",
            "revenue": 335048
        },
        "2015-03": {
            "month": "2015-03",
            "price": "40.60",
            "revenue": 394276
        },
        "2015-04": {
            "month": "2015-04",
            "price": "38.46",
            "revenue": 383780
        },
        "2015-05": {
            "month": "2015-05",
            "price": "35.88",
            "revenue": 412591
        },
        "2015-06": {
            "month": "2015-06",
            "price": "39.25",
            "revenue": 431896
        },
        "2015-07": {
            "month": "2015-07",
            "price": "36.93",
            "revenue": 487665
        },
        "2015-08": {
            "month": "2015-08",
            "price": "30.87",
            "revenue": 518402
        },
        "2015-09": {
            "month": "2015-09",
            "price": "30.16",
            "revenue": 527605
        },
        "2015-10": {
            "month": "2015-10",
            "price": "33.46",
            "revenue": 422866
        },
        "2015-11": {
            "month": "2015-11",
            "price": "32.15",
            "revenue": 360601
        },
        "2015-12": {
            "month": "2015-12",
            "price": "29.75",
            "revenue": 332447
        },
        "2016-01": {
            "month": "2016-01",
            "price": "26.47",
            "revenue": 372806
        },
        "2016-02": {
            "month": "2016-02",
            "price": "27.50",
            "revenue": 205445
        },
        "2016-03": {
            "month": "2016-03",
            "price": "28.40",
            "revenue": 438758
        },
        "2016-04": {
            "month": "2016-04",
            "price": "27.50",
            "revenue": 384083
        },
        "2016-05": {
            "month": "2016-05",
            "price": "26.31",
            "revenue": 373189
        },
        "2016-06": {
            "month": "2016-06",
            "price": "26.94",
            "revenue": 454598
        },
        "2016-07": {
            "month": "2016-07",
            "price": "28.34",
            "revenue": 486644
        },
        "2016-08": {
            "month": "2016-08",
            "price": "27.59",
            "revenue": 540143
        },
        "2016-09": {
            "month": "2016-09",
            "price": "28.09",
            "revenue": 465033
        },
        "2016-10": {
            "month": "2016-10",
            "price": "26.58",
            "revenue": 415380
        },
        "2016-11": {
            "month": "2016-11",
            "price": "26.27",
            "revenue": 392858
        },
        "2016-12": {
            "month": "2016-12",
            "price": "27.77",
            "revenue": 422328
        },
        "2017-01": {
            "month": "2017-01",
            "price": "28.91",
            "revenue": 335573
        },
        "2017-02": {
            "month": "2017-02",
            "price": "31.95",
            "revenue": 239298
        },
        "2017-03": {
            "month": "2017-03",
            "price": "34.71",
            "revenue": 368408
        },
        "2017-04": {
            "month": "2017-04",
            "price": "31.15",
            "revenue": 350486
        },
        "2017-05": {
            "month": "2017-05",
            "price": "31.26",
            "revenue": 369983
        },
        "2017-06": {
            "month": "2017-06",
            "price": "31.08",
            "revenue": 390259
        },
        "2017-07": {
            "month": "2017-07",
            "price": "29.50",
            "revenue": 386551
        },
        "2017-08": {
            "month": "2017-08",
            "price": "28.15",
            "revenue": 368963
        },
        "2017-09": {
            "month": "2017-09",
            "price": "30.10",
            "revenue": 376812
        },
        "2017-10": {
            "month": "2017-10",
            "price": "34.87",
            "revenue": 330872
        },
        "2017-11": {
            "month": "2017-11",
            "price": "32.08",
            "revenue": 351688
        },
        "2017-12": {
            "month": "2017-12",
            "price": "30.64",
            "revenue": 273576
        },
        "2018-01": {
            "month": "2018-01",
            "price": "31.45",
            "revenue": 309345
        },
        "2018-02": {
            "month": "2018-02",
            "price": "28.27",
            "revenue": 144065
        },
        "2018-03": {
            "month": "2018-03",
            "price": "28.83",
            "revenue": 239762
        },
        "2018-04": {
            "month": "2018-04",
            "price": "28.41",
            "revenue": 257886
        },
        "2018-05": {
            "month": "2018-05",
            "price": "28.29",
            "revenue": 292500
        },
        "2018-06": {
            "month": "2018-06",
            "price": "28.54",
            "revenue": 290297
        },
        "2018-07": {
            "month": "2018-07",
            "price": "27.08",
            "revenue": 331313
        },
        "2018-08": {
            "month": "2018-08",
            "price": "25.85",
            "revenue": 339806
        },
        "2018-09": {
            "month": "2018-09",
            "price": "24.92",
            "revenue": 394798
        },
        "2018-10": {
            "month": "2018-10",
            "price": "26.43",
            "revenue": 332167
        },
        "2018-11": {
            "month": "2018-11",
            "price": "27.96",
            "revenue": 322571
        },
        "2018-12": {
            "month": "2018-12",
            "price": "27.96",
            "revenue": 260079
        },
        "2019-01": {
            "month": "2019-01",
            "price": "26.51",
            "revenue": 304905
        },
        "2019-02": {
            "month": "2019-02",
            "price": "27.33",
            "revenue": 173604
        },
        "2019-03": {
            "month": "2019-03",
            "price": "28.50",
            "revenue": 282794
        },
        "2019-04": {
            "month": "2019-04",
            "price": "32.54",
            "revenue": 297352
        },
        "2019-05": {
            "month": "2019-05",
            "price": "29.98",
            "revenue": 311958
        },
        "2019-06": {
            "month": "2019-06",
            "price": "29.94",
            "revenue": 281381
        },
        "2019-07": {
            "month": "2019-07",
            "price": "30.13",
            "revenue": 369914
        },
        "2019-08": {
            "month": "2019-08",
            "price": "30.02",
            "revenue": 361158
        },
        "2019-09": {
            "month": "2019-09",
            "price": "30.11",
            "revenue": 313583
        },
        "2019-10": {
            "month": "2019-10",
            "price": "30.04",
            "revenue": 309413
        },
        "2019-11": {
            "month": "2019-11",
            "price": "30.11",
            "revenue": 362615
        },
        "2019-12": {
            "month": "2019-12",
            "price": "33.95",
            "revenue": 292889
        },
        "2020-01": {
            "month": "2020-01",
            "price": "31.57",
            "revenue": 257167
        },
        "2020-02": {
            "month": "2020-02",
            "price": "29.71",
            "revenue": 151573
        },
        "2020-03": {
            "month": "2020-03",
            "price": "25.95",
            "revenue": 242362
        },
        "2020-04": {
            "month": "2020-04",
            "price": "29.02",
            "revenue": 312783
        },
        "2020-05": {
            "month": "2020-05",
            "price": "32.37",
            "revenue": 287624
        },
        "2020-06": {
            "month": "2020-06",
            "price": "34.06",
            "revenue": 320836
        },
        "2020-07": {
            "month": "2020-07",
            "price": "35.27",
            "revenue": 334022
        },
        "2020-08": {
            "month": "2020-08",
            "price": "35.35",
            "revenue": 319168
        },
        "2020-09": {
            "month": "2020-09",
            "price": "34.39",
            "revenue": 319351
        },
        "2020-10": {
            "month": "2020-10",
            "price": "34.33",
            "revenue": 287884
        },
        "2020-11": {
            "month": "2020-11",
            "price": "34.65",
            "revenue": 376799
        },
        "2020-12": {
            "month": "2020-12",
            "price": "36.74",
            "revenue": 371580
        },
        "2021-01": {
            "month": "2021-01",
            "price": "37.42",
            "revenue": 315461
        },
        "2021-02": {
            "month": "2021-02",
            "price": "37.25",
            "revenue": 225225
        },
        "2021-03": {
            "month": "2021-03",
            "price": "41.30",
            "revenue": 298271
        },
        "2021-04": {
            "month": "2021-04",
            "price": "42.21",
            "revenue": 325703
        },
        "2021-05": {
            "month": "2021-05",
            "price": "37.36",
            "revenue": 280766
        },
        "2021-06": {
            "month": "2021-06",
            "price": "38.85",
            "revenue": 340554
        },
        "2021-07": {
            "month": "2021-07",
            "price": "36.72",
            "revenue": 335310
        },
        "2021-08": {
            "month": "2021-08",
            "price": "35.57",
            "revenue": 346846
        },
        "2021-09": {
            "month": "2021-09",
            "price": "35.20",
            "revenue": 361628
        },
        "2021-10": {
            "month": "2021-10",
            "price": "34.12",
            "revenue": 280456
        },
        "2021-11": {
            "month": "2021-11",
            "price": "36.70",
            "revenue": 386133
        },
        "2021-12": {
            "month": "2021-12",
            "price": "38.72",
            "revenue": 380103
        },
        "2022-01": {
            "month": "2022-01",
            "price": "40.69",
            "revenue": 359887
        },
        "2022-02": {
            "month": "2022-02",
            "price": "44.89",
            "revenue": 272279
        },
        "2022-03": {
            "month": "2022-03",
            "price": "43.26",
            "revenue": 304141
        },
        "2022-04": {
            "month": "2022-04",
            "price": "40.24",
            "revenue": 322561
        },
        "2022-05": {
            "month": "2022-05",
            "price": "38.16",
            "revenue": 377749
        },
        "2022-06": {
            "month": "2022-06",
            "price": "38.78",
            "revenue": 367393
        },
        "2022-07": {
            "month": "2022-07",
            "price": "35.40",
            "revenue": 392114
        },
        "2022-08": {
            "month": "2022-08",
            "price": "37.83",
            "revenue": 404465
        },
        "2022-09": {
            "month": "2022-09",
            "price": "38.84",
            "revenue": 384167
        },
        "2022-10": {
            "month": "2022-10",
            "price": "36.48",
            "revenue": 370965
        },
        "2022-11": {
            "month": "2022-11",
            "price": "37.87",
            "revenue": 422314
        },
        "2022-12": {
            "month": "2022-12",
            "price": "40.01",
            "revenue": 347128
        },
        "2023-01": {
            "month": "2023-01",
            "price": "41.05",
            "revenue": 306257
        },
        "2023-02": {
            "month": "2023-02",
            "price": "43.88",
            "revenue": 345894
        },
        "2023-03": {
            "month": "2023-03",
            "price": "46.21",
            "revenue": 434358
        },
        "2023-04": {
            "month": "2023-04",
            "price": "53.11",
            "revenue": 336102
        }
    }
}
