{
    "summary": {
        "stock_name": "瑞築",
        "stock_id": "6198",
        "category": "半導體",
        "main_business": "電子零組件製造<br>電子材料批發及零售<br>委託營造廠商興建國民住宅或商業大樓租售業務及不動產租售等業務",
        "website_url": "http://www.averlogic.com",
        "ceo": "郭嘉棟",
        "pe_ratio": -35,
        "report_year_from": 2001,
        "report_year_to": 2023,
        "age": 22,
        "eps_negative_percentage": 78,
        "eps_growth_avg": {
            "last_all": -54.56,
            "last_2y": null,
            "last_4y": -100,
            "last_8y": -100,
            "last_12y": -100,
            "last_16y": -100,
            "last_20y": -54.56,
            "at_2006_last_3y": -86.39,
            "at_2007_last_3y": -100,
            "at_2008_last_3y": -100,
            "at_2009_last_3y": -100,
            "at_2010_last_3y": -100,
            "at_2011_last_3y": -100,
            "at_2012_last_3y": null,
            "at_2013_last_3y": null,
            "at_2014_last_3y": null,
            "at_2015_last_3y": null,
            "at_2016_last_3y": null,
            "at_2017_last_3y": null,
            "at_2018_last_3y": null,
            "at_2019_last_3y": -100,
            "at_2020_last_3y": -100,
            "at_2021_last_3y": -100,
            "at_2022_last_3y": -100,
            "at_2023_last_3y": -100,
            "at_2006_last_all": -24.26,
            "at_2007_last_all": -24.26,
            "at_2008_last_all": -43.2,
            "at_2009_last_all": -43.2,
            "at_2010_last_all": -43.2,
            "at_2011_last_all": -43.2,
            "at_2012_last_all": -43.2,
            "at_2013_last_all": -43.2,
            "at_2014_last_all": -43.2,
            "at_2015_last_all": -43.2,
            "at_2016_last_all": -43.2,
            "at_2017_last_all": -43.2,
            "at_2018_last_all": -43.2,
            "at_2019_last_all": -54.56,
            "at_2020_last_all": -54.56,
            "at_2021_last_all": -54.56,
            "at_2022_last_all": -54.56,
            "at_2023_last_all": -54.56
        },
        "latest_eps": -1.01,
        "latest_price": 34.95,
        "latest_roe": -4.91,
        "latest_gross_margin": 58.33,
        "latest_equity": 453790,
        "latest_revenue": 48,
        "latest_gross_profit": 28,
        "latest_net_income": -6780,
        "latest_debt_ratio": 16.03,
        "latest_current_ratio": 652.95,
        "latest_account_receivable_turnover_ratio": 32,
        "latest_inventory_turnover_ratio": 0,
        "latest_reinvestment_rate": null,
        "latest_research_to_sale_ratio": null
    },
    "eps_dividends": {
        "2001": {
            "cash": 0,
            "stock": 1,
            "eps": 0.77
        },
        "2002": {
            "cash": 0,
            "stock": 2,
            "eps": 3.38
        },
        "2003": {
            "cash": 0,
            "stock": 2,
            "eps": 0.92
        },
        "2004": {
            "cash": 0,
            "stock": 1,
            "eps": -0.14
        },
        "2005": {
            "cash": 0,
            "stock": 0,
            "eps": -1.59
        },
        "2006": {
            "cash": 0,
            "stock": 0,
            "eps": -1.72
        },
        "2007": {
            "cash": 0,
            "stock": 0,
            "eps": 0.29
        },
        "2008": {
            "cash": 0,
            "stock": 0,
            "eps": -2.67
        },
        "2009": {
            "cash": 0,
            "stock": 0,
            "eps": -1.44
        },
        "2010": {
            "cash": 0,
            "stock": 0,
            "eps": -0.83
        },
        "2011": {
            "cash": 0,
            "stock": 0,
            "eps": -1.01
        },
        "2012": {
            "cash": 0,
            "stock": 0,
            "eps": -0.86
        },
        "2013": {
            "cash": 0,
            "stock": 0,
            "eps": -0.98
        },
        "2014": {
            "cash": 0,
            "stock": 0,
            "eps": -1.52
        },
        "2015": {
            "cash": 0,
            "stock": 0,
            "eps": -1.4
        },
        "2016": {
            "cash": 0,
            "stock": 0,
            "eps": -0.1
        },
        "2017": {
            "cash": 0,
            "stock": 0,
            "eps": -1.21
        },
        "2018": {
            "cash": 0,
            "stock": 0,
            "eps": 0.78
        },
        "2019": {
            "cash": 0,
            "stock": 0,
            "eps": -1.06
        },
        "2020": {
            "cash": 0,
            "stock": 0,
            "eps": -0.17
        },
        "2021": {
            "cash": 0,
            "stock": 0,
            "eps": -0.11
        },
        "2022": {
            "cash": 0,
            "stock": 0,
            "eps": -0.85
        },
        "2023": {
            "cash": 0,
            "stock": 0,
            "eps": -0.3
        }
    },
    "dividends": {
        "2001-06-18": {
            "cash": 0,
            "stock": 1.4
        },
        "2002-06-25": {
            "cash": 0,
            "stock": 1.5
        },
        "2003-06-18": {
            "cash": 0,
            "stock": 2
        },
        "2004-03-26": {
            "cash": 0.15,
            "stock": 0.75
        }
    },
    "prices": {
        "200101": "無",
        "200102": "無",
        "200103": "無",
        "200104": "無",
        "200105": "無",
        "200106": "無",
        "200107": "無",
        "200108": "無",
        "200109": "無",
        "200110": "無",
        "200111": "無",
        "200112": "無",
        "200201": "無",
        "200202": "無",
        "200203": "無",
        "200204": "無",
        "200205": "無",
        "200206": "無",
        "200207": "無",
        "200208": "無",
        "200209": "無",
        "200210": "無",
        "200211": "無",
        "200212": "46.72",
        "200301": "52.61",
        "200302": "53.50",
        "200303": "52.14",
        "200304": "59.68",
        "200305": "50.96",
        "200306": "51.07",
        "200307": "54.33",
        "200308": "47.81",
        "200309": "35.51",
        "200310": "33.61",
        "200311": "30.04",
        "200312": "31.17",
        "200401": "31.07",
        "200402": "29.46",
        "200403": "26.60",
        "200404": "23.18",
        "200405": "17.84",
        "200406": "17.76",
        "200407": "17.02",
        "200408": "16.99",
        "200409": "15.60",
        "200410": "15.21",
        "200411": "14.67",
        "200412": "12.68",
        "200501": "12.34",
        "200502": "13.23",
        "200503": "13.20",
        "200504": "11.95",
        "200505": "10.59",
        "200506": "13.75",
        "200507": "14.04",
        "200508": "12.25",
        "200509": "11.07",
        "200510": "11.25",
        "200511": "11.09",
        "200512": "12.86",
        "200601": "15.93",
        "200602": "19.21",
        "200603": "18.01",
        "200604": "15.89",
        "200605": "15.27",
        "200606": "13.22",
        "200607": "12.65",
        "200608": "11.29",
        "200609": "12.20",
        "200610": "11.45",
        "200611": "12.81",
        "200612": "13.51",
        "200701": "14.55",
        "200702": "14.38",
        "200703": "14.93",
        "200704": "18.13",
        "200705": "19.08",
        "200706": "29.25",
        "200707": "35.16",
        "200708": "26.22",
        "200709": "23.82",
        "200710": "20.43",
        "200711": "18.12",
        "200712": "16.24",
        "200801": "13.27",
        "200802": "11.15",
        "200803": "13.07",
        "200804": "13.54",
        "200805": "14.11",
        "200806": "12.31",
        "200807": "10.71",
        "200808": "9.81",
        "200809": "8.32",
        "200810": "6.88",
        "200811": "5.46",
        "200812": "5.07",
        "200901": "4.93",
        "200902": "5.71",
        "200903": "6.32",
        "200904": "7.15",
        "200905": "7.06",
        "200906": "7.79",
        "200907": "7.18",
        "200908": "8.45",
        "200909": "8.43",
        "200910": "9.54",
        "200911": "10.13",
        "200912": "11.68",
        "201001": "13.34",
        "201002": "11.36",
        "201003": "12.64",
        "201004": "12.84",
        "201005": "12.29",
        "201006": "11.65",
        "201007": "11.88",
        "201008": "11.91",
        "201009": "11.37",
        "201010": "10.31",
        "201011": "9.92",
        "201012": "9.72",
        "201101": "10.18",
        "201102": "9.46",
        "201103": "9.37",
        "201104": "9.11",
        "201105": "8.91",
        "201106": "8.78",
        "201107": "7.74",
        "201108": "7.83",
        "201109": "7.73",
        "201110": "7.30",
        "201111": "7.11",
        "201112": "6.36",
        "201201": "5.86",
        "201202": "6.78",
        "201203": "6.63",
        "201204": "5.67",
        "201205": "5.08",
        "201206": "5.20",
        "201207": "5.04",
        "201208": "4.91",
        "201209": "5.11",
        "201210": "5.53",
        "201211": "5.29",
        "201212": "5.30",
        "201301": "5.57",
        "201302": "5.86",
        "201303": "5.43",
        "201304": "5.37",
        "201305": "5.40",
        "201306": "6.63",
        "201307": "6.45",
        "201308": "6.89",
        "201309": "8.55",
        "201310": "9.10",
        "201311": "10.19",
        "201312": "16.38",
        "201401": "19.46",
        "201402": "20.83",
        "201403": "19.95",
        "201404": "17.07",
        "201405": "16.02",
        "201406": "15.74",
        "201407": "15.58",
        "201408": "16.65",
        "201409": "15.90",
        "201410": "15.92",
        "201411": "16.22",
        "201412": "16.47",
        "201501": "16.92",
        "201502": "16.39",
        "201503": "16.82",
        "201504": "16.06",
        "201505": "15.66",
        "201506": "15.32",
        "201507": "15.53",
        "201508": "15.05",
        "201509": "15.22",
        "201510": "15.08",
        "201511": "14.46",
        "201512": "15.08",
        "201601": "15.35",
        "201602": "15.74",
        "201603": "16.53",
        "201604": "19.23",
        "201605": "19.86",
        "201606": "21.45",
        "201607": "23.42",
        "201608": "23.34",
        "201609": "23.22",
        "201610": "22.07",
        "201611": "20.55",
        "201612": "23.01",
        "201701": "23.72",
        "201702": "23.64",
        "201703": "22.08",
        "201704": "20.47",
        "201705": "18.94",
        "201706": "16.72",
        "201707": "17.49",
        "201708": "24.49",
        "201709": "26.02",
        "201710": "24.92",
        "201711": "22.87",
        "201712": "18.24",
        "201801": "18.04",
        "201802": "17.49",
        "201803": "16.98",
        "201804": "17.88",
        "201805": "18.60",
        "201806": "18.02",
        "201807": "18.05",
        "201808": "18.46",
        "201809": "17.91",
        "201810": "17.85",
        "201811": "16.20",
        "201812": "14.31",
        "201901": "14.63",
        "201902": "17.13",
        "201903": "17.78",
        "201904": "16.58",
        "201905": "15.43",
        "201906": "15.25",
        "201907": "15.26",
        "201908": "15.08",
        "201909": "14.71",
        "201910": "14.87",
        "201911": "13.44",
        "201912": "12.23",
        "202001": "13.27",
        "202002": "12.82",
        "202003": "12.09",
        "202004": "11.06",
        "202005": "10.37",
        "202006": "12.49",
        "202007": "14.41",
        "202008": "13.86",
        "202009": "13.30",
        "202010": "12.81",
        "202011": "13.03",
        "202012": "33.11",
        "202101": "37.48",
        "202102": "40.46",
        "202103": "36.65",
        "202104": "38.72",
        "202105": "36.93",
        "202106": "35.89",
        "202107": "34.50",
        "202108": "34.72",
        "202109": "36.32",
        "202110": "34.60",
        "202111": "35.44",
        "202112": "34.64",
        "202201": "34.72",
        "202202": "34.97",
        "202203": "34.64",
        "202204": "34.48",
        "202205": "34.35",
        "202206": "31.94",
        "202207": "30.59",
        "202208": "30.84",
        "202209": "29.35",
        "202210": "27.68",
        "202211": "22.65",
        "202212": "19.71",
        "202301": "19.44",
        "202302": "19.22",
        "202303": "20.28",
        "202304": "21.71",
        "202305": "25.43"
    },
    "quarters": {
        "20011": {
            "year_quarter": 20011,
            "year": 2001,
            "quarter": 1,
            "eps": 0.46,
            "eps_growth_year": null,
            "eps_4q": null,
            "eps_4q_growth_year": null,
            "roe": 2.27,
            "roe_4q": 2.27,
            "gross_profit": 26168,
            "gross_margin": 46.8,
            "gross_margin_4q_avg": 46.8,
            "net_income": 6862,
            "revenue": 55920,
            "common_shares": 150000,
            "book_valuer_per_share": 20.39,
            "book_valuer_per_share_4q_avg": 20.39,
            "equity": 305900,
            "current_ratio": 831.42,
            "debt_ratio": 8.41,
            "inventory_turnover_ratio": 0.36,
            "account_receivable_turnover_ratio": null,
            "reinvestment_rate": null,
            "research_to_sale_ratio": null,
            "price_fair": 0,
            "eps_avg_yearly": 0,
            "eps_latest_yearly": 0,
            "eps_growth_yearly": 0
        },
        "20012": {
            "year_quarter": 20012,
            "year": 2001,
            "quarter": 2,
            "eps": 0.31,
            "eps_growth_year": null,
            "eps_4q": null,
            "eps_4q_growth_year": null,
            "roe": 1.76,
            "roe_4q": 4.03,
            "gross_profit": 27273,
            "gross_margin": 49.66,
            "gross_margin_4q_avg": 48.23,
            "net_income": 5436,
            "revenue": 54916,
            "common_shares": 150000,
            "book_valuer_per_share": 20.83,
            "book_valuer_per_share_4q_avg": 20.61,
            "equity": 312414,
            "current_ratio": 1271.89,
            "debt_ratio": 5.63,
            "inventory_turnover_ratio": 0.43,
            "account_receivable_turnover_ratio": null,
            "reinvestment_rate": null,
            "research_to_sale_ratio": null,
            "price_fair": 0,
            "eps_avg_yearly": 0,
            "eps_latest_yearly": 0,
            "eps_growth_yearly": 0
        },
        "20013": {
            "year_quarter": 20013,
            "year": 2001,
            "quarter": 3,
            "eps": null,
            "eps_growth_year": null,
            "eps_4q": null,
            "eps_4q_growth_year": null,
            "roe": null,
            "roe_4q": 4.03,
            "gross_profit": null,
            "gross_margin": null,
            "gross_margin_4q_avg": 32.15,
            "net_income": null,
            "revenue": null,
            "common_shares": null,
            "book_valuer_per_share": null,
            "book_valuer_per_share_4q_avg": 13.74,
            "equity": null,
            "current_ratio": null,
            "debt_ratio": null,
            "inventory_turnover_ratio": null,
            "account_receivable_turnover_ratio": null,
            "reinvestment_rate": null,
            "research_to_sale_ratio": null,
            "price_fair": 0,
            "eps_avg_yearly": 0,
            "eps_latest_yearly": 0,
            "eps_growth_yearly": 0
        },
        "20014": {
            "year_quarter": 20014,
            "year": 2001,
            "quarter": 4,
            "eps": null,
            "eps_growth_year": null,
            "eps_4q": null,
            "eps_4q_growth_year": null,
            "roe": null,
            "roe_4q": 4.03,
            "gross_profit": null,
            "gross_margin": null,
            "gross_margin_4q_avg": 24.12,
            "net_income": null,
            "revenue": null,
            "common_shares": 174700,
            "book_valuer_per_share": 19.71,
            "book_valuer_per_share_4q_avg": 15.23,
            "equity": 344310,
            "current_ratio": 1243.38,
            "debt_ratio": 6.07,
            "inventory_turnover_ratio": null,
            "account_receivable_turnover_ratio": null,
            "reinvestment_rate": null,
            "research_to_sale_ratio": null,
            "price_fair": 0,
            "eps_avg_yearly": 0,
            "eps_latest_yearly": 0,
            "eps_growth_yearly": 0
        },
        "20021": {
            "year_quarter": 20021,
            "year": 2002,
            "quarter": 1,
            "eps": 0.82,
            "eps_growth_year": 78.26,
            "eps_4q": null,
            "eps_4q_growth_year": null,
            "roe": 4.09,
            "roe_4q": 5.85,
            "gross_profit": 42871,
            "gross_margin": 56.87,
            "gross_margin_4q_avg": 26.63,
            "net_income": 14362,
            "revenue": 75385,
            "common_shares": 174700,
            "book_valuer_per_share": 20.53,
            "book_valuer_per_share_4q_avg": 15.27,
            "equity": 358733,
            "current_ratio": 506.2,
            "debt_ratio": 14.12,
            "inventory_turnover_ratio": 1.92,
            "account_receivable_turnover_ratio": null,
            "reinvestment_rate": null,
            "research_to_sale_ratio": null,
            "price_fair": 0,
            "eps_avg_yearly": 0,
            "eps_latest_yearly": 0,
            "eps_growth_yearly": 0
        },
        "20022": {
            "year_quarter": 20022,
            "year": 2002,
            "quarter": 2,
            "eps": 0.93,
            "eps_growth_year": 200,
            "eps_4q": null,
            "eps_4q_growth_year": null,
            "roe": 4.45,
            "roe_4q": 8.54,
            "gross_profit": 57086,
            "gross_margin": 60.28,
            "gross_margin_4q_avg": 29.29,
            "net_income": 16308,
            "revenue": 94700,
            "common_shares": 174700,
            "book_valuer_per_share": 21.4,
            "book_valuer_per_share_4q_avg": 15.41,
            "equity": 373841,
            "current_ratio": 425.67,
            "debt_ratio": 17.63,
            "inventory_turnover_ratio": 1.39,
            "account_receivable_turnover_ratio": null,
            "reinvestment_rate": null,
            "research_to_sale_ratio": null,
            "price_fair": 130.2,
            "eps_avg_yearly": 3.72,
            "eps_latest_yearly": 3.72,
            "eps_growth_yearly": 53.66
        },
        "20023": {
            "year_quarter": 20023,
            "year": 2002,
            "quarter": 3,
            "eps": 0.85,
            "eps_growth_year": null,
            "eps_4q": null,
            "eps_4q_growth_year": null,
            "roe": 4.58,
            "roe_4q": 13.120000000000001,
            "gross_profit": 48938,
            "gross_margin": 60.38,
            "gross_margin_4q_avg": 44.38,
            "net_income": 17536,
            "revenue": 81046,
            "common_shares": 205525,
            "book_valuer_per_share": 19.08,
            "book_valuer_per_share_4q_avg": 20.18,
            "equity": 392126,
            "current_ratio": 741.2,
            "debt_ratio": 10.37,
            "inventory_turnover_ratio": 0.75,
            "account_receivable_turnover_ratio": null,
            "reinvestment_rate": null,
            "research_to_sale_ratio": null,
            "price_fair": 69.86,
            "eps_avg_yearly": 3.56,
            "eps_latest_yearly": 3.4,
            "eps_growth_yearly": 9.62
        },
        "20024": {
            "year_quarter": 20024,
            "year": 2002,
            "quarter": 4,
            "eps": 0.78,
            "eps_growth_year": null,
            "eps_4q": 3.13,
            "eps_4q_growth_year": null,
            "roe": 3.99,
            "roe_4q": 17.11,
            "gross_profit": 40952,
            "gross_margin": 55.87,
            "gross_margin_4q_avg": 58.35,
            "net_income": 15977,
            "revenue": 73295,
            "common_shares": 205525,
            "book_valuer_per_share": 19.86,
            "book_valuer_per_share_4q_avg": 20.22,
            "equity": 408163,
            "current_ratio": 680.51,
            "debt_ratio": 11.57,
            "inventory_turnover_ratio": 0.73,
            "account_receivable_turnover_ratio": null,
            "reinvestment_rate": null,
            "research_to_sale_ratio": null,
            "price_fair": 10.24,
            "eps_avg_yearly": 3.41,
            "eps_latest_yearly": 3.12,
            "eps_growth_yearly": -4.56
        },
        "20031": {
            "year_quarter": 20031,
            "year": 2003,
            "quarter": 1,
            "eps": 0.92,
            "eps_growth_year": 12.2,
            "eps_4q": 3.35,
            "eps_4q_growth_year": null,
            "roe": 4.51,
            "roe_4q": 17.53,
            "gross_profit": 52563,
            "gross_margin": 61.78,
            "gross_margin_4q_avg": 59.58,
            "net_income": 18842,
            "revenue": 85085,
            "common_shares": 205525,
            "book_valuer_per_share": 20.78,
            "book_valuer_per_share_4q_avg": 20.28,
            "equity": 426988,
            "current_ratio": 705.96,
            "debt_ratio": 10.73,
            "inventory_turnover_ratio": 0.92,
            "account_receivable_turnover_ratio": null,
            "reinvestment_rate": null,
            "research_to_sale_ratio": null,
            "price_fair": 85.35,
            "eps_avg_yearly": 3.48,
            "eps_latest_yearly": 3.68,
            "eps_growth_yearly": 14.53
        },
        "20032": {
            "year_quarter": 20032,
            "year": 2003,
            "quarter": 2,
            "eps": -0.27,
            "eps_growth_year": -129.03,
            "eps_4q": 2.28,
            "eps_4q_growth_year": null,
            "roe": -1.32,
            "roe_4q": 11.76,
            "gross_profit": 17195,
            "gross_margin": 35.25,
            "gross_margin_4q_avg": 53.32,
            "net_income": -5590,
            "revenue": 48781,
            "common_shares": 205525,
            "book_valuer_per_share": 20.5,
            "book_valuer_per_share_4q_avg": 20.06,
            "equity": 421373,
            "current_ratio": 849.27,
            "debt_ratio": 9.14,
            "inventory_turnover_ratio": 1.02,
            "account_receivable_turnover_ratio": null,
            "reinvestment_rate": null,
            "research_to_sale_ratio": null,
            "price_fair": 85.35,
            "eps_avg_yearly": 3.48,
            "eps_latest_yearly": 3.68,
            "eps_growth_yearly": 14.53
        },
        "20033": {
            "year_quarter": 20033,
            "year": 2003,
            "quarter": 3,
            "eps": 0,
            "eps_growth_year": -100,
            "eps_4q": 1.15,
            "eps_4q_growth_year": null,
            "roe": -0.01,
            "roe_4q": 7.17,
            "gross_profit": 31935,
            "gross_margin": 58.58,
            "gross_margin_4q_avg": 52.87,
            "net_income": -48,
            "revenue": 54518,
            "common_shares": 253880,
            "book_valuer_per_share": 16.6,
            "book_valuer_per_share_4q_avg": 19.44,
            "equity": 421345,
            "current_ratio": 1458.9,
            "debt_ratio": 5.33,
            "inventory_turnover_ratio": 0.63,
            "account_receivable_turnover_ratio": null,
            "reinvestment_rate": null,
            "research_to_sale_ratio": null,
            "price_fair": 85.35,
            "eps_avg_yearly": 3.48,
            "eps_latest_yearly": 3.68,
            "eps_growth_yearly": 14.53
        },
        "20034": {
            "year_quarter": 20034,
            "year": 2003,
            "quarter": 4,
            "eps": 0.27,
            "eps_growth_year": -65.38,
            "eps_4q": 0.79,
            "eps_4q_growth_year": -74.75,
            "roe": 1.61,
            "roe_4q": 4.79,
            "gross_profit": 29181,
            "gross_margin": 52.03,
            "gross_margin_4q_avg": 51.91,
            "net_income": 6841,
            "revenue": 56089,
            "common_shares": 253880,
            "book_valuer_per_share": 16.86,
            "book_valuer_per_share_4q_avg": 18.69,
            "equity": 428102,
            "current_ratio": 1621.53,
            "debt_ratio": 4.68,
            "inventory_turnover_ratio": 0.75,
            "account_receivable_turnover_ratio": null,
            "reinvestment_rate": null,
            "research_to_sale_ratio": null,
            "price_fair": 85.35,
            "eps_avg_yearly": 3.48,
            "eps_latest_yearly": 3.68,
            "eps_growth_yearly": 14.53
        },
        "20041": {
            "year_quarter": 20041,
            "year": 2004,
            "quarter": 1,
            "eps": 0.26,
            "eps_growth_year": -71.74,
            "eps_4q": 0.31,
            "eps_4q_growth_year": -90.86,
            "roe": 1.56,
            "roe_4q": 1.84,
            "gross_profit": 31007,
            "gross_margin": 44.99,
            "gross_margin_4q_avg": 47.71,
            "net_income": 6716,
            "revenue": 68917,
            "common_shares": 253880,
            "book_valuer_per_share": 17.08,
            "book_valuer_per_share_4q_avg": 17.76,
            "equity": 433753,
            "current_ratio": 1109.79,
            "debt_ratio": 6.25,
            "inventory_turnover_ratio": 1.18,
            "account_receivable_turnover_ratio": null,
            "reinvestment_rate": null,
            "research_to_sale_ratio": null,
            "price_fair": 55.82,
            "eps_avg_yearly": 2.99,
            "eps_latest_yearly": 1.04,
            "eps_growth_yearly": 8.66
        },
        "20042": {
            "year_quarter": 20042,
            "year": 2004,
            "quarter": 2,
            "eps": -0.12,
            "eps_growth_year": null,
            "eps_4q": 0.42,
            "eps_4q_growth_year": -81.73,
            "roe": -0.69,
            "roe_4q": 2.4700000000000006,
            "gross_profit": 22996,
            "gross_margin": 43.62,
            "gross_margin_4q_avg": 49.81,
            "net_income": -2954,
            "revenue": 52718,
            "common_shares": 253880,
            "book_valuer_per_share": 16.8,
            "book_valuer_per_share_4q_avg": 16.84,
            "equity": 426434,
            "current_ratio": 978.64,
            "debt_ratio": 24.73,
            "inventory_turnover_ratio": 0.93,
            "account_receivable_turnover_ratio": null,
            "reinvestment_rate": null,
            "research_to_sale_ratio": null,
            "price_fair": 55.82,
            "eps_avg_yearly": 2.99,
            "eps_latest_yearly": 1.04,
            "eps_growth_yearly": 8.66
        },
        "20043": {
            "year_quarter": 20043,
            "year": 2004,
            "quarter": 3,
            "eps": 0.12,
            "eps_growth_year": null,
            "eps_4q": 0.51,
            "eps_4q_growth_year": -55.62,
            "roe": 0.76,
            "roe_4q": 3.24,
            "gross_profit": 30770,
            "gross_margin": 44.58,
            "gross_margin_4q_avg": 46.31,
            "net_income": 3262,
            "revenue": 69020,
            "common_shares": 276362,
            "book_valuer_per_share": 15.47,
            "book_valuer_per_share_4q_avg": 16.55,
            "equity": 427452,
            "current_ratio": 658.38,
            "debt_ratio": 26.04,
            "inventory_turnover_ratio": 0.87,
            "account_receivable_turnover_ratio": null,
            "reinvestment_rate": null,
            "research_to_sale_ratio": null,
            "price_fair": 55.82,
            "eps_avg_yearly": 2.99,
            "eps_latest_yearly": 1.04,
            "eps_growth_yearly": 8.66
        },
        "20044": {
            "year_quarter": 20044,
            "year": 2004,
            "quarter": 4,
            "eps": -0.4,
            "eps_growth_year": -248.15,
            "eps_4q": -0.14,
            "eps_4q_growth_year": -117.7,
            "roe": -2.62,
            "roe_4q": -0.9899999999999998,
            "gross_profit": 27437,
            "gross_margin": 46.31,
            "gross_margin_4q_avg": 44.88,
            "net_income": -10838,
            "revenue": 59251,
            "common_shares": 276362,
            "book_valuer_per_share": 14.43,
            "book_valuer_per_share_4q_avg": 15.95,
            "equity": 398892,
            "current_ratio": 804.71,
            "debt_ratio": 25.84,
            "inventory_turnover_ratio": 0.55,
            "account_receivable_turnover_ratio": null,
            "reinvestment_rate": null,
            "research_to_sale_ratio": null,
            "price_fair": 55.82,
            "eps_avg_yearly": 2.99,
            "eps_latest_yearly": 1.04,
            "eps_growth_yearly": 8.66
        },
        "20051": {
            "year_quarter": 20051,
            "year": 2005,
            "quarter": 1,
            "eps": -0.52,
            "eps_growth_year": -300,
            "eps_4q": -0.92,
            "eps_4q_growth_year": -398.72,
            "roe": -3.52,
            "roe_4q": -6.07,
            "gross_profit": 18406,
            "gross_margin": 39.22,
            "gross_margin_4q_avg": 43.43,
            "net_income": -13835,
            "revenue": 46928,
            "common_shares": 278256,
            "book_valuer_per_share": 13.92,
            "book_valuer_per_share_4q_avg": 15.16,
            "equity": 387452,
            "current_ratio": 999.79,
            "debt_ratio": 24.64,
            "inventory_turnover_ratio": 0.5,
            "account_receivable_turnover_ratio": null,
            "reinvestment_rate": null,
            "research_to_sale_ratio": null,
            "price_fair": 55.82,
            "eps_avg_yearly": 2.99,
            "eps_latest_yearly": 1.04,
            "eps_growth_yearly": 8.66
        },
        "20052": {
            "year_quarter": 20052,
            "year": 2005,
            "quarter": 2,
            "eps": -0.49,
            "eps_growth_year": null,
            "eps_4q": -1.24,
            "eps_4q_growth_year": -397.76,
            "roe": -3.42,
            "roe_4q": -8.799999999999999,
            "gross_profit": 18620,
            "gross_margin": 43.15,
            "gross_margin_4q_avg": 43.32,
            "net_income": -13035,
            "revenue": 43154,
            "common_shares": 278256,
            "book_valuer_per_share": 13.46,
            "book_valuer_per_share_4q_avg": 14.32,
            "equity": 374437,
            "current_ratio": 1053.21,
            "debt_ratio": 25.01,
            "inventory_turnover_ratio": 0.44,
            "account_receivable_turnover_ratio": null,
            "reinvestment_rate": null,
            "research_to_sale_ratio": null,
            "price_fair": 55.82,
            "eps_avg_yearly": 2.99,
            "eps_latest_yearly": 1.04,
            "eps_growth_yearly": 8.66
        },
        "20053": {
            "year_quarter": 20053,
            "year": 2005,
            "quarter": 3,
            "eps": 0.04,
            "eps_growth_year": -66.67,
            "eps_4q": -1.22,
            "eps_4q_growth_year": -340.03,
            "roe": 0.32,
            "roe_4q": -9.24,
            "gross_profit": 27190,
            "gross_margin": 47.7,
            "gross_margin_4q_avg": 44.1,
            "net_income": 1193,
            "revenue": 57007,
            "common_shares": 279544,
            "book_valuer_per_share": 13.52,
            "book_valuer_per_share_4q_avg": 13.83,
            "equity": 377904,
            "current_ratio": 194.99,
            "debt_ratio": 27.27,
            "inventory_turnover_ratio": 0.52,
            "account_receivable_turnover_ratio": null,
            "reinvestment_rate": null,
            "research_to_sale_ratio": null,
            "price_fair": 55.82,
            "eps_avg_yearly": 2.99,
            "eps_latest_yearly": 1.04,
            "eps_growth_yearly": 8.66
        },
        "20054": {
            "year_quarter": 20054,
            "year": 2005,
            "quarter": 4,
            "eps": -0.62,
            "eps_growth_year": null,
            "eps_4q": -1.59,
            "eps_4q_growth_year": null,
            "roe": -4.49,
            "roe_4q": -11.11,
            "gross_profit": 15761,
            "gross_margin": 35.21,
            "gross_margin_4q_avg": 41.32,
            "net_income": -16626,
            "revenue": 44767,
            "common_shares": 279998,
            "book_valuer_per_share": 12.93,
            "book_valuer_per_share_4q_avg": 13.46,
            "equity": 361997,
            "current_ratio": 177.84,
            "debt_ratio": 29.49,
            "inventory_turnover_ratio": 0.54,
            "account_receivable_turnover_ratio": null,
            "reinvestment_rate": 231.67,
            "research_to_sale_ratio": null,
            "price_fair": 55.82,
            "eps_avg_yearly": 2.99,
            "eps_latest_yearly": 1.04,
            "eps_growth_yearly": 8.66
        },
        "20061": {
            "year_quarter": 20061,
            "year": 2006,
            "quarter": 1,
            "eps": -0.4,
            "eps_growth_year": null,
            "eps_4q": -1.41,
            "eps_4q_growth_year": null,
            "roe": -3.05,
            "roe_4q": -10.64,
            "gross_profit": 19585,
            "gross_margin": 45.39,
            "gross_margin_4q_avg": 42.86,
            "net_income": -11299,
            "revenue": 43146,
            "common_shares": 298180,
            "book_valuer_per_share": 12.68,
            "book_valuer_per_share_4q_avg": 13.15,
            "equity": 378211,
            "current_ratio": 211.35,
            "debt_ratio": 22.24,
            "inventory_turnover_ratio": 0.49,
            "account_receivable_turnover_ratio": null,
            "reinvestment_rate": 714,
            "research_to_sale_ratio": null,
            "price_fair": 55.82,
            "eps_avg_yearly": 2.99,
            "eps_latest_yearly": 1.04,
            "eps_growth_yearly": 8.66
        },
        "20062": {
            "year_quarter": 20062,
            "year": 2006,
            "quarter": 2,
            "eps": -0.46,
            "eps_growth_year": null,
            "eps_4q": -1.3,
            "eps_4q_growth_year": null,
            "roe": -3.5,
            "roe_4q": -10.719999999999999,
            "gross_profit": 23397,
            "gross_margin": 44.5,
            "gross_margin_4q_avg": 43.2,
            "net_income": -13242,
            "revenue": 52583,
            "common_shares": 308256,
            "book_valuer_per_share": 12.28,
            "book_valuer_per_share_4q_avg": 12.85,
            "equity": 378543,
            "current_ratio": 235.23,
            "debt_ratio": 19.07,
            "inventory_turnover_ratio": 0.68,
            "account_receivable_turnover_ratio": null,
            "reinvestment_rate": null,
            "research_to_sale_ratio": null,
            "price_fair": 8.43,
            "eps_avg_yearly": 2.81,
            "eps_latest_yearly": 1.04,
            "eps_growth_yearly": -2.59
        },
        "20063": {
            "year_quarter": 20063,
            "year": 2006,
            "quarter": 3,
            "eps": -0.15,
            "eps_growth_year": -475,
            "eps_4q": -1.48,
            "eps_4q_growth_year": null,
            "roe": -1.15,
            "roe_4q": -12.190000000000001,
            "gross_profit": 17681,
            "gross_margin": 41.56,
            "gross_margin_4q_avg": 41.67,
            "net_income": -4353,
            "revenue": 42546,
            "common_shares": 308256,
            "book_valuer_per_share": 12.18,
            "book_valuer_per_share_4q_avg": 12.52,
            "equity": 375350,
            "current_ratio": 209.31,
            "debt_ratio": 20.68,
            "inventory_turnover_ratio": 0.62,
            "account_receivable_turnover_ratio": null,
            "reinvestment_rate": null,
            "research_to_sale_ratio": null,
            "price_fair": 47.07,
            "eps_avg_yearly": 2.61,
            "eps_latest_yearly": 1.04,
            "eps_growth_yearly": 8.01
        },
        "20064": {
            "year_quarter": 20064,
            "year": 2006,
            "quarter": 4,
            "eps": -0.71,
            "eps_growth_year": null,
            "eps_4q": -1.69,
            "eps_4q_growth_year": null,
            "roe": -5.66,
            "roe_4q": -13.36,
            "gross_profit": 28778,
            "gross_margin": 51.16,
            "gross_margin_4q_avg": 45.65,
            "net_income": -20675,
            "revenue": 56252,
            "common_shares": 308938,
            "book_valuer_per_share": 11.5,
            "book_valuer_per_share_4q_avg": 12.16,
            "equity": 355216,
            "current_ratio": 215.37,
            "debt_ratio": 23,
            "inventory_turnover_ratio": 0.66,
            "account_receivable_turnover_ratio": null,
            "reinvestment_rate": null,
            "research_to_sale_ratio": null,
            "price_fair": 82.6,
            "eps_avg_yearly": 2.36,
            "eps_latest_yearly": 1.04,
            "eps_growth_yearly": 28.49
        },
        "20071": {
            "year_quarter": 20071,
            "year": 2007,
            "quarter": 1,
            "eps": -0.01,
            "eps_growth_year": null,
            "eps_4q": -3.02,
            "eps_4q_growth_year": null,
            "roe": -0.04,
            "roe_4q": -10.35,
            "gross_profit": 24821,
            "gross_margin": 52.4,
            "gross_margin_4q_avg": 47.41,
            "net_income": -127,
            "revenue": 47364,
            "common_shares": 308938,
            "book_valuer_per_share": 11.53,
            "book_valuer_per_share_4q_avg": 11.87,
            "equity": 356080,
            "current_ratio": 218.63,
            "debt_ratio": 18.96,
            "inventory_turnover_ratio": 0.59,
            "account_receivable_turnover_ratio": null,
            "reinvestment_rate": null,
            "research_to_sale_ratio": null,
            "price_fair": 3.12,
            "eps_avg_yearly": 1.04,
            "eps_latest_yearly": 1.04,
            "eps_growth_yearly": -14.81
        },
        "20072": {
            "year_quarter": 20072,
            "year": 2007,
            "quarter": 2,
            "eps": 0.01,
            "eps_growth_year": null,
            "eps_4q": -0.75,
            "eps_4q_growth_year": null,
            "roe": 0.11,
            "roe_4q": -6.74,
            "gross_profit": 28943,
            "gross_margin": 51.32,
            "gross_margin_4q_avg": 49.11,
            "net_income": 409,
            "revenue": 56396,
            "common_shares": 328180,
            "book_valuer_per_share": 11.82,
            "book_valuer_per_share_4q_avg": 11.76,
            "equity": 387970,
            "current_ratio": 306.92,
            "debt_ratio": 13.77,
            "inventory_turnover_ratio": 0.81,
            "account_receivable_turnover_ratio": null,
            "reinvestment_rate": null,
            "research_to_sale_ratio": null,
            "price_fair": 3.12,
            "eps_avg_yearly": 1.04,
            "eps_latest_yearly": 1.04,
            "eps_growth_yearly": -14.81
        },
        "20073": {
            "year_quarter": 20073,
            "year": 2007,
            "quarter": 3,
            "eps": 0.07,
            "eps_growth_year": null,
            "eps_4q": -0.59,
            "eps_4q_growth_year": null,
            "roe": 0.53,
            "roe_4q": -5.0600000000000005,
            "gross_profit": 29486,
            "gross_margin": 50.63,
            "gross_margin_4q_avg": 51.38,
            "net_income": 2157,
            "revenue": 58236,
            "common_shares": 342296,
            "book_valuer_per_share": 12.47,
            "book_valuer_per_share_4q_avg": 11.83,
            "equity": 426704,
            "current_ratio": 609.18,
            "debt_ratio": 7.2,
            "inventory_turnover_ratio": 0.82,
            "account_receivable_turnover_ratio": null,
            "reinvestment_rate": null,
            "research_to_sale_ratio": null,
            "price_fair": 23.1,
            "eps_avg_yearly": 0.66,
            "eps_latest_yearly": 0.28,
            "eps_growth_yearly": 1192.59
        },
        "20074": {
            "year_quarter": 20074,
            "year": 2007,
            "quarter": 4,
            "eps": 0.22,
            "eps_growth_year": null,
            "eps_4q": 0.3,
            "eps_4q_growth_year": null,
            "roe": 1.61,
            "roe_4q": 2.21,
            "gross_profit": 31596,
            "gross_margin": 55.25,
            "gross_margin_4q_avg": 52.4,
            "net_income": 6938,
            "revenue": 57191,
            "common_shares": 345976,
            "book_valuer_per_share": 12.57,
            "book_valuer_per_share_4q_avg": 12.1,
            "equity": 434891,
            "current_ratio": 788.52,
            "debt_ratio": 6.32,
            "inventory_turnover_ratio": 0.72,
            "account_receivable_turnover_ratio": null,
            "reinvestment_rate": null,
            "research_to_sale_ratio": null,
            "price_fair": 25.67,
            "eps_avg_yearly": 0.73,
            "eps_latest_yearly": 0.88,
            "eps_growth_yearly": 1080.78
        },
        "20081": {
            "year_quarter": 20081,
            "year": 2008,
            "quarter": 1,
            "eps": -0.2,
            "eps_growth_year": null,
            "eps_4q": 0.07,
            "eps_4q_growth_year": null,
            "roe": -1.61,
            "roe_4q": 0.64,
            "gross_profit": 23172,
            "gross_margin": 56.42,
            "gross_margin_4q_avg": 53.41,
            "net_income": -6934,
            "revenue": 41068,
            "common_shares": 346796,
            "book_valuer_per_share": 12.22,
            "book_valuer_per_share_4q_avg": 12.27,
            "equity": 423924,
            "current_ratio": 862.43,
            "debt_ratio": 5.55,
            "inventory_turnover_ratio": 0.53,
            "account_receivable_turnover_ratio": null,
            "reinvestment_rate": null,
            "research_to_sale_ratio": null,
            "price_fair": 20.3,
            "eps_avg_yearly": 0.58,
            "eps_latest_yearly": 0.88,
            "eps_growth_yearly": 1628.57
        },
        "20082": {
            "year_quarter": 20082,
            "year": 2008,
            "quarter": 2,
            "eps": -0.39,
            "eps_growth_year": -4000,
            "eps_4q": -0.33,
            "eps_4q_growth_year": null,
            "roe": -3.23,
            "roe_4q": -2.6999999999999993,
            "gross_profit": 24557,
            "gross_margin": 56,
            "gross_margin_4q_avg": 54.58,
            "net_income": -13454,
            "revenue": 43853,
            "common_shares": 346796,
            "book_valuer_per_share": 11.8,
            "book_valuer_per_share_4q_avg": 12.27,
            "equity": 409334,
            "current_ratio": 995.44,
            "debt_ratio": 4.77,
            "inventory_turnover_ratio": 0.59,
            "account_receivable_turnover_ratio": null,
            "reinvestment_rate": null,
            "research_to_sale_ratio": null,
            "price_fair": 20.3,
            "eps_avg_yearly": 0.58,
            "eps_latest_yearly": 0.88,
            "eps_growth_yearly": 1628.57
        },
        "20083": {
            "year_quarter": 20083,
            "year": 2008,
            "quarter": 3,
            "eps": -0.26,
            "eps_growth_year": -471.43,
            "eps_4q": -0.64,
            "eps_4q_growth_year": null,
            "roe": -2.19,
            "roe_4q": -5.42,
            "gross_profit": 23600,
            "gross_margin": 58.06,
            "gross_margin_4q_avg": 56.43,
            "net_income": -8888,
            "revenue": 40646,
            "common_shares": 346796,
            "book_valuer_per_share": 11.65,
            "book_valuer_per_share_4q_avg": 12.06,
            "equity": 403948,
            "current_ratio": 1208.49,
            "debt_ratio": 3.97,
            "inventory_turnover_ratio": 0.59,
            "account_receivable_turnover_ratio": null,
            "reinvestment_rate": null,
            "research_to_sale_ratio": null,
            "price_fair": 20.3,
            "eps_avg_yearly": 0.58,
            "eps_latest_yearly": 0.88,
            "eps_growth_yearly": 1628.57
        },
        "20084": {
            "year_quarter": 20084,
            "year": 2008,
            "quarter": 4,
            "eps": -1.82,
            "eps_growth_year": -927.27,
            "eps_4q": -2.66,
            "eps_4q_growth_year": -994.6,
            "roe": -16.9,
            "roe_4q": -23.93,
            "gross_profit": 15885,
            "gross_margin": 59.28,
            "gross_margin_4q_avg": 57.44,
            "net_income": -63071,
            "revenue": 26795,
            "common_shares": 346796,
            "book_valuer_per_share": 9.88,
            "book_valuer_per_share_4q_avg": 11.39,
            "equity": 342471,
            "current_ratio": 976.66,
            "debt_ratio": 5.64,
            "inventory_turnover_ratio": 0.4,
            "account_receivable_turnover_ratio": 12.85,
            "reinvestment_rate": null,
            "research_to_sale_ratio": null,
            "price_fair": 20.3,
            "eps_avg_yearly": 0.58,
            "eps_latest_yearly": 0.88,
            "eps_growth_yearly": 1628.57
        },
        "20091": {
            "year_quarter": 20091,
            "year": 2009,
            "quarter": 1,
            "eps": -0.36,
            "eps_growth_year": null,
            "eps_4q": -2.82,
            "eps_4q_growth_year": -3910.8,
            "roe": -3.72,
            "roe_4q": -26.04,
            "gross_profit": 15674,
            "gross_margin": 63.15,
            "gross_margin_4q_avg": 59.12,
            "net_income": -12551,
            "revenue": 24819,
            "common_shares": 346796,
            "book_valuer_per_share": 9.57,
            "book_valuer_per_share_4q_avg": 10.73,
            "equity": 331908,
            "current_ratio": 1163.71,
            "debt_ratio": 4.33,
            "inventory_turnover_ratio": 0.37,
            "account_receivable_turnover_ratio": 5.05,
            "reinvestment_rate": null,
            "research_to_sale_ratio": null,
            "price_fair": 20.3,
            "eps_avg_yearly": 0.58,
            "eps_latest_yearly": 0.88,
            "eps_growth_yearly": 1628.57
        },
        "20092": {
            "year_quarter": 20092,
            "year": 2009,
            "quarter": 2,
            "eps": -0.47,
            "eps_growth_year": null,
            "eps_4q": -2.91,
            "eps_4q_growth_year": null,
            "roe": -5.08,
            "roe_4q": -27.89,
            "gross_profit": 13452,
            "gross_margin": 59.64,
            "gross_margin_4q_avg": 60.03,
            "net_income": -16401,
            "revenue": 22554,
            "common_shares": 346796,
            "book_valuer_per_share": 9.06,
            "book_valuer_per_share_4q_avg": 10.04,
            "equity": 314114,
            "current_ratio": 726.83,
            "debt_ratio": 6.9,
            "inventory_turnover_ratio": 0.42,
            "account_receivable_turnover_ratio": 5.79,
            "reinvestment_rate": null,
            "research_to_sale_ratio": null,
            "price_fair": 20.3,
            "eps_avg_yearly": 0.58,
            "eps_latest_yearly": 0.88,
            "eps_growth_yearly": 1628.57
        },
        "20093": {
            "year_quarter": 20093,
            "year": 2009,
            "quarter": 3,
            "eps": -0.25,
            "eps_growth_year": null,
            "eps_4q": -2.9,
            "eps_4q_growth_year": null,
            "roe": -2.75,
            "roe_4q": -28.45,
            "gross_profit": 15865,
            "gross_margin": 61.39,
            "gross_margin_4q_avg": 60.87,
            "net_income": -8500,
            "revenue": 25843,
            "common_shares": 346796,
            "book_valuer_per_share": 8.78,
            "book_valuer_per_share_4q_avg": 9.32,
            "equity": 304622,
            "current_ratio": 923.15,
            "debt_ratio": 5.37,
            "inventory_turnover_ratio": 0.48,
            "account_receivable_turnover_ratio": 12.21,
            "reinvestment_rate": null,
            "research_to_sale_ratio": null,
            "price_fair": 20.3,
            "eps_avg_yearly": 0.58,
            "eps_latest_yearly": 0.88,
            "eps_growth_yearly": 1628.57
        },
        "20094": {
            "year_quarter": 20094,
            "year": 2009,
            "quarter": 4,
            "eps": -0.36,
            "eps_growth_year": null,
            "eps_4q": -1.43,
            "eps_4q_growth_year": null,
            "roe": -4.18,
            "roe_4q": -15.73,
            "gross_profit": 15411,
            "gross_margin": 61.66,
            "gross_margin_4q_avg": 61.46,
            "net_income": -12570,
            "revenue": 24994,
            "common_shares": 346796,
            "book_valuer_per_share": 8.44,
            "book_valuer_per_share_4q_avg": 8.96,
            "equity": 296255,
            "current_ratio": 952.71,
            "debt_ratio": 6.34,
            "inventory_turnover_ratio": 0.47,
            "account_receivable_turnover_ratio": 7.38,
            "reinvestment_rate": null,
            "research_to_sale_ratio": null,
            "price_fair": 20.3,
            "eps_avg_yearly": 0.58,
            "eps_latest_yearly": 0.88,
            "eps_growth_yearly": 1628.57
        },
        "20101": {
            "year_quarter": 20101,
            "year": 2010,
            "quarter": 1,
            "eps": -0.16,
            "eps_growth_year": null,
            "eps_4q": -1.22,
            "eps_4q_growth_year": null,
            "roe": -1.89,
            "roe_4q": -13.9,
            "gross_profit": 16968,
            "gross_margin": 63.88,
            "gross_margin_4q_avg": 61.64,
            "net_income": -5542,
            "revenue": 26563,
            "common_shares": 348236,
            "book_valuer_per_share": 8.29,
            "book_valuer_per_share_4q_avg": 8.64,
            "equity": 291109,
            "current_ratio": 1298.5,
            "debt_ratio": 4.95,
            "inventory_turnover_ratio": 0.47,
            "account_receivable_turnover_ratio": 4.46,
            "reinvestment_rate": null,
            "research_to_sale_ratio": 16.56,
            "price_fair": 20.3,
            "eps_avg_yearly": 0.58,
            "eps_latest_yearly": 0.88,
            "eps_growth_yearly": 1628.57
        },
        "20102": {
            "year_quarter": 20102,
            "year": 2010,
            "quarter": 2,
            "eps": -0.19,
            "eps_growth_year": null,
            "eps_4q": -0.93,
            "eps_4q_growth_year": null,
            "roe": -2.4,
            "roe_4q": -11.219999999999999,
            "gross_profit": 14317,
            "gross_margin": 63.31,
            "gross_margin_4q_avg": 62.56,
            "net_income": -6923,
            "revenue": 22613,
            "common_shares": 348236,
            "book_valuer_per_share": 8.12,
            "book_valuer_per_share_4q_avg": 8.41,
            "equity": 284750,
            "current_ratio": 1070.7,
            "debt_ratio": 5.78,
            "inventory_turnover_ratio": 0.43,
            "account_receivable_turnover_ratio": 4.29,
            "reinvestment_rate": null,
            "research_to_sale_ratio": 26.87,
            "price_fair": 20.3,
            "eps_avg_yearly": 0.58,
            "eps_latest_yearly": 0.88,
            "eps_growth_yearly": 1628.57
        },
        "20103": {
            "year_quarter": 20103,
            "year": 2010,
            "quarter": 3,
            "eps": -0.04,
            "eps_growth_year": null,
            "eps_4q": -0.73,
            "eps_4q_growth_year": null,
            "roe": -0.71,
            "roe_4q": -9.18,
            "gross_profit": 18321,
            "gross_margin": 64.85,
            "gross_margin_4q_avg": 63.43,
            "net_income": -2011,
            "revenue": 28250,
            "common_shares": 348236,
            "book_valuer_per_share": 8.07,
            "book_valuer_per_share_4q_avg": 8.23,
            "equity": 282797,
            "current_ratio": 1193.87,
            "debt_ratio": 5.17,
            "inventory_turnover_ratio": 0.43,
            "account_receivable_turnover_ratio": 4.82,
            "reinvestment_rate": null,
            "research_to_sale_ratio": 17.94,
            "price_fair": 20.3,
            "eps_avg_yearly": 0.58,
            "eps_latest_yearly": 0.88,
            "eps_growth_yearly": 1628.57
        },
        "20104": {
            "year_quarter": 20104,
            "year": 2010,
            "quarter": 4,
            "eps": -0.44,
            "eps_growth_year": null,
            "eps_4q": -0.82,
            "eps_4q_growth_year": null,
            "roe": -5.5,
            "roe_4q": -10.5,
            "gross_profit": 17260,
            "gross_margin": 68.59,
            "gross_margin_4q_avg": 65.16,
            "net_income": -15418,
            "revenue": 25165,
            "common_shares": 348236,
            "book_valuer_per_share": 7.69,
            "book_valuer_per_share_4q_avg": 8.04,
            "equity": 277476,
            "current_ratio": 835.73,
            "debt_ratio": 7.7,
            "inventory_turnover_ratio": 0.26,
            "account_receivable_turnover_ratio": 5.99,
            "reinvestment_rate": null,
            "research_to_sale_ratio": 26.25,
            "price_fair": 20.3,
            "eps_avg_yearly": 0.58,
            "eps_latest_yearly": 0.88,
            "eps_growth_yearly": 1628.57
        },
        "20111": {
            "year_quarter": 20111,
            "year": 2011,
            "quarter": 1,
            "eps": -0.2,
            "eps_growth_year": null,
            "eps_4q": -0.83,
            "eps_4q_growth_year": null,
            "roe": -2.48,
            "roe_4q": -11.090000000000002,
            "gross_profit": 13689,
            "gross_margin": 65.84,
            "gross_margin_4q_avg": 65.65,
            "net_income": -6791,
            "revenue": 20790,
            "common_shares": 348236,
            "book_valuer_per_share": 7.54,
            "book_valuer_per_share_4q_avg": 7.86,
            "equity": 271088,
            "current_ratio": 1105.04,
            "debt_ratio": 5.71,
            "inventory_turnover_ratio": 0.2,
            "account_receivable_turnover_ratio": 7.16,
            "reinvestment_rate": null,
            "research_to_sale_ratio": 29.76,
            "price_fair": 20.3,
            "eps_avg_yearly": 0.58,
            "eps_latest_yearly": 0.88,
            "eps_growth_yearly": 1628.57
        },
        "20112": {
            "year_quarter": 20112,
            "year": 2011,
            "quarter": 2,
            "eps": -0.28,
            "eps_growth_year": null,
            "eps_4q": -0.93,
            "eps_4q_growth_year": null,
            "roe": -4.46,
            "roe_4q": -13.149999999999999,
            "gross_profit": 9473,
            "gross_margin": 59.39,
            "gross_margin_4q_avg": 64.67,
            "net_income": -11793,
            "revenue": 15951,
            "common_shares": 348236,
            "book_valuer_per_share": 7.22,
            "book_valuer_per_share_4q_avg": 7.63,
            "equity": 258008,
            "current_ratio": 1295.88,
            "debt_ratio": 4.66,
            "inventory_turnover_ratio": 0.18,
            "account_receivable_turnover_ratio": 5.21,
            "reinvestment_rate": null,
            "research_to_sale_ratio": 58.1,
            "price_fair": 20.3,
            "eps_avg_yearly": 0.58,
            "eps_latest_yearly": 0.88,
            "eps_growth_yearly": 1628.57
        },
        "20113": {
            "year_quarter": 20113,
            "year": 2011,
            "quarter": 3,
            "eps": -0.02,
            "eps_growth_year": null,
            "eps_4q": -0.9,
            "eps_4q_growth_year": null,
            "roe": -0.71,
            "roe_4q": -13.15,
            "gross_profit": 16636,
            "gross_margin": 75.61,
            "gross_margin_4q_avg": 67.36,
            "net_income": -1839,
            "revenue": 22002,
            "common_shares": 348236,
            "book_valuer_per_share": 7.25,
            "book_valuer_per_share_4q_avg": 7.43,
            "equity": 258029,
            "current_ratio": 1274.55,
            "debt_ratio": 4.71,
            "inventory_turnover_ratio": 0.15,
            "account_receivable_turnover_ratio": 9.59,
            "reinvestment_rate": null,
            "research_to_sale_ratio": 36.56,
            "price_fair": 30.8,
            "eps_avg_yearly": 0.88,
            "eps_latest_yearly": 0.88,
            "eps_growth_yearly": 857.14
        },
        "20114": {
            "year_quarter": 20114,
            "year": 2011,
            "quarter": 4,
            "eps": -0.51,
            "eps_growth_year": null,
            "eps_4q": -0.98,
            "eps_4q_growth_year": null,
            "roe": -7.62,
            "roe_4q": -15.27,
            "gross_profit": 11485,
            "gross_margin": 60.59,
            "gross_margin_4q_avg": 65.36,
            "net_income": -18937,
            "revenue": 18956,
            "common_shares": 348236,
            "book_valuer_per_share": 6.73,
            "book_valuer_per_share_4q_avg": 7.19,
            "equity": 238930,
            "current_ratio": 1124.15,
            "debt_ratio": 5.07,
            "inventory_turnover_ratio": 0.21,
            "account_receivable_turnover_ratio": 8.4,
            "reinvestment_rate": null,
            "research_to_sale_ratio": 57.85,
            "price_fair": 0,
            "eps_avg_yearly": 0,
            "eps_latest_yearly": 0,
            "eps_growth_yearly": 0
        },
        "20121": {
            "year_quarter": 20121,
            "year": 2012,
            "quarter": 1,
            "eps": -0.09,
            "eps_growth_year": null,
            "eps_4q": -0.91,
            "eps_4q_growth_year": null,
            "roe": -1.27,
            "roe_4q": -14.060000000000002,
            "gross_profit": 13380,
            "gross_margin": 69.09,
            "gross_margin_4q_avg": 66.17,
            "net_income": -3014,
            "revenue": 19366,
            "common_shares": 348236,
            "book_valuer_per_share": 6.63,
            "book_valuer_per_share_4q_avg": 6.96,
            "equity": 235354,
            "current_ratio": 1038.64,
            "debt_ratio": 5.42,
            "inventory_turnover_ratio": 0.18,
            "account_receivable_turnover_ratio": 4.83,
            "reinvestment_rate": null,
            "research_to_sale_ratio": 35.07,
            "price_fair": 0,
            "eps_avg_yearly": 0,
            "eps_latest_yearly": 0,
            "eps_growth_yearly": 0
        },
        "20122": {
            "year_quarter": 20122,
            "year": 2012,
            "quarter": 2,
            "eps": -0.17,
            "eps_growth_year": null,
            "eps_4q": -0.79,
            "eps_4q_growth_year": null,
            "roe": -2.69,
            "roe_4q": -12.29,
            "gross_profit": 11912,
            "gross_margin": 52.51,
            "gross_margin_4q_avg": 64.45,
            "net_income": -6249,
            "revenue": 22684,
            "common_shares": 348236,
            "book_valuer_per_share": 6.47,
            "book_valuer_per_share_4q_avg": 6.77,
            "equity": 229378,
            "current_ratio": 1152.49,
            "debt_ratio": 4.74,
            "inventory_turnover_ratio": 0.36,
            "account_receivable_turnover_ratio": 4.97,
            "reinvestment_rate": null,
            "research_to_sale_ratio": 24.7,
            "price_fair": 0,
            "eps_avg_yearly": 0,
            "eps_latest_yearly": 0,
            "eps_growth_yearly": 0
        },
        "20123": {
            "year_quarter": 20123,
            "year": 2012,
            "quarter": 3,
            "eps": -0.2,
            "eps_growth_year": null,
            "eps_4q": -0.97,
            "eps_4q_growth_year": null,
            "roe": -3.38,
            "roe_4q": -14.96,
            "gross_profit": 11325,
            "gross_margin": 45.69,
            "gross_margin_4q_avg": 56.97,
            "net_income": -7625,
            "revenue": 24786,
            "common_shares": 348236,
            "book_valuer_per_share": 6.26,
            "book_valuer_per_share_4q_avg": 6.52,
            "equity": 221477,
            "current_ratio": 961.01,
            "debt_ratio": 5.51,
            "inventory_turnover_ratio": 0.49,
            "account_receivable_turnover_ratio": 4.55,
            "reinvestment_rate": null,
            "research_to_sale_ratio": 24.59,
            "price_fair": 0,
            "eps_avg_yearly": 0,
            "eps_latest_yearly": 0,
            "eps_growth_yearly": 0
        },
        "20124": {
            "year_quarter": 20124,
            "year": 2012,
            "quarter": 4,
            "eps": -0.4,
            "eps_growth_year": null,
            "eps_4q": -0.86,
            "eps_4q_growth_year": null,
            "roe": -6.22,
            "roe_4q": -13.559999999999999,
            "gross_profit": 10225,
            "gross_margin": 54.08,
            "gross_margin_4q_avg": 55.34,
            "net_income": -13374,
            "revenue": 18908,
            "common_shares": 348236,
            "book_valuer_per_share": 5.86,
            "book_valuer_per_share_4q_avg": 6.31,
            "equity": 208441,
            "current_ratio": 1183.51,
            "debt_ratio": 4.29,
            "inventory_turnover_ratio": 0.34,
            "account_receivable_turnover_ratio": 3.87,
            "reinvestment_rate": null,
            "research_to_sale_ratio": 23.36,
            "price_fair": 0,
            "eps_avg_yearly": 0,
            "eps_latest_yearly": 0,
            "eps_growth_yearly": 0
        },
        "20131": {
            "year_quarter": 20131,
            "year": 2013,
            "quarter": 1,
            "eps": -0.12,
            "eps_growth_year": null,
            "eps_4q": -0.89,
            "eps_4q_growth_year": null,
            "roe": -2.47,
            "roe_4q": -14.76,
            "gross_profit": 9729,
            "gross_margin": 56.93,
            "gross_margin_4q_avg": 52.3,
            "net_income": -4961,
            "revenue": 17089,
            "common_shares": 348236,
            "book_valuer_per_share": 5.33,
            "book_valuer_per_share_4q_avg": 5.98,
            "equity": 193830,
            "current_ratio": 898.03,
            "debt_ratio": 6.39,
            "inventory_turnover_ratio": 0.31,
            "account_receivable_turnover_ratio": 4.84,
            "reinvestment_rate": null,
            "research_to_sale_ratio": 23.18,
            "price_fair": 0,
            "eps_avg_yearly": 0,
            "eps_latest_yearly": 0,
            "eps_growth_yearly": 0
        },
        "20132": {
            "year_quarter": 20132,
            "year": 2013,
            "quarter": 2,
            "eps": -0.14,
            "eps_growth_year": null,
            "eps_4q": -0.86,
            "eps_4q_growth_year": null,
            "roe": -2.06,
            "roe_4q": -14.129999999999999,
            "gross_profit": 12355,
            "gross_margin": 56.99,
            "gross_margin_4q_avg": 53.42,
            "net_income": -3951,
            "revenue": 21680,
            "common_shares": 348236,
            "book_valuer_per_share": 5.23,
            "book_valuer_per_share_4q_avg": 5.67,
            "equity": 189994,
            "current_ratio": 616.79,
            "debt_ratio": 9.07,
            "inventory_turnover_ratio": 0.36,
            "account_receivable_turnover_ratio": 4.56,
            "reinvestment_rate": null,
            "research_to_sale_ratio": 9.9,
            "price_fair": 0,
            "eps_avg_yearly": 0,
            "eps_latest_yearly": 0,
            "eps_growth_yearly": 0
        },
        "20133": {
            "year_quarter": 20133,
            "year": 2013,
            "quarter": 3,
            "eps": -0.29,
            "eps_growth_year": null,
            "eps_4q": -1.44,
            "eps_4q_growth_year": null,
            "roe": -3.36,
            "roe_4q": -14.11,
            "gross_profit": 11239,
            "gross_margin": 56.63,
            "gross_margin_4q_avg": 56.16,
            "net_income": -6269,
            "revenue": 19846,
            "common_shares": 196753,
            "book_valuer_per_share": 8.97,
            "book_valuer_per_share_4q_avg": 6.35,
            "equity": 183608,
            "current_ratio": 604.22,
            "debt_ratio": 8.94,
            "inventory_turnover_ratio": 0.27,
            "account_receivable_turnover_ratio": 4.13,
            "reinvestment_rate": null,
            "research_to_sale_ratio": 35.76,
            "price_fair": 0,
            "eps_avg_yearly": 0,
            "eps_latest_yearly": 0,
            "eps_growth_yearly": 0
        },
        "20134": {
            "year_quarter": 20134,
            "year": 2013,
            "quarter": 4,
            "eps": -0.43,
            "eps_growth_year": null,
            "eps_4q": -1.17,
            "eps_4q_growth_year": null,
            "roe": -5.16,
            "roe_4q": -13.05,
            "gross_profit": 12608,
            "gross_margin": 64.39,
            "gross_margin_4q_avg": 58.74,
            "net_income": -9250,
            "revenue": 19581,
            "common_shares": 196754,
            "book_valuer_per_share": 8.57,
            "book_valuer_per_share_4q_avg": 7.03,
            "equity": 175232,
            "current_ratio": 685.02,
            "debt_ratio": 7.81,
            "inventory_turnover_ratio": 0.21,
            "account_receivable_turnover_ratio": 5.71,
            "reinvestment_rate": null,
            "research_to_sale_ratio": 30.65,
            "price_fair": 0,
            "eps_avg_yearly": 0,
            "eps_latest_yearly": 0,
            "eps_growth_yearly": 0
        },
        "20141": {
            "year_quarter": 20141,
            "year": 2014,
            "quarter": 1,
            "eps": -0.42,
            "eps_growth_year": null,
            "eps_4q": -1.34,
            "eps_4q_growth_year": null,
            "roe": -4.97,
            "roe_4q": -15.549999999999999,
            "gross_profit": 11632,
            "gross_margin": 59.6,
            "gross_margin_4q_avg": 59.4,
            "net_income": -8624,
            "revenue": 19517,
            "common_shares": 196754,
            "book_valuer_per_share": 8.23,
            "book_valuer_per_share_4q_avg": 7.75,
            "equity": 171954,
            "current_ratio": 530.89,
            "debt_ratio": 10,
            "inventory_turnover_ratio": 0.25,
            "account_receivable_turnover_ratio": 5.71,
            "reinvestment_rate": null,
            "research_to_sale_ratio": 28.76,
            "price_fair": 0,
            "eps_avg_yearly": 0,
            "eps_latest_yearly": 0,
            "eps_growth_yearly": 0
        },
        "20142": {
            "year_quarter": 20142,
            "year": 2014,
            "quarter": 2,
            "eps": -0.3,
            "eps_growth_year": null,
            "eps_4q": -1.39,
            "eps_4q_growth_year": null,
            "roe": -3.68,
            "roe_4q": -17.17,
            "gross_profit": 13577,
            "gross_margin": 63.18,
            "gross_margin_4q_avg": 60.95,
            "net_income": -6203,
            "revenue": 21491,
            "common_shares": 201354,
            "book_valuer_per_share": 7.93,
            "book_valuer_per_share_4q_avg": 8.43,
            "equity": 165571,
            "current_ratio": 405.25,
            "debt_ratio": 12.86,
            "inventory_turnover_ratio": 0.25,
            "account_receivable_turnover_ratio": 4.21,
            "reinvestment_rate": null,
            "research_to_sale_ratio": 23.89,
            "price_fair": 0,
            "eps_avg_yearly": 0,
            "eps_latest_yearly": 0,
            "eps_growth_yearly": 0
        },
        "20143": {
            "year_quarter": 20143,
            "year": 2014,
            "quarter": 3,
            "eps": -0.23,
            "eps_growth_year": null,
            "eps_4q": -1.34,
            "eps_4q_growth_year": null,
            "roe": -3.15,
            "roe_4q": -16.96,
            "gross_profit": 14629,
            "gross_margin": 67,
            "gross_margin_4q_avg": 63.54,
            "net_income": -5153,
            "revenue": 21834,
            "common_shares": 201354,
            "book_valuer_per_share": 7.73,
            "book_valuer_per_share_4q_avg": 8.12,
            "equity": 161102,
            "current_ratio": 320.37,
            "debt_ratio": 15.19,
            "inventory_turnover_ratio": 0.23,
            "account_receivable_turnover_ratio": 3.64,
            "reinvestment_rate": null,
            "research_to_sale_ratio": 31.58,
            "price_fair": 0,
            "eps_avg_yearly": 0,
            "eps_latest_yearly": 0,
            "eps_growth_yearly": 0
        },
        "20144": {
            "year_quarter": 20144,
            "year": 2014,
            "quarter": 4,
            "eps": -0.57,
            "eps_growth_year": null,
            "eps_4q": -1.5,
            "eps_4q_growth_year": null,
            "roe": -8.31,
            "roe_4q": -20.11,
            "gross_profit": 14224,
            "gross_margin": 63.49,
            "gross_margin_4q_avg": 63.32,
            "net_income": -12920,
            "revenue": 22403,
            "common_shares": 201354,
            "book_valuer_per_share": 7.25,
            "book_valuer_per_share_4q_avg": 7.79,
            "equity": 149881,
            "current_ratio": 294.44,
            "debt_ratio": 16.54,
            "inventory_turnover_ratio": 0.3,
            "account_receivable_turnover_ratio": 4.3,
            "reinvestment_rate": null,
            "research_to_sale_ratio": 44.13,
            "price_fair": 0,
            "eps_avg_yearly": 0,
            "eps_latest_yearly": 0,
            "eps_growth_yearly": 0
        },
        "20151": {
            "year_quarter": 20151,
            "year": 2015,
            "quarter": 1,
            "eps": -0.31,
            "eps_growth_year": null,
            "eps_4q": -1.4,
            "eps_4q_growth_year": null,
            "roe": -4.61,
            "roe_4q": -19.75,
            "gross_profit": 11491,
            "gross_margin": 67.7,
            "gross_margin_4q_avg": 65.34,
            "net_income": -6723,
            "revenue": 16974,
            "common_shares": 201354,
            "book_valuer_per_share": 6.87,
            "book_valuer_per_share_4q_avg": 7.45,
            "equity": 141821,
            "current_ratio": 262.63,
            "debt_ratio": 17.27,
            "inventory_turnover_ratio": 0.22,
            "account_receivable_turnover_ratio": 3.4,
            "reinvestment_rate": null,
            "research_to_sale_ratio": 27.44,
            "price_fair": 0,
            "eps_avg_yearly": 0,
            "eps_latest_yearly": 0,
            "eps_growth_yearly": 0
        },
        "20152": {
            "year_quarter": 20152,
            "year": 2015,
            "quarter": 2,
            "eps": -0.32,
            "eps_growth_year": null,
            "eps_4q": -1.44,
            "eps_4q_growth_year": null,
            "roe": -4.6,
            "roe_4q": -20.67,
            "gross_profit": 14495,
            "gross_margin": 61.19,
            "gross_margin_4q_avg": 64.85,
            "net_income": -6379,
            "revenue": 23690,
            "common_shares": 201354,
            "book_valuer_per_share": 6.54,
            "book_valuer_per_share_4q_avg": 7.1,
            "equity": 135392,
            "current_ratio": 212.24,
            "debt_ratio": 20.83,
            "inventory_turnover_ratio": 0.37,
            "account_receivable_turnover_ratio": 3.47,
            "reinvestment_rate": null,
            "research_to_sale_ratio": 34.55,
            "price_fair": 0,
            "eps_avg_yearly": 0,
            "eps_latest_yearly": 0,
            "eps_growth_yearly": 0
        },
        "20153": {
            "year_quarter": 20153,
            "year": 2015,
            "quarter": 3,
            "eps": -0.23,
            "eps_growth_year": null,
            "eps_4q": -1.43,
            "eps_4q_growth_year": null,
            "roe": -3.73,
            "roe_4q": -21.25,
            "gross_profit": 13593,
            "gross_margin": 69.3,
            "gross_margin_4q_avg": 65.42,
            "net_income": -4960,
            "revenue": 19614,
            "common_shares": 201354,
            "book_valuer_per_share": 6.32,
            "book_valuer_per_share_4q_avg": 6.75,
            "equity": 130425,
            "current_ratio": 200.58,
            "debt_ratio": 20.62,
            "inventory_turnover_ratio": 0.25,
            "account_receivable_turnover_ratio": 3.86,
            "reinvestment_rate": null,
            "research_to_sale_ratio": 42.78,
            "price_fair": 0,
            "eps_avg_yearly": 0,
            "eps_latest_yearly": 0,
            "eps_growth_yearly": 0
        },
        "20154": {
            "year_quarter": 20154,
            "year": 2015,
            "quarter": 4,
            "eps": -0.54,
            "eps_growth_year": null,
            "eps_4q": -1.4,
            "eps_4q_growth_year": null,
            "roe": -9.33,
            "roe_4q": -22.27,
            "gross_profit": 7512,
            "gross_margin": 54.17,
            "gross_margin_4q_avg": 63.09,
            "net_income": -11601,
            "revenue": 13868,
            "common_shares": 201354,
            "book_valuer_per_share": 5.75,
            "book_valuer_per_share_4q_avg": 6.37,
            "equity": 118334,
            "current_ratio": 156.64,
            "debt_ratio": 22.46,
            "inventory_turnover_ratio": 0.28,
            "account_receivable_turnover_ratio": 4.61,
            "reinvestment_rate": null,
            "research_to_sale_ratio": 69.14,
            "price_fair": 0,
            "eps_avg_yearly": 0,
            "eps_latest_yearly": 0,
            "eps_growth_yearly": 0
        },
        "20161": {
            "year_quarter": 20161,
            "year": 2016,
            "quarter": 1,
            "eps": -0.6,
            "eps_growth_year": null,
            "eps_4q": -1.69,
            "eps_4q_growth_year": null,
            "roe": -10.84,
            "roe_4q": -28.5,
            "gross_profit": 4329,
            "gross_margin": 39.98,
            "gross_margin_4q_avg": 56.16,
            "net_income": -12152,
            "revenue": 10829,
            "common_shares": 201354,
            "book_valuer_per_share": 5.14,
            "book_valuer_per_share_4q_avg": 5.94,
            "equity": 105975,
            "current_ratio": 224.92,
            "debt_ratio": 28.45,
            "inventory_turnover_ratio": 0.31,
            "account_receivable_turnover_ratio": 3.44,
            "reinvestment_rate": null,
            "research_to_sale_ratio": 74.55,
            "price_fair": 0,
            "eps_avg_yearly": 0,
            "eps_latest_yearly": 0,
            "eps_growth_yearly": 0
        },
        "20162": {
            "year_quarter": 20162,
            "year": 2016,
            "quarter": 2,
            "eps": 1.54,
            "eps_growth_year": null,
            "eps_4q": 0.18,
            "eps_4q_growth_year": null,
            "roe": 24.72,
            "roe_4q": 0.819999999999999,
            "gross_profit": 5079,
            "gross_margin": 52.16,
            "gross_margin_4q_avg": 53.9,
            "net_income": 29704,
            "revenue": 9737,
            "common_shares": 201354,
            "book_valuer_per_share": 6.62,
            "book_valuer_per_share_4q_avg": 5.96,
            "equity": 134327,
            "current_ratio": 691.41,
            "debt_ratio": 10.63,
            "inventory_turnover_ratio": 0.21,
            "account_receivable_turnover_ratio": 3.6,
            "reinvestment_rate": null,
            "research_to_sale_ratio": 126.25,
            "price_fair": 0,
            "eps_avg_yearly": 0,
            "eps_latest_yearly": 0,
            "eps_growth_yearly": 0
        },
        "20163": {
            "year_quarter": 20163,
            "year": 2016,
            "quarter": 3,
            "eps": -0.44,
            "eps_growth_year": null,
            "eps_4q": -0.04,
            "eps_4q_growth_year": null,
            "roe": -7.17,
            "roe_4q": -2.6200000000000028,
            "gross_profit": 6313,
            "gross_margin": 48.51,
            "gross_margin_4q_avg": 48.71,
            "net_income": -9293,
            "revenue": 13015,
            "common_shares": 201354,
            "book_valuer_per_share": 6.16,
            "book_valuer_per_share_4q_avg": 5.92,
            "equity": 124756,
            "current_ratio": 923.62,
            "debt_ratio": 7.71,
            "inventory_turnover_ratio": 0.3,
            "account_receivable_turnover_ratio": 4.95,
            "reinvestment_rate": null,
            "research_to_sale_ratio": 52.62,
            "price_fair": 0,
            "eps_avg_yearly": 0,
            "eps_latest_yearly": 0,
            "eps_growth_yearly": 0
        },
        "20164": {
            "year_quarter": 20164,
            "year": 2016,
            "quarter": 4,
            "eps": -0.6,
            "eps_growth_year": null,
            "eps_4q": -0.09,
            "eps_4q_growth_year": null,
            "roe": -10.47,
            "roe_4q": -3.7600000000000016,
            "gross_profit": 11090,
            "gross_margin": 63.01,
            "gross_margin_4q_avg": 50.92,
            "net_income": -12439,
            "revenue": 17600,
            "common_shares": 201354,
            "book_valuer_per_share": 5.6,
            "book_valuer_per_share_4q_avg": 5.88,
            "equity": 112775,
            "current_ratio": 829.62,
            "debt_ratio": 8.78,
            "inventory_turnover_ratio": 0.33,
            "account_receivable_turnover_ratio": 4.99,
            "reinvestment_rate": null,
            "research_to_sale_ratio": 45.93,
            "price_fair": 0,
            "eps_avg_yearly": 0,
            "eps_latest_yearly": 0,
            "eps_growth_yearly": 0
        },
        "20171": {
            "year_quarter": 20171,
            "year": 2017,
            "quarter": 1,
            "eps": -0.7,
            "eps_growth_year": null,
            "eps_4q": -0.19,
            "eps_4q_growth_year": null,
            "roe": -13.46,
            "roe_4q": -6.380000000000003,
            "gross_profit": 4371,
            "gross_margin": 39.51,
            "gross_margin_4q_avg": 50.8,
            "net_income": -14162,
            "revenue": 11063,
            "common_shares": 201354,
            "book_valuer_per_share": 4.85,
            "book_valuer_per_share_4q_avg": 5.81,
            "equity": 97728,
            "current_ratio": 1025.82,
            "debt_ratio": 6.91,
            "inventory_turnover_ratio": 0.42,
            "account_receivable_turnover_ratio": 3.29,
            "reinvestment_rate": null,
            "research_to_sale_ratio": 64.82,
            "price_fair": 0,
            "eps_avg_yearly": 0,
            "eps_latest_yearly": 0,
            "eps_growth_yearly": 0
        },
        "20172": {
            "year_quarter": 20172,
            "year": 2017,
            "quarter": 2,
            "eps": -0.26,
            "eps_growth_year": -116.88,
            "eps_4q": -1.99,
            "eps_4q_growth_year": -1227.69,
            "roe": -5.61,
            "roe_4q": -36.71,
            "gross_profit": 9200,
            "gross_margin": 64.72,
            "gross_margin_4q_avg": 53.94,
            "net_income": -5335,
            "revenue": 14216,
            "common_shares": 201354,
            "book_valuer_per_share": 4.6,
            "book_valuer_per_share_4q_avg": 5.3,
            "equity": 92417,
            "current_ratio": 297.33,
            "debt_ratio": 24.12,
            "inventory_turnover_ratio": 0.39,
            "account_receivable_turnover_ratio": 3.9,
            "reinvestment_rate": null,
            "research_to_sale_ratio": 49.73,
            "price_fair": 0,
            "eps_avg_yearly": 0,
            "eps_latest_yearly": 0,
            "eps_growth_yearly": 0
        },
        "20173": {
            "year_quarter": 20173,
            "year": 2017,
            "quarter": 3,
            "eps": 0.02,
            "eps_growth_year": null,
            "eps_4q": -1.53,
            "eps_4q_growth_year": null,
            "roe": -1.05,
            "roe_4q": -30.590000000000003,
            "gross_profit": 8680,
            "gross_margin": 54.69,
            "gross_margin_4q_avg": 55.48,
            "net_income": -959,
            "revenue": 15872,
            "common_shares": 201354,
            "book_valuer_per_share": 4.46,
            "book_valuer_per_share_4q_avg": 4.88,
            "equity": 89896,
            "current_ratio": 246.74,
            "debt_ratio": 30.32,
            "inventory_turnover_ratio": 0.62,
            "account_receivable_turnover_ratio": 4.32,
            "reinvestment_rate": null,
            "research_to_sale_ratio": 35.19,
            "price_fair": 0,
            "eps_avg_yearly": 0,
            "eps_latest_yearly": 0,
            "eps_growth_yearly": 0
        },
        "20174": {
            "year_quarter": 20174,
            "year": 2017,
            "quarter": 4,
            "eps": -0.27,
            "eps_growth_year": null,
            "eps_4q": -1.21,
            "eps_4q_growth_year": null,
            "roe": -9.85,
            "roe_4q": -29.970000000000002,
            "gross_profit": 7677,
            "gross_margin": 75.87,
            "gross_margin_4q_avg": 58.7,
            "net_income": -8622,
            "revenue": 10119,
            "common_shares": 201354,
            "book_valuer_per_share": 4.23,
            "book_valuer_per_share_4q_avg": 4.54,
            "equity": 85141,
            "current_ratio": 250.41,
            "debt_ratio": 29.62,
            "inventory_turnover_ratio": 0.19,
            "account_receivable_turnover_ratio": 3.33,
            "reinvestment_rate": null,
            "research_to_sale_ratio": 65.63,
            "price_fair": 0,
            "eps_avg_yearly": 0,
            "eps_latest_yearly": 0,
            "eps_growth_yearly": 0
        },
        "20181": {
            "year_quarter": 20181,
            "year": 2018,
            "quarter": 1,
            "eps": 0.3,
            "eps_growth_year": null,
            "eps_4q": -0.21,
            "eps_4q_growth_year": null,
            "roe": 6.89,
            "roe_4q": -9.620000000000001,
            "gross_profit": 17897,
            "gross_margin": 66.75,
            "gross_margin_4q_avg": 65.51,
            "net_income": 6070,
            "revenue": 26813,
            "common_shares": 201354,
            "book_valuer_per_share": 4.52,
            "book_valuer_per_share_4q_avg": 4.45,
            "equity": 90998,
            "current_ratio": 336.15,
            "debt_ratio": 22.48,
            "inventory_turnover_ratio": 0.62,
            "account_receivable_turnover_ratio": 7.73,
            "reinvestment_rate": null,
            "research_to_sale_ratio": 19.76,
            "price_fair": 0,
            "eps_avg_yearly": 0,
            "eps_latest_yearly": 0,
            "eps_growth_yearly": 0
        },
        "20182": {
            "year_quarter": 20182,
            "year": 2018,
            "quarter": 2,
            "eps": 0.15,
            "eps_growth_year": null,
            "eps_4q": 0.19,
            "eps_4q_growth_year": null,
            "roe": 3.19,
            "roe_4q": -0.8199999999999996,
            "gross_profit": 15381,
            "gross_margin": 70.41,
            "gross_margin_4q_avg": 66.93,
            "net_income": 2957,
            "revenue": 21845,
            "common_shares": 201354,
            "book_valuer_per_share": 4.69,
            "book_valuer_per_share_4q_avg": 4.48,
            "equity": 94394,
            "current_ratio": 418.34,
            "debt_ratio": 18.48,
            "inventory_turnover_ratio": 0.43,
            "account_receivable_turnover_ratio": 7.62,
            "reinvestment_rate": null,
            "research_to_sale_ratio": 26.37,
            "price_fair": 1.8,
            "eps_avg_yearly": 0.6,
            "eps_latest_yearly": 0.6,
            "eps_growth_yearly": -200
        },
        "20183": {
            "year_quarter": 20183,
            "year": 2018,
            "quarter": 3,
            "eps": -0.26,
            "eps_growth_year": -1400,
            "eps_4q": -0.08,
            "eps_4q_growth_year": null,
            "roe": -5.64,
            "roe_4q": -5.41,
            "gross_profit": 7460,
            "gross_margin": 60.36,
            "gross_margin_4q_avg": 68.35,
            "net_income": -5178,
            "revenue": 12360,
            "common_shares": 201354,
            "book_valuer_per_share": 4.43,
            "book_valuer_per_share_4q_avg": 4.47,
            "equity": 89217,
            "current_ratio": 430.96,
            "debt_ratio": 18,
            "inventory_turnover_ratio": 0.34,
            "account_receivable_turnover_ratio": 3.9,
            "reinvestment_rate": null,
            "research_to_sale_ratio": 48.36,
            "price_fair": 1.8,
            "eps_avg_yearly": 0.6,
            "eps_latest_yearly": 0.6,
            "eps_growth_yearly": -200
        },
        "20184": {
            "year_quarter": 20184,
            "year": 2018,
            "quarter": 4,
            "eps": 0.59,
            "eps_growth_year": null,
            "eps_4q": 0.78,
            "eps_4q_growth_year": null,
            "roe": 12.47,
            "roe_4q": 16.91,
            "gross_profit": 23336,
            "gross_margin": 74.86,
            "gross_margin_4q_avg": 68.1,
            "net_income": 11875,
            "revenue": 31173,
            "common_shares": 201354,
            "book_valuer_per_share": 5.03,
            "book_valuer_per_share_4q_avg": 4.67,
            "equity": 101256,
            "current_ratio": 1151.62,
            "debt_ratio": 7.28,
            "inventory_turnover_ratio": 0.66,
            "account_receivable_turnover_ratio": 9.51,
            "reinvestment_rate": null,
            "research_to_sale_ratio": 17.78,
            "price_fair": 1.8,
            "eps_avg_yearly": 0.6,
            "eps_latest_yearly": 0.6,
            "eps_growth_yearly": -200
        },
        "20191": {
            "year_quarter": 20191,
            "year": 2019,
            "quarter": 1,
            "eps": -0.17,
            "eps_growth_year": -156.67,
            "eps_4q": 0.31,
            "eps_4q_growth_year": null,
            "roe": -3.46,
            "roe_4q": 6.560000000000002,
            "gross_profit": 5321,
            "gross_margin": 71.02,
            "gross_margin_4q_avg": 69.16,
            "net_income": -3445,
            "revenue": 7492,
            "common_shares": 201354,
            "book_valuer_per_share": 4.86,
            "book_valuer_per_share_4q_avg": 4.75,
            "equity": 97845,
            "current_ratio": 1369.29,
            "debt_ratio": 6.2,
            "inventory_turnover_ratio": 0.24,
            "account_receivable_turnover_ratio": 4.78,
            "reinvestment_rate": null,
            "research_to_sale_ratio": 44.81,
            "price_fair": 1.8,
            "eps_avg_yearly": 0.6,
            "eps_latest_yearly": 0.6,
            "eps_growth_yearly": -200
        },
        "20192": {
            "year_quarter": 20192,
            "year": 2019,
            "quarter": 2,
            "eps": -0.17,
            "eps_growth_year": -213.33,
            "eps_4q": -0.01,
            "eps_4q_growth_year": -104.86,
            "roe": -3.58,
            "roe_4q": -0.20999999999999908,
            "gross_profit": 4122,
            "gross_margin": 71.45,
            "gross_margin_4q_avg": 69.42,
            "net_income": -3442,
            "revenue": 5769,
            "common_shares": 201354,
            "book_valuer_per_share": 4.69,
            "book_valuer_per_share_4q_avg": 4.75,
            "equity": 94454,
            "current_ratio": 1201.97,
            "debt_ratio": 9.16,
            "inventory_turnover_ratio": 0.17,
            "account_receivable_turnover_ratio": 5.91,
            "reinvestment_rate": null,
            "research_to_sale_ratio": 53.98,
            "price_fair": 1.8,
            "eps_avg_yearly": 0.6,
            "eps_latest_yearly": 0.6,
            "eps_growth_yearly": -200
        },
        "20193": {
            "year_quarter": 20193,
            "year": 2019,
            "quarter": 3,
            "eps": -0.41,
            "eps_growth_year": null,
            "eps_4q": -0.16,
            "eps_4q_growth_year": null,
            "roe": -9.15,
            "roe_4q": -3.7200000000000006,
            "gross_profit": 2575,
            "gross_margin": 65.87,
            "gross_margin_4q_avg": 70.8,
            "net_income": -8267,
            "revenue": 3909,
            "common_shares": 201354,
            "book_valuer_per_share": 4.28,
            "book_valuer_per_share_4q_avg": 4.72,
            "equity": 86157,
            "current_ratio": 563.03,
            "debt_ratio": 15.81,
            "inventory_turnover_ratio": 0.12,
            "account_receivable_turnover_ratio": 3.54,
            "reinvestment_rate": null,
            "research_to_sale_ratio": 86.26,
            "price_fair": 1.8,
            "eps_avg_yearly": 0.6,
            "eps_latest_yearly": 0.6,
            "eps_growth_yearly": -200
        },
        "20194": {
            "year_quarter": 20194,
            "year": 2019,
            "quarter": 4,
            "eps": -0.31,
            "eps_growth_year": -152.11,
            "eps_4q": -1.06,
            "eps_4q_growth_year": -235.73,
            "roe": -7.49,
            "roe_4q": -23.68,
            "gross_profit": 2770,
            "gross_margin": 71.3,
            "gross_margin_4q_avg": 69.91,
            "net_income": -6188,
            "revenue": 3885,
            "common_shares": 201354,
            "book_valuer_per_share": 3.93,
            "book_valuer_per_share_4q_avg": 4.44,
            "equity": 79146,
            "current_ratio": 495.97,
            "debt_ratio": 16.95,
            "inventory_turnover_ratio": 0.1,
            "account_receivable_turnover_ratio": 5.36,
            "reinvestment_rate": null,
            "research_to_sale_ratio": 89.45,
            "price_fair": 1.8,
            "eps_avg_yearly": 0.6,
            "eps_latest_yearly": 0.6,
            "eps_growth_yearly": -200
        },
        "20201": {
            "year_quarter": 20201,
            "year": 2020,
            "quarter": 1,
            "eps": -0.13,
            "eps_growth_year": null,
            "eps_4q": -1.01,
            "eps_4q_growth_year": -428.96,
            "roe": -3.25,
            "roe_4q": -23.47,
            "gross_profit": 6176,
            "gross_margin": 70.25,
            "gross_margin_4q_avg": 69.72,
            "net_income": -2528,
            "revenue": 8791,
            "common_shares": 201354,
            "book_valuer_per_share": 3.81,
            "book_valuer_per_share_4q_avg": 4.18,
            "equity": 76651,
            "current_ratio": 559.7,
            "debt_ratio": 14.9,
            "inventory_turnover_ratio": 0.25,
            "account_receivable_turnover_ratio": 9.01,
            "reinvestment_rate": null,
            "research_to_sale_ratio": 41.21,
            "price_fair": 1.8,
            "eps_avg_yearly": 0.6,
            "eps_latest_yearly": 0.6,
            "eps_growth_yearly": -200
        },
        "20202": {
            "year_quarter": 20202,
            "year": 2020,
            "quarter": 2,
            "eps": -0.3,
            "eps_growth_year": null,
            "eps_4q": -1.14,
            "eps_4q_growth_year": null,
            "roe": -8.18,
            "roe_4q": -28.07,
            "gross_profit": 2423,
            "gross_margin": 79.49,
            "gross_margin_4q_avg": 71.73,
            "net_income": -6018,
            "revenue": 3048,
            "common_shares": 201354,
            "book_valuer_per_share": 3.5,
            "book_valuer_per_share_4q_avg": 3.88,
            "equity": 70555,
            "current_ratio": 431.62,
            "debt_ratio": 18.04,
            "inventory_turnover_ratio": 0.06,
            "account_receivable_turnover_ratio": 4.21,
            "reinvestment_rate": null,
            "research_to_sale_ratio": 40.39,
            "price_fair": 1.8,
            "eps_avg_yearly": 0.6,
            "eps_latest_yearly": 0.6,
            "eps_growth_yearly": -200
        },
        "20203": {
            "year_quarter": 20203,
            "year": 2020,
            "quarter": 3,
            "eps": -0.28,
            "eps_growth_year": null,
            "eps_4q": -1.01,
            "eps_4q_growth_year": null,
            "roe": -8.28,
            "roe_4q": -27.200000000000003,
            "gross_profit": 4360,
            "gross_margin": 42.92,
            "gross_margin_4q_avg": 65.99,
            "net_income": -5610,
            "revenue": 10158,
            "common_shares": 201354,
            "book_valuer_per_share": 3.22,
            "book_valuer_per_share_4q_avg": 3.62,
            "equity": 64935,
            "current_ratio": 442.52,
            "debt_ratio": 16.82,
            "inventory_turnover_ratio": 0.66,
            "account_receivable_turnover_ratio": 495.51,
            "reinvestment_rate": null,
            "research_to_sale_ratio": 21.39,
            "price_fair": 1.8,
            "eps_avg_yearly": 0.6,
            "eps_latest_yearly": 0.6,
            "eps_growth_yearly": -200
        },
        "20204": {
            "year_quarter": 20204,
            "year": 2020,
            "quarter": 4,
            "eps": 0.54,
            "eps_growth_year": null,
            "eps_4q": -1.2,
            "eps_4q_growth_year": null,
            "roe": 6.48,
            "roe_4q": -13.229999999999999,
            "gross_profit": 9668,
            "gross_margin": 79.83,
            "gross_margin_4q_avg": 68.12,
            "net_income": 4366,
            "revenue": 12110,
            "common_shares": 81354,
            "book_valuer_per_share": 8.58,
            "book_valuer_per_share_4q_avg": 4.78,
            "equity": 69797,
            "current_ratio": 550.64,
            "debt_ratio": 13.74,
            "inventory_turnover_ratio": 0.44,
            "account_receivable_turnover_ratio": null,
            "reinvestment_rate": null,
            "research_to_sale_ratio": 0,
            "price_fair": 1.8,
            "eps_avg_yearly": 0.6,
            "eps_latest_yearly": 0.6,
            "eps_growth_yearly": -200
        },
        "20211": {
            "year_quarter": 20211,
            "year": 2021,
            "quarter": 1,
            "eps": 0.23,
            "eps_growth_year": null,
            "eps_4q": -0.13,
            "eps_4q_growth_year": null,
            "roe": 1.57,
            "roe_4q": -8.409999999999998,
            "gross_profit": 7886,
            "gross_margin": 78.8,
            "gross_margin_4q_avg": 70.26,
            "net_income": 4385,
            "revenue": 10007,
            "common_shares": 226354,
            "book_valuer_per_share": 21.53,
            "book_valuer_per_share_4q_avg": 9.21,
            "equity": 487429,
            "current_ratio": 8542.91,
            "debt_ratio": 1.3,
            "inventory_turnover_ratio": 0.62,
            "account_receivable_turnover_ratio": null,
            "reinvestment_rate": null,
            "research_to_sale_ratio": 0,
            "price_fair": 2.28,
            "eps_avg_yearly": 0.76,
            "eps_latest_yearly": 0.92,
            "eps_growth_yearly": -214.81
        },
        "20212": {
            "year_quarter": 20212,
            "year": 2021,
            "quarter": 2,
            "eps": -0.19,
            "eps_growth_year": null,
            "eps_4q": -0.04,
            "eps_4q_growth_year": null,
            "roe": -0.83,
            "roe_4q": -1.0599999999999987,
            "gross_profit": 1049,
            "gross_margin": 64.24,
            "gross_margin_4q_avg": 66.45,
            "net_income": -4052,
            "revenue": 1633,
            "common_shares": 226354,
            "book_valuer_per_share": 21.35,
            "book_valuer_per_share_4q_avg": 13.67,
            "equity": 483356,
            "current_ratio": 8833.57,
            "debt_ratio": 1.22,
            "inventory_turnover_ratio": 0.24,
            "account_receivable_turnover_ratio": null,
            "reinvestment_rate": null,
            "research_to_sale_ratio": 0,
            "price_fair": 2.28,
            "eps_avg_yearly": 0.76,
            "eps_latest_yearly": 0.92,
            "eps_growth_yearly": -214.81
        },
        "20213": {
            "year_quarter": 20213,
            "year": 2021,
            "quarter": 3,
            "eps": -0.01,
            "eps_growth_year": null,
            "eps_4q": 0.2,
            "eps_4q_growth_year": null,
            "roe": -0.01,
            "roe_4q": 7.210000000000001,
            "gross_profit": 4405,
            "gross_margin": 89.86,
            "gross_margin_4q_avg": 78.18,
            "net_income": -70,
            "revenue": 4902,
            "common_shares": 226354,
            "book_valuer_per_share": 21.35,
            "book_valuer_per_share_4q_avg": 18.2,
            "equity": 483285,
            "current_ratio": 10089.3,
            "debt_ratio": 1.09,
            "inventory_turnover_ratio": 0.22,
            "account_receivable_turnover_ratio": null,
            "reinvestment_rate": null,
            "research_to_sale_ratio": 0,
            "price_fair": 2.28,
            "eps_avg_yearly": 0.76,
            "eps_latest_yearly": 0.92,
            "eps_growth_yearly": -214.81
        },
        "20214": {
            "year_quarter": 20214,
            "year": 2021,
            "quarter": 4,
            "eps": -0.14,
            "eps_growth_year": -126.82,
            "eps_4q": -0.13,
            "eps_4q_growth_year": null,
            "roe": -0.68,
            "roe_4q": 0.050000000000000044,
            "gross_profit": 1054,
            "gross_margin": 39.53,
            "gross_margin_4q_avg": 68.11,
            "net_income": -3258,
            "revenue": 2666,
            "common_shares": 226354,
            "book_valuer_per_share": 21.21,
            "book_valuer_per_share_4q_avg": 21.36,
            "equity": 480096,
            "current_ratio": 18389.24,
            "debt_ratio": 0.66,
            "inventory_turnover_ratio": 0.08,
            "account_receivable_turnover_ratio": null,
            "reinvestment_rate": null,
            "research_to_sale_ratio": 0,
            "price_fair": 2.28,
            "eps_avg_yearly": 0.76,
            "eps_latest_yearly": 0.92,
            "eps_growth_yearly": -214.81
        },
        "20221": {
            "year_quarter": 20221,
            "year": 2022,
            "quarter": 1,
            "eps": -0.14,
            "eps_growth_year": -160.87,
            "eps_4q": -0.47,
            "eps_4q_growth_year": null,
            "roe": -0.67,
            "roe_4q": -2.19,
            "gross_profit": 785,
            "gross_margin": 68.92,
            "gross_margin_4q_avg": 65.64,
            "net_income": -3206,
            "revenue": 1139,
            "common_shares": 226354,
            "book_valuer_per_share": 21.07,
            "book_valuer_per_share_4q_avg": 21.25,
            "equity": 476928,
            "current_ratio": 16480.75,
            "debt_ratio": 0.72,
            "inventory_turnover_ratio": 0,
            "account_receivable_turnover_ratio": null,
            "reinvestment_rate": null,
            "research_to_sale_ratio": null,
            "price_fair": 2.28,
            "eps_avg_yearly": 0.76,
            "eps_latest_yearly": 0.92,
            "eps_growth_yearly": -214.81
        },
        "20222": {
            "year_quarter": 20222,
            "year": 2022,
            "quarter": 2,
            "eps": -0.11,
            "eps_growth_year": null,
            "eps_4q": -0.4,
            "eps_4q_growth_year": null,
            "roe": -0.52,
            "roe_4q": -1.8800000000000001,
            "gross_profit": 1204,
            "gross_margin": 80.21,
            "gross_margin_4q_avg": 69.63,
            "net_income": -2490,
            "revenue": 1501,
            "common_shares": 226354,
            "book_valuer_per_share": 20.96,
            "book_valuer_per_share_4q_avg": 21.15,
            "equity": 474458,
            "current_ratio": 8683.58,
            "debt_ratio": 3.91,
            "inventory_turnover_ratio": 0,
            "account_receivable_turnover_ratio": null,
            "reinvestment_rate": null,
            "research_to_sale_ratio": null,
            "price_fair": 2.76,
            "eps_avg_yearly": 0.92,
            "eps_latest_yearly": 0.92,
            "eps_growth_yearly": -229.63
        },
        "20223": {
            "year_quarter": 20223,
            "year": 2022,
            "quarter": 3,
            "eps": -0.25,
            "eps_growth_year": null,
            "eps_4q": -0.65,
            "eps_4q_growth_year": -417.13,
            "roe": -1.21,
            "roe_4q": -3.08,
            "gross_profit": 622,
            "gross_margin": 98.73,
            "gross_margin_4q_avg": 71.85,
            "net_income": -5726,
            "revenue": 630,
            "common_shares": 226354,
            "book_valuer_per_share": 20.71,
            "book_valuer_per_share_4q_avg": 20.99,
            "equity": 468783,
            "current_ratio": 3112.22,
            "debt_ratio": 5.95,
            "inventory_turnover_ratio": 0,
            "account_receivable_turnover_ratio": null,
            "reinvestment_rate": null,
            "research_to_sale_ratio": null,
            "price_fair": 2.76,
            "eps_avg_yearly": 0.92,
            "eps_latest_yearly": 0.92,
            "eps_growth_yearly": -229.63
        },
        "20224": {
            "year_quarter": 20224,
            "year": 2022,
            "quarter": 4,
            "eps": -0.35,
            "eps_growth_year": null,
            "eps_4q": -0.85,
            "eps_4q_growth_year": null,
            "roe": -1.69,
            "roe_4q": -4.09,
            "gross_profit": 408,
            "gross_margin": 97.14,
            "gross_margin_4q_avg": 86.25,
            "net_income": -7873,
            "revenue": 420,
            "common_shares": 226354,
            "book_valuer_per_share": 20.36,
            "book_valuer_per_share_4q_avg": 20.78,
            "equity": 460879,
            "current_ratio": 1026.14,
            "debt_ratio": 11.51,
            "inventory_turnover_ratio": 0,
            "account_receivable_turnover_ratio": null,
            "reinvestment_rate": null,
            "research_to_sale_ratio": null,
            "price_fair": 2.76,
            "eps_avg_yearly": 0.92,
            "eps_latest_yearly": 0.92,
            "eps_growth_yearly": -229.63
        },
        "20231": {
            "year_quarter": 20231,
            "year": 2023,
            "quarter": 1,
            "eps": -0.3,
            "eps_growth_year": null,
            "eps_4q": -1.01,
            "eps_4q_growth_year": null,
            "roe": -1.48,
            "roe_4q": -4.9,
            "gross_profit": 28,
            "gross_margin": 58.33,
            "gross_margin_4q_avg": 83.6,
            "net_income": -6780,
            "revenue": 48,
            "common_shares": 226354,
            "book_valuer_per_share": 20.05,
            "book_valuer_per_share_4q_avg": 20.52,
            "equity": 453790,
            "current_ratio": 652.95,
            "debt_ratio": 16.03,
            "inventory_turnover_ratio": 0,
            "account_receivable_turnover_ratio": 32,
            "reinvestment_rate": null,
            "research_to_sale_ratio": null,
            "price_fair": 2.76,
            "eps_avg_yearly": 0.92,
            "eps_latest_yearly": 0.92,
            "eps_growth_yearly": -229.63
        }
    },
    "months": {
        "2002-12": {
            "month": "2002-12",
            "price": "46.72",
            "revenue": 26806
        },
        "2003-01": {
            "month": "2003-01",
            "price": "52.61",
            "revenue": 34251
        },
        "2003-02": {
            "month": "2003-02",
            "price": "53.50",
            "revenue": 23521
        },
        "2003-03": {
            "month": "2003-03",
            "price": "52.14",
            "revenue": 31293
        },
        "2003-04": {
            "month": "2003-04",
            "price": "59.68",
            "revenue": 18812
        },
        "2003-05": {
            "month": "2003-05",
            "price": "50.96",
            "revenue": 19229
        },
        "2003-06": {
            "month": "2003-06",
            "price": "51.07",
            "revenue": 17037
        },
        "2003-07": {
            "month": "2003-07",
            "price": "54.33",
            "revenue": 13418
        },
        "2003-08": {
            "month": "2003-08",
            "price": "47.81",
            "revenue": 13993
        },
        "2003-09": {
            "month": "2003-09",
            "price": "35.51",
            "revenue": 16377
        },
        "2003-10": {
            "month": "2003-10",
            "price": "33.61",
            "revenue": 17386
        },
        "2003-11": {
            "month": "2003-11",
            "price": "30.04",
            "revenue": 19818
        },
        "2003-12": {
            "month": "2003-12",
            "price": "31.17",
            "revenue": 18722
        },
        "2004-01": {
            "month": "2004-01",
            "price": "31.07",
            "revenue": 18671
        },
        "2004-02": {
            "month": "2004-02",
            "price": "29.46",
            "revenue": 22139
        },
        "2004-03": {
            "month": "2004-03",
            "price": "26.60",
            "revenue": 24104
        },
        "2004-04": {
            "month": "2004-04",
            "price": "23.18",
            "revenue": 14838
        },
        "2004-05": {
            "month": "2004-05",
            "price": "17.84",
            "revenue": 19821
        },
        "2004-06": {
            "month": "2004-06",
            "price": "17.76",
            "revenue": 20551
        },
        "2004-07": {
            "month": "2004-07",
            "price": "17.02",
            "revenue": 21434
        },
        "2004-08": {
            "month": "2004-08",
            "price": "16.99",
            "revenue": 25627
        },
        "2004-09": {
            "month": "2004-09",
            "price": "15.60",
            "revenue": 20917
        },
        "2004-10": {
            "month": "2004-10",
            "price": "15.21",
            "revenue": 16915
        },
        "2004-11": {
            "month": "2004-11",
            "price": "14.67",
            "revenue": 20268
        },
        "2004-12": {
            "month": "2004-12",
            "price": "12.68",
            "revenue": 15033
        },
        "2005-01": {
            "month": "2005-01",
            "price": "12.34",
            "revenue": 20053
        },
        "2005-02": {
            "month": "2005-02",
            "price": "13.23",
            "revenue": 6734
        },
        "2005-03": {
            "month": "2005-03",
            "price": "13.20",
            "revenue": 19211
        },
        "2005-04": {
            "month": "2005-04",
            "price": "11.95",
            "revenue": 14842
        },
        "2005-05": {
            "month": "2005-05",
            "price": "10.59",
            "revenue": 12435
        },
        "2005-06": {
            "month": "2005-06",
            "price": "13.75",
            "revenue": 15877
        },
        "2005-07": {
            "month": "2005-07",
            "price": "14.04",
            "revenue": 16811
        },
        "2005-08": {
            "month": "2005-08",
            "price": "12.25",
            "revenue": 19234
        },
        "2005-09": {
            "month": "2005-09",
            "price": "11.07",
            "revenue": 21954
        },
        "2005-10": {
            "month": "2005-10",
            "price": "11.25",
            "revenue": 19282
        },
        "2005-11": {
            "month": "2005-11",
            "price": "11.09",
            "revenue": 19824
        },
        "2005-12": {
            "month": "2005-12",
            "price": "12.86",
            "revenue": 17130
        },
        "2006-01": {
            "month": "2006-01",
            "price": "15.93",
            "revenue": 21482
        },
        "2006-02": {
            "month": "2006-02",
            "price": "19.21",
            "revenue": 9132
        },
        "2006-03": {
            "month": "2006-03",
            "price": "18.01",
            "revenue": 13838
        },
        "2006-04": {
            "month": "2006-04",
            "price": "15.89",
            "revenue": 20519
        },
        "2006-05": {
            "month": "2006-05",
            "price": "15.27",
            "revenue": 16459
        },
        "2006-06": {
            "month": "2006-06",
            "price": "13.22",
            "revenue": 15605
        },
        "2006-07": {
            "month": "2006-07",
            "price": "12.65",
            "revenue": 15356
        },
        "2006-08": {
            "month": "2006-08",
            "price": "11.29",
            "revenue": 13992
        },
        "2006-09": {
            "month": "2006-09",
            "price": "12.20",
            "revenue": 13577
        },
        "2006-10": {
            "month": "2006-10",
            "price": "11.45",
            "revenue": 19151
        },
        "2006-11": {
            "month": "2006-11",
            "price": "12.81",
            "revenue": 18855
        },
        "2006-12": {
            "month": "2006-12",
            "price": "13.51",
            "revenue": 14053
        },
        "2007-01": {
            "month": "2007-01",
            "price": "14.55",
            "revenue": 15748
        },
        "2007-02": {
            "month": "2007-02",
            "price": "14.38",
            "revenue": 14124
        },
        "2007-03": {
            "month": "2007-03",
            "price": "14.93",
            "revenue": 17634
        },
        "2007-04": {
            "month": "2007-04",
            "price": "18.13",
            "revenue": 18105
        },
        "2007-05": {
            "month": "2007-05",
            "price": "19.08",
            "revenue": 19978
        },
        "2007-06": {
            "month": "2007-06",
            "price": "29.25",
            "revenue": 18568
        },
        "2007-07": {
            "month": "2007-07",
            "price": "35.16",
            "revenue": 20697
        },
        "2007-08": {
            "month": "2007-08",
            "price": "26.22",
            "revenue": 21472
        },
        "2007-09": {
            "month": "2007-09",
            "price": "23.82",
            "revenue": 17729
        },
        "2007-10": {
            "month": "2007-10",
            "price": "20.43",
            "revenue": 21194
        },
        "2007-11": {
            "month": "2007-11",
            "price": "18.12",
            "revenue": 20216
        },
        "2007-12": {
            "month": "2007-12",
            "price": "16.24",
            "revenue": 14124
        },
        "2008-01": {
            "month": "2008-01",
            "price": "13.27",
            "revenue": 12894
        },
        "2008-02": {
            "month": "2008-02",
            "price": "11.15",
            "revenue": 13058
        },
        "2008-03": {
            "month": "2008-03",
            "price": "13.07",
            "revenue": 12249
        },
        "2008-04": {
            "month": "2008-04",
            "price": "13.54",
            "revenue": 13981
        },
        "2008-05": {
            "month": "2008-05",
            "price": "14.11",
            "revenue": 11388
        },
        "2008-06": {
            "month": "2008-06",
            "price": "12.31",
            "revenue": 12679
        },
        "2008-07": {
            "month": "2008-07",
            "price": "10.71",
            "revenue": 9800
        },
        "2008-08": {
            "month": "2008-08",
            "price": "9.81",
            "revenue": 15379
        },
        "2008-09": {
            "month": "2008-09",
            "price": "8.32",
            "revenue": 12078
        },
        "2008-10": {
            "month": "2008-10",
            "price": "6.88",
            "revenue": 10917
        },
        "2008-11": {
            "month": "2008-11",
            "price": "5.46",
            "revenue": 7227
        },
        "2008-12": {
            "month": "2008-12",
            "price": "5.07",
            "revenue": 6241
        },
        "2009-01": {
            "month": "2009-01",
            "price": "4.93",
            "revenue": 7648
        },
        "2009-02": {
            "month": "2009-02",
            "price": "5.71",
            "revenue": 7834
        },
        "2009-03": {
            "month": "2009-03",
            "price": "6.32",
            "revenue": 7229
        },
        "2009-04": {
            "month": "2009-04",
            "price": "7.15",
            "revenue": 8155
        },
        "2009-05": {
            "month": "2009-05",
            "price": "7.06",
            "revenue": 9261
        },
        "2009-06": {
            "month": "2009-06",
            "price": "7.79",
            "revenue": 5934
        },
        "2009-07": {
            "month": "2009-07",
            "price": "7.18",
            "revenue": 9677
        },
        "2009-08": {
            "month": "2009-08",
            "price": "8.45",
            "revenue": 7657
        },
        "2009-09": {
            "month": "2009-09",
            "price": "8.43",
            "revenue": 7793
        },
        "2009-10": {
            "month": "2009-10",
            "price": "9.54",
            "revenue": 7069
        },
        "2009-11": {
            "month": "2009-11",
            "price": "10.13",
            "revenue": 7965
        },
        "2009-12": {
            "month": "2009-12",
            "price": "11.68",
            "revenue": 6935
        },
        "2010-01": {
            "month": "2010-01",
            "price": "13.34",
            "revenue": 9595
        },
        "2010-02": {
            "month": "2010-02",
            "price": "11.36",
            "revenue": 7623
        },
        "2010-03": {
            "month": "2010-03",
            "price": "12.64",
            "revenue": 5669
        },
        "2010-04": {
            "month": "2010-04",
            "price": "12.84",
            "revenue": 7518
        },
        "2010-05": {
            "month": "2010-05",
            "price": "12.29",
            "revenue": 7564
        },
        "2010-06": {
            "month": "2010-06",
            "price": "11.65",
            "revenue": 5347
        },
        "2010-07": {
            "month": "2010-07",
            "price": "11.88",
            "revenue": 8115
        },
        "2010-08": {
            "month": "2010-08",
            "price": "11.91",
            "revenue": 8104
        },
        "2010-09": {
            "month": "2010-09",
            "price": "11.37",
            "revenue": 7590
        },
        "2010-10": {
            "month": "2010-10",
            "price": "10.31",
            "revenue": 9548
        },
        "2010-11": {
            "month": "2010-11",
            "price": "9.92",
            "revenue": 5863
        },
        "2010-12": {
            "month": "2010-12",
            "price": "9.72",
            "revenue": 3282
        },
        "2011-01": {
            "month": "2011-01",
            "price": "10.18",
            "revenue": 9565
        },
        "2011-02": {
            "month": "2011-02",
            "price": "9.46",
            "revenue": 4080
        },
        "2011-03": {
            "month": "2011-03",
            "price": "9.37",
            "revenue": 6082
        },
        "2011-04": {
            "month": "2011-04",
            "price": "9.11",
            "revenue": 6360
        },
        "2011-05": {
            "month": "2011-05",
            "price": "8.91",
            "revenue": 5146
        },
        "2011-06": {
            "month": "2011-06",
            "price": "8.78",
            "revenue": 5517
        },
        "2011-07": {
            "month": "2011-07",
            "price": "7.74",
            "revenue": 7368
        },
        "2011-08": {
            "month": "2011-08",
            "price": "7.83",
            "revenue": 6715
        },
        "2011-09": {
            "month": "2011-09",
            "price": "7.73",
            "revenue": 3425
        },
        "2011-10": {
            "month": "2011-10",
            "price": "7.30",
            "revenue": 6116
        },
        "2011-11": {
            "month": "2011-11",
            "price": "7.11",
            "revenue": 4611
        },
        "2011-12": {
            "month": "2011-12",
            "price": "6.36",
            "revenue": 4079
        },
        "2012-01": {
            "month": "2012-01",
            "price": "5.86",
            "revenue": 6161
        },
        "2012-02": {
            "month": "2012-02",
            "price": "6.78",
            "revenue": 3590
        },
        "2012-03": {
            "month": "2012-03",
            "price": "6.63",
            "revenue": 5494
        },
        "2012-04": {
            "month": "2012-04",
            "price": "5.67",
            "revenue": 4863
        },
        "2012-05": {
            "month": "2012-05",
            "price": "5.08",
            "revenue": 3970
        },
        "2012-06": {
            "month": "2012-06",
            "price": "5.20",
            "revenue": 5613
        },
        "2012-07": {
            "month": "2012-07",
            "price": "5.04",
            "revenue": 3423
        },
        "2012-08": {
            "month": "2012-08",
            "price": "4.91",
            "revenue": 5570
        },
        "2012-09": {
            "month": "2012-09",
            "price": "5.11",
            "revenue": 4404
        },
        "2012-10": {
            "month": "2012-10",
            "price": "5.53",
            "revenue": 3194
        },
        "2012-11": {
            "month": "2012-11",
            "price": "5.29",
            "revenue": 4274
        },
        "2012-12": {
            "month": "2012-12",
            "price": "5.30",
            "revenue": 3108
        },
        "2013-01": {
            "month": "2013-01",
            "price": "5.57",
            "revenue": 5252
        },
        "2013-02": {
            "month": "2013-02",
            "price": "5.86",
            "revenue": 4736
        },
        "2013-03": {
            "month": "2013-03",
            "price": "5.43",
            "revenue": 7439
        },
        "2013-04": {
            "month": "2013-04",
            "price": "5.37",
            "revenue": 6917
        },
        "2013-05": {
            "month": "2013-05",
            "price": "5.40",
            "revenue": 7739
        },
        "2013-06": {
            "month": "2013-06",
            "price": "6.63",
            "revenue": 6742
        },
        "2013-07": {
            "month": "2013-07",
            "price": "6.45",
            "revenue": 3749
        },
        "2013-08": {
            "month": "2013-08",
            "price": "6.89",
            "revenue": 7677
        },
        "2013-09": {
            "month": "2013-09",
            "price": "8.55",
            "revenue": 8598
        },
        "2013-10": {
            "month": "2013-10",
            "price": "9.10",
            "revenue": 6478
        },
        "2013-11": {
            "month": "2013-11",
            "price": "10.19",
            "revenue": 8057
        },
        "2013-12": {
            "month": "2013-12",
            "price": "16.38",
            "revenue": 4414
        },
        "2014-01": {
            "month": "2014-01",
            "price": "19.46",
            "revenue": 8361
        },
        "2014-02": {
            "month": "2014-02",
            "price": "20.83",
            "revenue": 5522
        },
        "2014-03": {
            "month": "2014-03",
            "price": "19.95",
            "revenue": 7060
        },
        "2014-04": {
            "month": "2014-04",
            "price": "17.07",
            "revenue": 6811
        },
        "2014-05": {
            "month": "2014-05",
            "price": "16.02",
            "revenue": 7197
        },
        "2014-06": {
            "month": "2014-06",
            "price": "15.74",
            "revenue": 8173
        },
        "2014-07": {
            "month": "2014-07",
            "price": "15.58",
            "revenue": 7499
        },
        "2014-08": {
            "month": "2014-08",
            "price": "16.65",
            "revenue": 7279
        },
        "2014-09": {
            "month": "2014-09",
            "price": "15.90",
            "revenue": 6051
        },
        "2014-10": {
            "month": "2014-10",
            "price": "15.92",
            "revenue": 9052
        },
        "2014-11": {
            "month": "2014-11",
            "price": "16.22",
            "revenue": 7313
        },
        "2014-12": {
            "month": "2014-12",
            "price": "16.47",
            "revenue": 5972
        },
        "2015-01": {
            "month": "2015-01",
            "price": "16.92",
            "revenue": 3869
        },
        "2015-02": {
            "month": "2015-02",
            "price": "16.39",
            "revenue": 5432
        },
        "2015-03": {
            "month": "2015-03",
            "price": "16.82",
            "revenue": 7365
        },
        "2015-04": {
            "month": "2015-04",
            "price": "16.06",
            "revenue": 5948
        },
        "2015-05": {
            "month": "2015-05",
            "price": "15.66",
            "revenue": 9062
        },
        "2015-06": {
            "month": "2015-06",
            "price": "15.32",
            "revenue": 9478
        },
        "2015-07": {
            "month": "2015-07",
            "price": "15.53",
            "revenue": 6053
        },
        "2015-08": {
            "month": "2015-08",
            "price": "15.05",
            "revenue": 5348
        },
        "2015-09": {
            "month": "2015-09",
            "price": "15.22",
            "revenue": 7310
        },
        "2015-10": {
            "month": "2015-10",
            "price": "15.08",
            "revenue": 3534
        },
        "2015-11": {
            "month": "2015-11",
            "price": "14.46",
            "revenue": 6198
        },
        "2015-12": {
            "month": "2015-12",
            "price": "15.08",
            "revenue": 4504
        },
        "2016-01": {
            "month": "2016-01",
            "price": "15.35",
            "revenue": 2237
        },
        "2016-02": {
            "month": "2016-02",
            "price": "15.74",
            "revenue": 5087
        },
        "2016-03": {
            "month": "2016-03",
            "price": "16.53",
            "revenue": 3203
        },
        "2016-04": {
            "month": "2016-04",
            "price": "19.23",
            "revenue": 2161
        },
        "2016-05": {
            "month": "2016-05",
            "price": "19.86",
            "revenue": 3034
        },
        "2016-06": {
            "month": "2016-06",
            "price": "21.45",
            "revenue": 4513
        },
        "2016-07": {
            "month": "2016-07",
            "price": "23.42",
            "revenue": 2833
        },
        "2016-08": {
            "month": "2016-08",
            "price": "23.34",
            "revenue": 4990
        },
        "2016-09": {
            "month": "2016-09",
            "price": "23.22",
            "revenue": 5062
        },
        "2016-10": {
            "month": "2016-10",
            "price": "22.07",
            "revenue": 3574
        },
        "2016-11": {
            "month": "2016-11",
            "price": "20.55",
            "revenue": 6329
        },
        "2016-12": {
            "month": "2016-12",
            "price": "23.01",
            "revenue": 5917
        },
        "2017-01": {
            "month": "2017-01",
            "price": "23.72",
            "revenue": 3500
        },
        "2017-02": {
            "month": "2017-02",
            "price": "23.64",
            "revenue": 3271
        },
        "2017-03": {
            "month": "2017-03",
            "price": "22.08",
            "revenue": 4347
        },
        "2017-04": {
            "month": "2017-04",
            "price": "20.47",
            "revenue": 5738
        },
        "2017-05": {
            "month": "2017-05",
            "price": "18.94",
            "revenue": 3550
        },
        "2017-06": {
            "month": "2017-06",
            "price": "16.72",
            "revenue": 4672
        },
        "2017-07": {
            "month": "2017-07",
            "price": "17.49",
            "revenue": 2797
        },
        "2017-08": {
            "month": "2017-08",
            "price": "24.49",
            "revenue": 5270
        },
        "2017-09": {
            "month": "2017-09",
            "price": "26.02",
            "revenue": 7625
        },
        "2017-10": {
            "month": "2017-10",
            "price": "24.92",
            "revenue": 3915
        },
        "2017-11": {
            "month": "2017-11",
            "price": "22.87",
            "revenue": 2772
        },
        "2017-12": {
            "month": "2017-12",
            "price": "18.24",
            "revenue": 6184
        },
        "2018-01": {
            "month": "2018-01",
            "price": "18.04",
            "revenue": 9375
        },
        "2018-02": {
            "month": "2018-02",
            "price": "17.49",
            "revenue": 3546
        },
        "2018-03": {
            "month": "2018-03",
            "price": "16.98",
            "revenue": 14258
        },
        "2018-04": {
            "month": "2018-04",
            "price": "17.88",
            "revenue": 1986
        },
        "2018-05": {
            "month": "2018-05",
            "price": "18.60",
            "revenue": 7380
        },
        "2018-06": {
            "month": "2018-06",
            "price": "18.02",
            "revenue": 12518
        },
        "2018-07": {
            "month": "2018-07",
            "price": "18.05",
            "revenue": 4319
        },
        "2018-08": {
            "month": "2018-08",
            "price": "18.46",
            "revenue": 4422
        },
        "2018-09": {
            "month": "2018-09",
            "price": "17.91",
            "revenue": 3841
        },
        "2018-10": {
            "month": "2018-10",
            "price": "17.85",
            "revenue": 24016
        },
        "2018-11": {
            "month": "2018-11",
            "price": "16.20",
            "revenue": 5109
        },
        "2018-12": {
            "month": "2018-12",
            "price": "14.31",
            "revenue": 2096
        },
        "2019-01": {
            "month": "2019-01",
            "price": "14.63",
            "revenue": 4783
        },
        "2019-02": {
            "month": "2019-02",
            "price": "17.13",
            "revenue": 1378
        },
        "2019-03": {
            "month": "2019-03",
            "price": "17.78",
            "revenue": 1218
        },
        "2019-04": {
            "month": "2019-04",
            "price": "16.58",
            "revenue": 1270
        },
        "2019-05": {
            "month": "2019-05",
            "price": "15.43",
            "revenue": 2124
        },
        "2019-06": {
            "month": "2019-06",
            "price": "15.25",
            "revenue": 2314
        },
        "2019-07": {
            "month": "2019-07",
            "price": "15.26",
            "revenue": 1672
        },
        "2019-08": {
            "month": "2019-08",
            "price": "15.08",
            "revenue": 1630
        },
        "2019-09": {
            "month": "2019-09",
            "price": "14.71",
            "revenue": 721
        },
        "2019-10": {
            "month": "2019-10",
            "price": "14.87",
            "revenue": 1696
        },
        "2019-11": {
            "month": "2019-11",
            "price": "13.44",
            "revenue": 761
        },
        "2019-12": {
            "month": "2019-12",
            "price": "12.23",
            "revenue": 1473
        },
        "2020-01": {
            "month": "2020-01",
            "price": "13.27",
            "revenue": 6214
        },
        "2020-02": {
            "month": "2020-02",
            "price": "12.82",
            "revenue": 838
        },
        "2020-03": {
            "month": "2020-03",
            "price": "12.09",
            "revenue": 1677
        },
        "2020-04": {
            "month": "2020-04",
            "price": "11.06",
            "revenue": 2065
        },
        "2020-05": {
            "month": "2020-05",
            "price": "10.37",
            "revenue": 501
        },
        "2020-06": {
            "month": "2020-06",
            "price": "12.49",
            "revenue": 475
        },
        "2020-07": {
            "month": "2020-07",
            "price": "14.41",
            "revenue": 6996
        },
        "2020-08": {
            "month": "2020-08",
            "price": "13.86",
            "revenue": 591
        },
        "2020-09": {
            "month": "2020-09",
            "price": "13.30",
            "revenue": 2595
        },
        "2020-10": {
            "month": "2020-10",
            "price": "12.81",
            "revenue": 7178
        },
        "2020-11": {
            "month": "2020-11",
            "price": "13.03",
            "revenue": 2207
        },
        "2020-12": {
            "month": "2020-12",
            "price": "33.11",
            "revenue": 2715
        },
        "2021-01": {
            "month": "2021-01",
            "price": "37.48",
            "revenue": 4553
        },
        "2021-02": {
            "month": "2021-02",
            "price": "40.46",
            "revenue": 3202
        },
        "2021-03": {
            "month": "2021-03",
            "price": "36.65",
            "revenue": 1996
        },
        "2021-04": {
            "month": "2021-04",
            "price": "38.72",
            "revenue": 94
        },
        "2021-05": {
            "month": "2021-05",
            "price": "36.93",
            "revenue": 1580
        },
        "2021-06": {
            "month": "2021-06",
            "price": "35.89",
            "revenue": 108
        },
        "2021-07": {
            "month": "2021-07",
            "price": "34.50",
            "revenue": 15
        },
        "2021-08": {
            "month": "2021-08",
            "price": "34.72",
            "revenue": 1568
        },
        "2021-09": {
            "month": "2021-09",
            "price": "36.32",
            "revenue": 3393
        },
        "2021-10": {
            "month": "2021-10",
            "price": "34.60",
            "revenue": 2091
        },
        "2021-11": {
            "month": "2021-11",
            "price": "35.44",
            "revenue": 156
        },
        "2021-12": {
            "month": "2021-12",
            "price": "34.64",
            "revenue": 419
        },
        "2022-01": {
            "month": "2022-01",
            "price": "34.72",
            "revenue": 334
        },
        "2022-02": {
            "month": "2022-02",
            "price": "34.97",
            "revenue": 167
        },
        "2022-03": {
            "month": "2022-03",
            "price": "34.64",
            "revenue": 581
        },
        "2022-04": {
            "month": "2022-04",
            "price": "34.48",
            "revenue": 1502
        },
        "2022-05": {
            "month": "2022-05",
            "price": "34.35",
            "revenue": 0
        },
        "2022-06": {
            "month": "2022-06",
            "price": "31.94",
            "revenue": 0
        },
        "2022-07": {
            "month": "2022-07",
            "price": "30.59",
            "revenue": 210
        },
        "2022-08": {
            "month": "2022-08",
            "price": "30.84",
            "revenue": 210
        },
        "2022-09": {
            "month": "2022-09",
            "price": "29.35",
            "revenue": 216
        },
        "2022-10": {
            "month": "2022-10",
            "price": "27.68",
            "revenue": 210
        },
        "2022-11": {
            "month": "2022-11",
            "price": "22.65",
            "revenue": 210
        },
        "2022-12": {
            "month": "2022-12",
            "price": "19.71",
            "revenue": 0
        },
        "2023-01": {
            "month": "2023-01",
            "price": "19.44",
            "revenue": 9
        },
        "2023-02": {
            "month": "2023-02",
            "price": "19.22",
            "revenue": 19
        },
        "2023-03": {
            "month": "2023-03",
            "price": "20.28",
            "revenue": 19
        },
        "2023-04": {
            "month": "2023-04",
            "price": "21.71",
            "revenue": 141419
        }
    }
}
