{
    "summary": {
        "stock_name": "天品",
        "stock_id": "6199",
        "category": "其他",
        "main_business": "租賃及葬儀服務<br>電腦週邊設備與電子零件<br>電子產品買賣",
        "website_url": "http://www.datafab.com",
        "ceo": "李娜亞",
        "pe_ratio": 64,
        "report_year_from": 2001,
        "report_year_to": 2023,
        "age": 23,
        "eps_negative_percentage": 36,
        "eps_growth_avg": {
            "last_all": -12.89,
            "last_2y": -26.09,
            "last_4y": -3.52,
            "last_8y": -8.44,
            "last_12y": -18.62,
            "last_16y": -15.23,
            "last_20y": -12.89,
            "at_2006_last_3y": 0,
            "at_2007_last_3y": -100,
            "at_2008_last_3y": 100,
            "at_2009_last_3y": 0,
            "at_2010_last_3y": 0,
            "at_2011_last_3y": 0,
            "at_2012_last_3y": -100,
            "at_2013_last_3y": -100,
            "at_2014_last_3y": -100,
            "at_2015_last_3y": -62.93,
            "at_2016_last_3y": -63.66,
            "at_2017_last_3y": 3.01,
            "at_2018_last_3y": -13.37,
            "at_2019_last_3y": -22.38,
            "at_2020_last_3y": 18.9,
            "at_2021_last_3y": 5.86,
            "at_2022_last_3y": -3.52,
            "at_2023_last_3y": 15.94,
            "at_2024_last_3y": 15.94,
            "at_2006_last_all": 0,
            "at_2007_last_all": 0,
            "at_2008_last_all": 33.33,
            "at_2009_last_all": 0,
            "at_2010_last_all": 0,
            "at_2011_last_all": 0,
            "at_2012_last_all": 0,
            "at_2013_last_all": -20,
            "at_2014_last_all": -20,
            "at_2015_last_all": -20.98,
            "at_2016_last_all": -27.28,
            "at_2017_last_all": -11.37,
            "at_2018_last_all": -17.05,
            "at_2019_last_all": -21.54,
            "at_2020_last_all": -10.49,
            "at_2021_last_all": -5.63,
            "at_2022_last_all": -12.89,
            "at_2023_last_all": -12.89,
            "at_2024_last_all": -12.89
        },
        "latest_eps": 0.46,
        "latest_price": 29.65,
        "latest_roe": 2.93,
        "latest_gross_margin": 81.57,
        "latest_equity": 768693,
        "latest_revenue": 29887,
        "latest_gross_profit": 24380,
        "latest_net_income": 20417,
        "latest_debt_ratio": 14.51,
        "latest_current_ratio": 631.97,
        "latest_account_receivable_turnover_ratio": 2.05,
        "latest_inventory_turnover_ratio": 0.01,
        "latest_reinvestment_rate": 0.2,
        "latest_research_to_sale_ratio": null
    },
    "eps_dividends": {
        "2001": {
            "cash": 0,
            "stock": 5.24,
            "eps": 0
        },
        "2002": {
            "cash": 0,
            "stock": 2.65,
            "eps": 0.64
        },
        "2003": {
            "cash": 0,
            "stock": 1.37,
            "eps": 1.96
        },
        "2004": {
            "cash": 0,
            "stock": 2.21,
            "eps": -0.95
        },
        "2005": {
            "cash": 0,
            "stock": 0,
            "eps": -0.8
        },
        "2006": {
            "cash": 0,
            "stock": 0,
            "eps": -0.02
        },
        "2007": {
            "cash": 0,
            "stock": 0,
            "eps": 0.08
        },
        "2008": {
            "cash": 0,
            "stock": 0,
            "eps": 1.39
        },
        "2009": {
            "cash": 0,
            "stock": 0,
            "eps": -3.52
        },
        "2010": {
            "cash": 0,
            "stock": 0,
            "eps": -2.48
        },
        "2011": {
            "cash": 0,
            "stock": 0,
            "eps": -1.82
        },
        "2012": {
            "cash": 0,
            "stock": 0,
            "eps": 0.43
        },
        "2013": {
            "cash": 0,
            "stock": 0,
            "eps": -0.34
        },
        "2014": {
            "cash": 0,
            "stock": 0,
            "eps": 0.58
        },
        "2015": {
            "cash": 0,
            "stock": 0,
            "eps": 0.43
        },
        "2016": {
            "cash": 0,
            "stock": 0,
            "eps": 0.15
        },
        "2017": {
            "cash": 0,
            "stock": 0,
            "eps": 0.56
        },
        "2018": {
            "cash": 0.2,
            "stock": 0,
            "eps": 0.21
        },
        "2019": {
            "cash": 0.2,
            "stock": 0,
            "eps": 0.08
        },
        "2020": {
            "cash": 0.2,
            "stock": 0,
            "eps": 0.46
        },
        "2021": {
            "cash": 0,
            "stock": 0,
            "eps": 0.68
        },
        "2022": {
            "cash": 0,
            "stock": 0,
            "eps": -0.03
        },
        "2023": {
            "cash": 0,
            "stock": 0,
            "eps": 0.46
        }
    },
    "dividends": {
        "2001-02-28": {
            "cash": 0,
            "stock": 5.24
        },
        "2002-04-12": {
            "cash": 0,
            "stock": 2.65
        },
        "2003-05-20": {
            "cash": 0,
            "stock": 1.37
        },
        "2004-03-04": {
            "cash": 0,
            "stock": 2.21
        },
        "2018-09-06": {
            "cash": 0.2,
            "stock": 0
        },
        "2019-09-06": {
            "cash": 0.2,
            "stock": 0
        },
        "2020-09-18": {
            "cash": 0.2,
            "stock": 0
        }
    },
    "prices": {
        "200101": "無",
        "200102": "無",
        "200103": "無",
        "200104": "無",
        "200105": "無",
        "200106": "無",
        "200107": "無",
        "200108": "無",
        "200109": "無",
        "200110": "無",
        "200111": "無",
        "200112": "無",
        "200201": "無",
        "200202": "無",
        "200203": "無",
        "200204": "無",
        "200205": "無",
        "200206": "無",
        "200207": "無",
        "200208": "無",
        "200209": "無",
        "200210": "無",
        "200211": "32.66",
        "200212": "29.53",
        "200301": "31.62",
        "200302": "34.36",
        "200303": "31.67",
        "200304": "30.20",
        "200305": "29.83",
        "200306": "33.75",
        "200307": "31.48",
        "200308": "27.75",
        "200309": "25.33",
        "200310": "25.45",
        "200311": "30.36",
        "200312": "31.98",
        "200401": "37.27",
        "200402": "40.94",
        "200403": "39.44",
        "200404": "35.53",
        "200405": "28.97",
        "200406": "25.95",
        "200407": "22.37",
        "200408": "17.72",
        "200409": "15.96",
        "200410": "13.90",
        "200411": "14.83",
        "200412": "13.59",
        "200501": "12.67",
        "200502": "12.55",
        "200503": "13.07",
        "200504": "11.91",
        "200505": "9.93",
        "200506": "11.15",
        "200507": "14.30",
        "200508": "13.53",
        "200509": "10.92",
        "200510": "9.48",
        "200511": "9.97",
        "200512": "12.38",
        "200601": "12.59",
        "200602": "10.32",
        "200603": "9.64",
        "200604": "9.69",
        "200605": "8.65",
        "200606": "7.48",
        "200607": "5.94",
        "200608": "5.52",
        "200609": "7.11",
        "200610": "8.17",
        "200611": "8.29",
        "200612": "11.05",
        "200701": "12.11",
        "200702": "12.62",
        "200703": "14.21",
        "200704": "13.79",
        "200705": "14.24",
        "200706": "20.54",
        "200707": "29.32",
        "200708": "21.87",
        "200709": "17.19",
        "200710": "17.44",
        "200711": "15.60",
        "200712": "13.81",
        "200801": "14.71",
        "200802": "16.37",
        "200803": "16.47",
        "200804": "15.48",
        "200805": "14.37",
        "200806": "14.40",
        "200807": "15.93",
        "200808": "16.86",
        "200809": "14.49",
        "200810": "11.16",
        "200811": "9.83",
        "200812": "8.52",
        "200901": "8.31",
        "200902": "13.47",
        "200903": "14.88",
        "200904": "14.34",
        "200905": "13.22",
        "200906": "12.62",
        "200907": "12.80",
        "200908": "15.06",
        "200909": "13.97",
        "200910": "13.88",
        "200911": "13.00",
        "200912": "12.69",
        "201001": "14.50",
        "201002": "12.76",
        "201003": "14.00",
        "201004": "14.01",
        "201005": "12.30",
        "201006": "11.89",
        "201007": "12.50",
        "201008": "11.72",
        "201009": "9.72",
        "201010": "9.70",
        "201011": "8.89",
        "201012": "8.85",
        "201101": "8.92",
        "201102": "8.91",
        "201103": "9.99",
        "201104": "10.09",
        "201105": "9.41",
        "201106": "9.06",
        "201107": "7.52",
        "201108": "5.38",
        "201109": "4.46",
        "201110": "4.56",
        "201111": "5.63",
        "201112": "5.68",
        "201201": "5.39",
        "201202": "6.79",
        "201203": "6.94",
        "201204": "9.20",
        "201205": "13.57",
        "201206": "13.98",
        "201207": "13.53",
        "201208": "16.15",
        "201209": "16.87",
        "201210": "17.09",
        "201211": "18.39",
        "201212": "20.33",
        "201301": "21.92",
        "201302": "21.84",
        "201303": "21.44",
        "201304": "20.44",
        "201305": "16.96",
        "201306": "5.96",
        "201307": "5.68",
        "201308": "6.39",
        "201309": "8.81",
        "201310": "6.94",
        "201311": "10.13",
        "201312": "11.76",
        "201401": "10.77",
        "201402": "18.61",
        "201403": "25.00",
        "201404": "23.62",
        "201405": "21.22",
        "201406": "18.52",
        "201407": "17.58",
        "201408": "18.61",
        "201409": "19.44",
        "201410": "19.50",
        "201411": "17.36",
        "201412": "18.91",
        "201501": "19.60",
        "201502": "19.19",
        "201503": "19.78",
        "201504": "19.38",
        "201505": "19.07",
        "201506": "13.12",
        "201507": "10.52",
        "201508": "12.38",
        "201509": "15.00",
        "201510": "15.00",
        "201511": "無",
        "201512": "無",
        "201601": "10.37",
        "201602": "12.94",
        "201603": "14.30",
        "201604": "18.90",
        "201605": "17.43",
        "201606": "18.45",
        "201607": "12.10",
        "201608": "13.89",
        "201609": "19.16",
        "201610": "23.28",
        "201611": "22.30",
        "201612": "19.76",
        "201701": "18.10",
        "201702": "17.60",
        "201703": "17.33",
        "201704": "17.15",
        "201705": "20.92",
        "201706": "19.15",
        "201707": "20.96",
        "201708": "22.99",
        "201709": "25.10",
        "201710": "25.48",
        "201711": "24.98",
        "201712": "24.58",
        "201801": "24.11",
        "201802": "23.76",
        "201803": "22.16",
        "201804": "20.52",
        "201805": "19.76",
        "201806": "23.44",
        "201807": "21.28",
        "201808": "20.32",
        "201809": "19.76",
        "201810": "17.60",
        "201811": "15.36",
        "201812": "16.99",
        "201901": "14.97",
        "201902": "14.89",
        "201903": "15.11",
        "201904": "15.44",
        "201905": "15.81",
        "201906": "15.01",
        "201907": "14.02",
        "201908": "13.96",
        "201909": "14.63",
        "201910": "14.44",
        "201911": "14.26",
        "201912": "13.93",
        "202001": "14.00",
        "202002": "13.69",
        "202003": "12.99",
        "202004": "11.82",
        "202005": "11.95",
        "202006": "11.80",
        "202007": "11.90",
        "202008": "11.90",
        "202009": "12.59",
        "202010": "12.43",
        "202011": "12.13",
        "202012": "11.84",
        "202101": "12.15",
        "202102": "12.62",
        "202103": "17.52",
        "202104": "16.55",
        "202105": "16.26",
        "202106": "19.91",
        "202107": "16.76",
        "202108": "17.58",
        "202109": "18.05",
        "202110": "17.22",
        "202111": "16.04",
        "202112": "15.95",
        "202201": "15.83",
        "202202": "16.46",
        "202203": "16.74",
        "202204": "20.23",
        "202205": "25.23",
        "202206": "29.47",
        "202207": "26.06",
        "202208": "27.67",
        "202209": "24.39",
        "202210": "17.01",
        "202211": "16.13",
        "202212": "17.76",
        "202301": "18.00",
        "202302": "18.65",
        "202303": "18.58",
        "202304": "18.56",
        "202305": "18.40",
        "202306": "18.35",
        "202307": "18.12",
        "202308": "17.38",
        "202309": "17.76",
        "202310": "18.11",
        "202311": "19.15",
        "202312": "25.16",
        "202401": "28.08",
        "202402": "29.26",
        "202403": "29.24",
        "202404": "無"
    },
    "quarters": {
        "20011": {
            "year_quarter": 20011,
            "year": 2001,
            "quarter": 1,
            "eps": null,
            "eps_growth_year": null,
            "eps_4q": null,
            "eps_4q_growth_year": null,
            "roe": null,
            "roe_4q": 0,
            "gross_profit": null,
            "gross_margin": null,
            "gross_margin_4q_avg": 0,
            "net_income": null,
            "net_income_4q": null,
            "revenue": null,
            "revenue_4q": null,
            "common_shares": null,
            "book_valuer_per_share": null,
            "book_valuer_per_share_4q_avg": 0,
            "equity": null,
            "current_ratio": null,
            "debt_ratio": null,
            "inventory_turnover_ratio": null,
            "account_receivable_turnover_ratio": null,
            "reinvestment_rate": null,
            "research_to_sale_ratio": null,
            "price_fair": 0,
            "eps_avg_yearly": 0,
            "eps_latest_yearly": 0,
            "eps_growth_yearly": 0
        },
        "20012": {
            "year_quarter": 20012,
            "year": 2001,
            "quarter": 2,
            "eps": null,
            "eps_growth_year": null,
            "eps_4q": null,
            "eps_4q_growth_year": null,
            "roe": null,
            "roe_4q": 0,
            "gross_profit": null,
            "gross_margin": null,
            "gross_margin_4q_avg": 0,
            "net_income": null,
            "net_income_4q": null,
            "revenue": null,
            "revenue_4q": null,
            "common_shares": null,
            "book_valuer_per_share": null,
            "book_valuer_per_share_4q_avg": 0,
            "equity": null,
            "current_ratio": null,
            "debt_ratio": null,
            "inventory_turnover_ratio": null,
            "account_receivable_turnover_ratio": null,
            "reinvestment_rate": null,
            "research_to_sale_ratio": null,
            "price_fair": 0,
            "eps_avg_yearly": 0,
            "eps_latest_yearly": 0,
            "eps_growth_yearly": 0
        },
        "20013": {
            "year_quarter": 20013,
            "year": 2001,
            "quarter": 3,
            "eps": null,
            "eps_growth_year": null,
            "eps_4q": null,
            "eps_4q_growth_year": null,
            "roe": null,
            "roe_4q": 0,
            "gross_profit": null,
            "gross_margin": null,
            "gross_margin_4q_avg": 0,
            "net_income": null,
            "net_income_4q": null,
            "revenue": null,
            "revenue_4q": null,
            "common_shares": null,
            "book_valuer_per_share": null,
            "book_valuer_per_share_4q_avg": 0,
            "equity": null,
            "current_ratio": null,
            "debt_ratio": null,
            "inventory_turnover_ratio": null,
            "account_receivable_turnover_ratio": null,
            "reinvestment_rate": null,
            "research_to_sale_ratio": null,
            "price_fair": 0,
            "eps_avg_yearly": 0,
            "eps_latest_yearly": 0,
            "eps_growth_yearly": 0
        },
        "20014": {
            "year_quarter": 20014,
            "year": 2001,
            "quarter": 4,
            "eps": null,
            "eps_growth_year": null,
            "eps_4q": null,
            "eps_4q_growth_year": null,
            "roe": null,
            "roe_4q": 0,
            "gross_profit": null,
            "gross_margin": null,
            "gross_margin_4q_avg": 0,
            "net_income": null,
            "net_income_4q": null,
            "revenue": null,
            "revenue_4q": null,
            "common_shares": 236665,
            "book_valuer_per_share": 18.41,
            "book_valuer_per_share_4q_avg": 4.6,
            "equity": 435792,
            "current_ratio": 331.73,
            "debt_ratio": 26.83,
            "inventory_turnover_ratio": null,
            "account_receivable_turnover_ratio": null,
            "reinvestment_rate": null,
            "research_to_sale_ratio": null,
            "price_fair": 0,
            "eps_avg_yearly": 0,
            "eps_latest_yearly": 0,
            "eps_growth_yearly": 0
        },
        "20021": {
            "year_quarter": 20021,
            "year": 2002,
            "quarter": 1,
            "eps": 0.38,
            "eps_growth_year": null,
            "eps_4q": null,
            "eps_4q_growth_year": null,
            "roe": 2.04,
            "roe_4q": 2.04,
            "gross_profit": 42469,
            "gross_margin": 22.52,
            "gross_margin_4q_avg": 5.63,
            "net_income": 8995,
            "net_income_4q": null,
            "revenue": 188578,
            "revenue_4q": null,
            "common_shares": 236665,
            "book_valuer_per_share": 18.79,
            "book_valuer_per_share_4q_avg": 9.3,
            "equity": 444787,
            "current_ratio": 292.84,
            "debt_ratio": 30.62,
            "inventory_turnover_ratio": 1.02,
            "account_receivable_turnover_ratio": null,
            "reinvestment_rate": null,
            "research_to_sale_ratio": null,
            "price_fair": 0,
            "eps_avg_yearly": 0,
            "eps_latest_yearly": 0,
            "eps_growth_yearly": 0
        },
        "20022": {
            "year_quarter": 20022,
            "year": 2002,
            "quarter": 2,
            "eps": 0.33,
            "eps_growth_year": null,
            "eps_4q": null,
            "eps_4q_growth_year": null,
            "roe": 1.77,
            "roe_4q": 3.81,
            "gross_profit": 41600,
            "gross_margin": 21.62,
            "gross_margin_4q_avg": 11.04,
            "net_income": 7921,
            "net_income_4q": null,
            "revenue": 192456,
            "revenue_4q": null,
            "common_shares": 236665,
            "book_valuer_per_share": 19.08,
            "book_valuer_per_share_4q_avg": 14.07,
            "equity": 451581,
            "current_ratio": 266.91,
            "debt_ratio": 33.5,
            "inventory_turnover_ratio": 0.84,
            "account_receivable_turnover_ratio": null,
            "reinvestment_rate": null,
            "research_to_sale_ratio": null,
            "price_fair": 3.96,
            "eps_avg_yearly": 1.32,
            "eps_latest_yearly": 1.32,
            "eps_growth_yearly": -52.63
        },
        "20023": {
            "year_quarter": 20023,
            "year": 2002,
            "quarter": 3,
            "eps": -0.14,
            "eps_growth_year": null,
            "eps_4q": null,
            "eps_4q_growth_year": null,
            "roe": -0.94,
            "roe_4q": 2.87,
            "gross_profit": 24722,
            "gross_margin": 15.48,
            "gross_margin_4q_avg": 14.91,
            "net_income": -4209,
            "net_income_4q": null,
            "revenue": 159654,
            "revenue_4q": null,
            "common_shares": 304000,
            "book_valuer_per_share": 14.72,
            "book_valuer_per_share_4q_avg": 17.75,
            "equity": 447372,
            "current_ratio": 328.88,
            "debt_ratio": 26.38,
            "inventory_turnover_ratio": 0.7,
            "account_receivable_turnover_ratio": null,
            "reinvestment_rate": null,
            "research_to_sale_ratio": null,
            "price_fair": 3.96,
            "eps_avg_yearly": 1.32,
            "eps_latest_yearly": 1.32,
            "eps_growth_yearly": -52.63
        },
        "20024": {
            "year_quarter": 20024,
            "year": 2002,
            "quarter": 4,
            "eps": 0.07,
            "eps_growth_year": null,
            "eps_4q": 0.46,
            "eps_4q_growth_year": null,
            "roe": 0.5,
            "roe_4q": 3.37,
            "gross_profit": 24751,
            "gross_margin": 14.19,
            "gross_margin_4q_avg": 18.45,
            "net_income": 2256,
            "net_income_4q": null,
            "revenue": 174449,
            "revenue_4q": null,
            "common_shares": 304000,
            "book_valuer_per_share": 14.75,
            "book_valuer_per_share_4q_avg": 16.84,
            "equity": 448523,
            "current_ratio": 440.95,
            "debt_ratio": 20.3,
            "inventory_turnover_ratio": 0.84,
            "account_receivable_turnover_ratio": null,
            "reinvestment_rate": null,
            "research_to_sale_ratio": null,
            "price_fair": 3.96,
            "eps_avg_yearly": 1.32,
            "eps_latest_yearly": 1.32,
            "eps_growth_yearly": -52.63
        },
        "20031": {
            "year_quarter": 20031,
            "year": 2003,
            "quarter": 1,
            "eps": -0.6,
            "eps_growth_year": -257.89,
            "eps_4q": -0.4,
            "eps_4q_growth_year": null,
            "roe": -4.16,
            "roe_4q": -2.8299999999999996,
            "gross_profit": 13653,
            "gross_margin": 9.7,
            "gross_margin_4q_avg": 15.25,
            "net_income": -18277,
            "net_income_4q": null,
            "revenue": 140811,
            "revenue_4q": null,
            "common_shares": 304000,
            "book_valuer_per_share": 14.15,
            "book_valuer_per_share_4q_avg": 15.68,
            "equity": 430246,
            "current_ratio": 246.85,
            "debt_ratio": 35.98,
            "inventory_turnover_ratio": 0.71,
            "account_receivable_turnover_ratio": null,
            "reinvestment_rate": null,
            "research_to_sale_ratio": null,
            "price_fair": 3.96,
            "eps_avg_yearly": 1.32,
            "eps_latest_yearly": 1.32,
            "eps_growth_yearly": -52.63
        },
        "20032": {
            "year_quarter": 20032,
            "year": 2003,
            "quarter": 2,
            "eps": 0.68,
            "eps_growth_year": 106.06,
            "eps_4q": 0.1,
            "eps_4q_growth_year": null,
            "roe": 5.32,
            "roe_4q": 0.7200000000000002,
            "gross_profit": 50061,
            "gross_margin": 17.79,
            "gross_margin_4q_avg": 14.29,
            "net_income": 23527,
            "net_income_4q": null,
            "revenue": 281394,
            "revenue_4q": null,
            "common_shares": 304000,
            "book_valuer_per_share": 14.92,
            "book_valuer_per_share_4q_avg": 14.64,
            "equity": 453437,
            "current_ratio": 302.71,
            "debt_ratio": 58.27,
            "inventory_turnover_ratio": 1.1,
            "account_receivable_turnover_ratio": null,
            "reinvestment_rate": null,
            "research_to_sale_ratio": null,
            "price_fair": 3.96,
            "eps_avg_yearly": 1.32,
            "eps_latest_yearly": 1.32,
            "eps_growth_yearly": -52.63
        },
        "20033": {
            "year_quarter": 20033,
            "year": 2003,
            "quarter": 3,
            "eps": 0.78,
            "eps_growth_year": null,
            "eps_4q": 1,
            "eps_4q_growth_year": null,
            "roe": 5.53,
            "roe_4q": 7.190000000000001,
            "gross_profit": 60815,
            "gross_margin": 19.45,
            "gross_margin_4q_avg": 15.28,
            "net_income": 27006,
            "net_income_4q": null,
            "revenue": 312637,
            "revenue_4q": null,
            "common_shares": 346721,
            "book_valuer_per_share": 15.1,
            "book_valuer_per_share_4q_avg": 14.73,
            "equity": 523497,
            "current_ratio": 305.63,
            "debt_ratio": 55.31,
            "inventory_turnover_ratio": 1.14,
            "account_receivable_turnover_ratio": null,
            "reinvestment_rate": null,
            "research_to_sale_ratio": null,
            "price_fair": 29.07,
            "eps_avg_yearly": 2.22,
            "eps_latest_yearly": 3.12,
            "eps_growth_yearly": 3.1
        },
        "20034": {
            "year_quarter": 20034,
            "year": 2003,
            "quarter": 4,
            "eps": 1.1,
            "eps_growth_year": 1471.43,
            "eps_4q": 1.98,
            "eps_4q_growth_year": 326.26,
            "roe": 6.44,
            "roe_4q": 13.129999999999999,
            "gross_profit": 89255,
            "gross_margin": 18.74,
            "gross_margin_4q_avg": 16.42,
            "net_income": 40364,
            "net_income_4q": null,
            "revenue": 476313,
            "revenue_4q": null,
            "common_shares": 430128,
            "book_valuer_per_share": 16.96,
            "book_valuer_per_share_4q_avg": 15.28,
            "equity": 729638,
            "current_ratio": 302.78,
            "debt_ratio": 50.43,
            "inventory_turnover_ratio": 1.83,
            "account_receivable_turnover_ratio": null,
            "reinvestment_rate": null,
            "research_to_sale_ratio": null,
            "price_fair": 103.13,
            "eps_avg_yearly": 2.95,
            "eps_latest_yearly": 4.4,
            "eps_growth_yearly": 56.76
        },
        "20041": {
            "year_quarter": 20041,
            "year": 2004,
            "quarter": 1,
            "eps": 0.46,
            "eps_growth_year": null,
            "eps_4q": 2.49,
            "eps_4q_growth_year": null,
            "roe": 2.67,
            "roe_4q": 19.96,
            "gross_profit": 59567,
            "gross_margin": 18.8,
            "gross_margin_4q_avg": 18.7,
            "net_income": 20577,
            "net_income_4q": null,
            "revenue": 316913,
            "revenue_4q": null,
            "common_shares": 453276,
            "book_valuer_per_share": 17.95,
            "book_valuer_per_share_4q_avg": 16.23,
            "equity": 813648,
            "current_ratio": 422.69,
            "debt_ratio": 38.92,
            "inventory_turnover_ratio": 1.36,
            "account_receivable_turnover_ratio": null,
            "reinvestment_rate": null,
            "research_to_sale_ratio": null,
            "price_fair": 8.01,
            "eps_avg_yearly": 2.67,
            "eps_latest_yearly": 1.84,
            "eps_growth_yearly": -15.61
        },
        "20042": {
            "year_quarter": 20042,
            "year": 2004,
            "quarter": 2,
            "eps": -0.36,
            "eps_growth_year": -152.94,
            "eps_4q": 1.17,
            "eps_4q_growth_year": 1124,
            "roe": -2.45,
            "roe_4q": 12.190000000000001,
            "gross_profit": 64165,
            "gross_margin": 21.5,
            "gross_margin_4q_avg": 19.62,
            "net_income": -20251,
            "net_income_4q": null,
            "revenue": 298450,
            "revenue_4q": null,
            "common_shares": 580391,
            "book_valuer_per_share": 14.43,
            "book_valuer_per_share_4q_avg": 16.11,
            "equity": 837511,
            "current_ratio": 302.79,
            "debt_ratio": 51.89,
            "inventory_turnover_ratio": 1.34,
            "account_receivable_turnover_ratio": null,
            "reinvestment_rate": null,
            "research_to_sale_ratio": null,
            "price_fair": 8.01,
            "eps_avg_yearly": 2.67,
            "eps_latest_yearly": 1.84,
            "eps_growth_yearly": -15.61
        },
        "20043": {
            "year_quarter": 20043,
            "year": 2004,
            "quarter": 3,
            "eps": 0.23,
            "eps_growth_year": -70.51,
            "eps_4q": 0.96,
            "eps_4q_growth_year": -4.18,
            "roe": 1.53,
            "roe_4q": 8.19,
            "gross_profit": 63134,
            "gross_margin": 19.44,
            "gross_margin_4q_avg": 19.62,
            "net_income": 12906,
            "net_income_4q": null,
            "revenue": 324759,
            "revenue_4q": null,
            "common_shares": 580391,
            "book_valuer_per_share": 14.7,
            "book_valuer_per_share_4q_avg": 16.01,
            "equity": 853210,
            "current_ratio": 293.31,
            "debt_ratio": 50.72,
            "inventory_turnover_ratio": 1.49,
            "account_receivable_turnover_ratio": null,
            "reinvestment_rate": null,
            "research_to_sale_ratio": null,
            "price_fair": 8.01,
            "eps_avg_yearly": 2.67,
            "eps_latest_yearly": 1.84,
            "eps_growth_yearly": -15.61
        },
        "20044": {
            "year_quarter": 20044,
            "year": 2004,
            "quarter": 4,
            "eps": -1.28,
            "eps_growth_year": -216.36,
            "eps_4q": -1.05,
            "eps_4q_growth_year": -153.06,
            "roe": -9.13,
            "roe_4q": -7.380000000000001,
            "gross_profit": 64295,
            "gross_margin": 17.07,
            "gross_margin_4q_avg": 19.2,
            "net_income": -73056,
            "net_income_4q": null,
            "revenue": 376737,
            "revenue_4q": null,
            "common_shares": 586295,
            "book_valuer_per_share": 12.73,
            "book_valuer_per_share_4q_avg": 14.95,
            "equity": 746373,
            "current_ratio": 238.96,
            "debt_ratio": 55.69,
            "inventory_turnover_ratio": 2.07,
            "account_receivable_turnover_ratio": null,
            "reinvestment_rate": null,
            "research_to_sale_ratio": null,
            "price_fair": 8.01,
            "eps_avg_yearly": 2.67,
            "eps_latest_yearly": 1.84,
            "eps_growth_yearly": -15.61
        },
        "20051": {
            "year_quarter": 20051,
            "year": 2005,
            "quarter": 1,
            "eps": -0.56,
            "eps_growth_year": -221.74,
            "eps_4q": -1.94,
            "eps_4q_growth_year": -177.91,
            "roe": -4.47,
            "roe_4q": -14.520000000000003,
            "gross_profit": 14598,
            "gross_margin": 6.03,
            "gross_margin_4q_avg": 16.01,
            "net_income": -32590,
            "net_income_4q": null,
            "revenue": 242154,
            "revenue_4q": null,
            "common_shares": 588340,
            "book_valuer_per_share": 12.09,
            "book_valuer_per_share_4q_avg": 13.49,
            "equity": 711593,
            "current_ratio": 265.38,
            "debt_ratio": 53.81,
            "inventory_turnover_ratio": 1.73,
            "account_receivable_turnover_ratio": null,
            "reinvestment_rate": null,
            "research_to_sale_ratio": null,
            "price_fair": 8.01,
            "eps_avg_yearly": 2.67,
            "eps_latest_yearly": 1.84,
            "eps_growth_yearly": -15.61
        },
        "20052": {
            "year_quarter": 20052,
            "year": 2005,
            "quarter": 2,
            "eps": -0.35,
            "eps_growth_year": null,
            "eps_4q": -1.91,
            "eps_4q_growth_year": -263.84,
            "roe": -2.77,
            "roe_4q": -14.840000000000002,
            "gross_profit": 29278,
            "gross_margin": 12.43,
            "gross_margin_4q_avg": 13.74,
            "net_income": -19703,
            "net_income_4q": null,
            "revenue": 235606,
            "revenue_4q": null,
            "common_shares": 588385,
            "book_valuer_per_share": 12.08,
            "book_valuer_per_share_4q_avg": 12.9,
            "equity": 710859,
            "current_ratio": 255.33,
            "debt_ratio": 53.63,
            "inventory_turnover_ratio": 1.4,
            "account_receivable_turnover_ratio": null,
            "reinvestment_rate": null,
            "research_to_sale_ratio": null,
            "price_fair": 8.01,
            "eps_avg_yearly": 2.67,
            "eps_latest_yearly": 1.84,
            "eps_growth_yearly": -15.61
        },
        "20053": {
            "year_quarter": 20053,
            "year": 2005,
            "quarter": 3,
            "eps": -0.05,
            "eps_growth_year": -121.74,
            "eps_4q": -2.09,
            "eps_4q_growth_year": -318.47,
            "roe": -0.39,
            "roe_4q": -16.76,
            "gross_profit": 34513,
            "gross_margin": 12.27,
            "gross_margin_4q_avg": 11.95,
            "net_income": -2747,
            "net_income_4q": null,
            "revenue": 281227,
            "revenue_4q": null,
            "common_shares": 613857,
            "book_valuer_per_share": 11.41,
            "book_valuer_per_share_4q_avg": 12.08,
            "equity": 700559,
            "current_ratio": 237.96,
            "debt_ratio": 55.64,
            "inventory_turnover_ratio": 1.28,
            "account_receivable_turnover_ratio": null,
            "reinvestment_rate": null,
            "research_to_sale_ratio": null,
            "price_fair": 8.01,
            "eps_avg_yearly": 2.67,
            "eps_latest_yearly": 1.84,
            "eps_growth_yearly": -15.61
        },
        "20054": {
            "year_quarter": 20054,
            "year": 2005,
            "quarter": 4,
            "eps": 0.16,
            "eps_growth_year": null,
            "eps_4q": -0.82,
            "eps_4q_growth_year": null,
            "roe": 1.3,
            "roe_4q": -6.33,
            "gross_profit": 71086,
            "gross_margin": 15.41,
            "gross_margin_4q_avg": 11.54,
            "net_income": 9009,
            "net_income_4q": null,
            "revenue": 461151,
            "revenue_4q": null,
            "common_shares": 601620,
            "book_valuer_per_share": 11.4,
            "book_valuer_per_share_4q_avg": 11.75,
            "equity": 685704,
            "current_ratio": 228.89,
            "debt_ratio": 56.68,
            "inventory_turnover_ratio": 2.12,
            "account_receivable_turnover_ratio": null,
            "reinvestment_rate": null,
            "research_to_sale_ratio": null,
            "price_fair": 8.01,
            "eps_avg_yearly": 2.67,
            "eps_latest_yearly": 1.84,
            "eps_growth_yearly": -15.61
        },
        "20061": {
            "year_quarter": 20061,
            "year": 2006,
            "quarter": 1,
            "eps": -0.5,
            "eps_growth_year": null,
            "eps_4q": -0.75,
            "eps_4q_growth_year": null,
            "roe": -4.04,
            "roe_4q": -5.9,
            "gross_profit": 17332,
            "gross_margin": 7.99,
            "gross_margin_4q_avg": 12.03,
            "net_income": -27226,
            "net_income_4q": null,
            "revenue": 216964,
            "revenue_4q": null,
            "common_shares": 588840,
            "book_valuer_per_share": 11.22,
            "book_valuer_per_share_4q_avg": 11.53,
            "equity": 660964,
            "current_ratio": 274.1,
            "debt_ratio": 53.18,
            "inventory_turnover_ratio": 1.39,
            "account_receivable_turnover_ratio": null,
            "reinvestment_rate": null,
            "research_to_sale_ratio": null,
            "price_fair": 8.01,
            "eps_avg_yearly": 2.67,
            "eps_latest_yearly": 1.84,
            "eps_growth_yearly": -15.61
        },
        "20062": {
            "year_quarter": 20062,
            "year": 2006,
            "quarter": 2,
            "eps": -0.15,
            "eps_growth_year": null,
            "eps_4q": -0.5,
            "eps_4q_growth_year": null,
            "roe": -1.24,
            "roe_4q": -4.37,
            "gross_profit": 17676,
            "gross_margin": 9.4,
            "gross_margin_4q_avg": 11.27,
            "net_income": -8291,
            "net_income_4q": null,
            "revenue": 188024,
            "revenue_4q": null,
            "common_shares": 588895,
            "book_valuer_per_share": 11.57,
            "book_valuer_per_share_4q_avg": 11.4,
            "equity": 681130,
            "current_ratio": 157.44,
            "debt_ratio": 42.73,
            "inventory_turnover_ratio": 1.17,
            "account_receivable_turnover_ratio": null,
            "reinvestment_rate": null,
            "research_to_sale_ratio": null,
            "price_fair": 9.36,
            "eps_avg_yearly": 3.12,
            "eps_latest_yearly": 1.84,
            "eps_growth_yearly": -3.27
        },
        "20063": {
            "year_quarter": 20063,
            "year": 2006,
            "quarter": 3,
            "eps": -0.05,
            "eps_growth_year": null,
            "eps_4q": -0.47,
            "eps_4q_growth_year": null,
            "roe": -0.43,
            "roe_4q": -4.41,
            "gross_profit": 33719,
            "gross_margin": 13.23,
            "gross_margin_4q_avg": 11.51,
            "net_income": -2941,
            "net_income_4q": null,
            "revenue": 254777,
            "revenue_4q": null,
            "common_shares": 623040,
            "book_valuer_per_share": 10.88,
            "book_valuer_per_share_4q_avg": 11.27,
            "equity": 678179,
            "current_ratio": 153.94,
            "debt_ratio": 45.95,
            "inventory_turnover_ratio": 1.49,
            "account_receivable_turnover_ratio": null,
            "reinvestment_rate": null,
            "research_to_sale_ratio": null,
            "price_fair": 9.36,
            "eps_avg_yearly": 3.12,
            "eps_latest_yearly": 1.84,
            "eps_growth_yearly": -3.27
        },
        "20064": {
            "year_quarter": 20064,
            "year": 2006,
            "quarter": 4,
            "eps": 0.68,
            "eps_growth_year": 325,
            "eps_4q": 0,
            "eps_4q_growth_year": null,
            "roe": 5.54,
            "roe_4q": -0.16999999999999993,
            "gross_profit": 55113,
            "gross_margin": 15.1,
            "gross_margin_4q_avg": 11.43,
            "net_income": 38586,
            "net_income_4q": null,
            "revenue": 365042,
            "revenue_4q": null,
            "common_shares": 623040,
            "book_valuer_per_share": 11.48,
            "book_valuer_per_share_4q_avg": 11.29,
            "equity": 715158,
            "current_ratio": 183.35,
            "debt_ratio": 40,
            "inventory_turnover_ratio": 2.04,
            "account_receivable_turnover_ratio": null,
            "reinvestment_rate": null,
            "research_to_sale_ratio": null,
            "price_fair": 9.36,
            "eps_avg_yearly": 3.12,
            "eps_latest_yearly": 1.84,
            "eps_growth_yearly": -3.27
        },
        "20071": {
            "year_quarter": 20071,
            "year": 2007,
            "quarter": 1,
            "eps": 0.02,
            "eps_growth_year": null,
            "eps_4q": 0.56,
            "eps_4q_growth_year": null,
            "roe": 0.14,
            "roe_4q": 4.01,
            "gross_profit": 34629,
            "gross_margin": 12.52,
            "gross_margin_4q_avg": 12.56,
            "net_income": 1014,
            "net_income_4q": null,
            "revenue": 276649,
            "revenue_4q": null,
            "common_shares": 624398,
            "book_valuer_per_share": 11.48,
            "book_valuer_per_share_4q_avg": 11.35,
            "equity": 716510,
            "current_ratio": 192.85,
            "debt_ratio": 38.09,
            "inventory_turnover_ratio": 1.69,
            "account_receivable_turnover_ratio": null,
            "reinvestment_rate": null,
            "research_to_sale_ratio": null,
            "price_fair": 7.08,
            "eps_avg_yearly": 2.36,
            "eps_latest_yearly": 0.08,
            "eps_growth_yearly": -99.51
        },
        "20072": {
            "year_quarter": 20072,
            "year": 2007,
            "quarter": 2,
            "eps": -0.01,
            "eps_growth_year": null,
            "eps_4q": 0.58,
            "eps_4q_growth_year": null,
            "roe": -0.09,
            "roe_4q": 5.16,
            "gross_profit": 47555,
            "gross_margin": 14.81,
            "gross_margin_4q_avg": 13.92,
            "net_income": -663,
            "net_income_4q": null,
            "revenue": 320995,
            "revenue_4q": null,
            "common_shares": 624717,
            "book_valuer_per_share": 11.5,
            "book_valuer_per_share_4q_avg": 11.34,
            "equity": 718348,
            "current_ratio": 247.94,
            "debt_ratio": 28.97,
            "inventory_turnover_ratio": 2.02,
            "account_receivable_turnover_ratio": null,
            "reinvestment_rate": null,
            "research_to_sale_ratio": null,
            "price_fair": 7.08,
            "eps_avg_yearly": 2.36,
            "eps_latest_yearly": 0.08,
            "eps_growth_yearly": -99.51
        },
        "20073": {
            "year_quarter": 20073,
            "year": 2007,
            "quarter": 3,
            "eps": -0.21,
            "eps_growth_year": null,
            "eps_4q": 0.42,
            "eps_4q_growth_year": null,
            "roe": -1.69,
            "roe_4q": 3.9,
            "gross_profit": 35636,
            "gross_margin": 13.23,
            "gross_margin_4q_avg": 13.92,
            "net_income": -12382,
            "net_income_4q": null,
            "revenue": 269332,
            "revenue_4q": null,
            "common_shares": 634425,
            "book_valuer_per_share": 11.72,
            "book_valuer_per_share_4q_avg": 11.55,
            "equity": 743317,
            "current_ratio": 238.12,
            "debt_ratio": 31.31,
            "inventory_turnover_ratio": 1.72,
            "account_receivable_turnover_ratio": null,
            "reinvestment_rate": null,
            "research_to_sale_ratio": null,
            "price_fair": 6.32,
            "eps_avg_yearly": 2.11,
            "eps_latest_yearly": 0.08,
            "eps_growth_yearly": -152.29
        },
        "20074": {
            "year_quarter": 20074,
            "year": 2007,
            "quarter": 4,
            "eps": 0.28,
            "eps_growth_year": -58.82,
            "eps_4q": 0.07,
            "eps_4q_growth_year": 3151.68,
            "roe": 2.15,
            "roe_4q": 0.51,
            "gross_profit": 76034,
            "gross_margin": 20,
            "gross_margin_4q_avg": 15.14,
            "net_income": 16302,
            "net_income_4q": null,
            "revenue": 380163,
            "revenue_4q": null,
            "common_shares": 634902,
            "book_valuer_per_share": 12.2,
            "book_valuer_per_share_4q_avg": 11.73,
            "equity": 774494,
            "current_ratio": 300.41,
            "debt_ratio": 25.03,
            "inventory_turnover_ratio": 2.41,
            "account_receivable_turnover_ratio": null,
            "reinvestment_rate": null,
            "research_to_sale_ratio": null,
            "price_fair": 2.88,
            "eps_avg_yearly": 0.96,
            "eps_latest_yearly": 0.08,
            "eps_growth_yearly": -310.48
        },
        "20081": {
            "year_quarter": 20081,
            "year": 2008,
            "quarter": 1,
            "eps": -0.3,
            "eps_growth_year": -1600,
            "eps_4q": -0.25,
            "eps_4q_growth_year": -144.18,
            "roe": -2.39,
            "roe_4q": -2.02,
            "gross_profit": 35408,
            "gross_margin": 15.3,
            "gross_margin_4q_avg": 15.84,
            "net_income": -18496,
            "net_income_4q": null,
            "revenue": 231485,
            "revenue_4q": null,
            "common_shares": 632592,
            "book_valuer_per_share": 12.2,
            "book_valuer_per_share_4q_avg": 11.91,
            "equity": 771943,
            "current_ratio": 321.76,
            "debt_ratio": 23.43,
            "inventory_turnover_ratio": 1.78,
            "account_receivable_turnover_ratio": null,
            "reinvestment_rate": null,
            "research_to_sale_ratio": null,
            "price_fair": 0.24,
            "eps_avg_yearly": 0.08,
            "eps_latest_yearly": 0.08,
            "eps_growth_yearly": -388.24
        },
        "20082": {
            "year_quarter": 20082,
            "year": 2008,
            "quarter": 2,
            "eps": -0.28,
            "eps_growth_year": null,
            "eps_4q": -0.51,
            "eps_4q_growth_year": -187.83,
            "roe": -2.29,
            "roe_4q": -4.22,
            "gross_profit": 22303,
            "gross_margin": 11.23,
            "gross_margin_4q_avg": 14.94,
            "net_income": -17469,
            "net_income_4q": null,
            "revenue": 198517,
            "revenue_4q": null,
            "common_shares": 633236,
            "book_valuer_per_share": 11.92,
            "book_valuer_per_share_4q_avg": 12.01,
            "equity": 754862,
            "current_ratio": 305.22,
            "debt_ratio": 24.7,
            "inventory_turnover_ratio": 1.64,
            "account_receivable_turnover_ratio": null,
            "reinvestment_rate": null,
            "research_to_sale_ratio": null,
            "price_fair": 0.24,
            "eps_avg_yearly": 0.08,
            "eps_latest_yearly": 0.08,
            "eps_growth_yearly": -388.24
        },
        "20083": {
            "year_quarter": 20083,
            "year": 2008,
            "quarter": 3,
            "eps": 0.71,
            "eps_growth_year": null,
            "eps_4q": 0.4,
            "eps_4q_growth_year": -5,
            "roe": 5.74,
            "roe_4q": 3.21,
            "gross_profit": 23095,
            "gross_margin": 12.22,
            "gross_margin_4q_avg": 14.69,
            "net_income": 44697,
            "net_income_4q": null,
            "revenue": 188967,
            "revenue_4q": null,
            "common_shares": 627336,
            "book_valuer_per_share": 12.8,
            "book_valuer_per_share_4q_avg": 12.28,
            "equity": 802873,
            "current_ratio": 344.96,
            "debt_ratio": 22.51,
            "inventory_turnover_ratio": 1.54,
            "account_receivable_turnover_ratio": null,
            "reinvestment_rate": null,
            "research_to_sale_ratio": null,
            "price_fair": 0.24,
            "eps_avg_yearly": 0.08,
            "eps_latest_yearly": 0.08,
            "eps_growth_yearly": -388.24
        },
        "20084": {
            "year_quarter": 20084,
            "year": 2008,
            "quarter": 4,
            "eps": 1.26,
            "eps_growth_year": 350,
            "eps_4q": 1.4,
            "eps_4q_growth_year": 1805.39,
            "roe": 9.63,
            "roe_4q": 10.690000000000001,
            "gross_profit": 28478,
            "gross_margin": 14.53,
            "gross_margin_4q_avg": 13.32,
            "net_income": 79868,
            "net_income_4q": null,
            "revenue": 195980,
            "revenue_4q": null,
            "common_shares": 630829,
            "book_valuer_per_share": 13.56,
            "book_valuer_per_share_4q_avg": 12.62,
            "equity": 855695,
            "current_ratio": 631.13,
            "debt_ratio": 13.02,
            "inventory_turnover_ratio": 1.82,
            "account_receivable_turnover_ratio": 4.03,
            "reinvestment_rate": -174.18,
            "research_to_sale_ratio": null,
            "price_fair": 7.68,
            "eps_avg_yearly": 2.56,
            "eps_latest_yearly": 5.04,
            "eps_growth_yearly": -39.19
        },
        "20091": {
            "year_quarter": 20091,
            "year": 2009,
            "quarter": 1,
            "eps": 0.04,
            "eps_growth_year": null,
            "eps_4q": 1.92,
            "eps_4q_growth_year": null,
            "roe": 0.27,
            "roe_4q": 13.350000000000001,
            "gross_profit": 1446,
            "gross_margin": 1.32,
            "gross_margin_4q_avg": 9.83,
            "net_income": 2276,
            "net_income_4q": null,
            "revenue": 109558,
            "revenue_4q": null,
            "common_shares": 630829,
            "book_valuer_per_share": 13.62,
            "book_valuer_per_share_4q_avg": 12.98,
            "equity": 859045,
            "current_ratio": 563.9,
            "debt_ratio": 13.8,
            "inventory_turnover_ratio": 1.48,
            "account_receivable_turnover_ratio": 1.28,
            "reinvestment_rate": -76.66,
            "research_to_sale_ratio": null,
            "price_fair": 5.28,
            "eps_avg_yearly": 1.76,
            "eps_latest_yearly": 0.16,
            "eps_growth_yearly": -155.23
        },
        "20092": {
            "year_quarter": 20092,
            "year": 2009,
            "quarter": 2,
            "eps": -2.97,
            "eps_growth_year": null,
            "eps_4q": -0.96,
            "eps_4q_growth_year": null,
            "roe": -24.48,
            "roe_4q": -8.84,
            "gross_profit": -11124,
            "gross_margin": -16.35,
            "gross_margin_4q_avg": 2.93,
            "net_income": -187328,
            "net_income_4q": null,
            "revenue": 68053,
            "revenue_4q": null,
            "common_shares": 631843,
            "book_valuer_per_share": 10.63,
            "book_valuer_per_share_4q_avg": 12.65,
            "equity": 671692,
            "current_ratio": 442.03,
            "debt_ratio": 16.19,
            "inventory_turnover_ratio": 1.19,
            "account_receivable_turnover_ratio": 1.12,
            "reinvestment_rate": null,
            "research_to_sale_ratio": null,
            "price_fair": 5.28,
            "eps_avg_yearly": 1.76,
            "eps_latest_yearly": 0.16,
            "eps_growth_yearly": -155.23
        },
        "20093": {
            "year_quarter": 20093,
            "year": 2009,
            "quarter": 3,
            "eps": -0.43,
            "eps_growth_year": -160.56,
            "eps_4q": -2.07,
            "eps_4q_growth_year": -621.48,
            "roe": -3.91,
            "roe_4q": -18.490000000000002,
            "gross_profit": 7462,
            "gross_margin": 8.35,
            "gross_margin_4q_avg": 1.96,
            "net_income": -26053,
            "net_income_4q": null,
            "revenue": 89382,
            "revenue_4q": null,
            "common_shares": 632865,
            "book_valuer_per_share": 10.45,
            "book_valuer_per_share_4q_avg": 12.07,
            "equity": 661439,
            "current_ratio": 611.52,
            "debt_ratio": 12.31,
            "inventory_turnover_ratio": 1.56,
            "account_receivable_turnover_ratio": 2.17,
            "reinvestment_rate": null,
            "research_to_sale_ratio": null,
            "price_fair": 5.28,
            "eps_avg_yearly": 1.76,
            "eps_latest_yearly": 0.16,
            "eps_growth_yearly": -155.23
        },
        "20094": {
            "year_quarter": 20094,
            "year": 2009,
            "quarter": 4,
            "eps": -0.16,
            "eps_growth_year": -112.7,
            "eps_4q": -3.49,
            "eps_4q_growth_year": -349.59,
            "roe": -1.45,
            "roe_4q": -29.57,
            "gross_profit": -1857,
            "gross_margin": -3.81,
            "gross_margin_4q_avg": -2.62,
            "net_income": -9682,
            "net_income_4q": null,
            "revenue": 48784,
            "revenue_4q": null,
            "common_shares": 632865,
            "book_valuer_per_share": 10.61,
            "book_valuer_per_share_4q_avg": 11.33,
            "equity": 671694,
            "current_ratio": 875.47,
            "debt_ratio": 9.46,
            "inventory_turnover_ratio": 1.49,
            "account_receivable_turnover_ratio": 2.48,
            "reinvestment_rate": null,
            "research_to_sale_ratio": null,
            "price_fair": 5.28,
            "eps_avg_yearly": 1.76,
            "eps_latest_yearly": 0.16,
            "eps_growth_yearly": -155.23
        },
        "20101": {
            "year_quarter": 20101,
            "year": 2010,
            "quarter": 1,
            "eps": -0.6,
            "eps_growth_year": -1600,
            "eps_4q": -4.12,
            "eps_4q_growth_year": -314.43,
            "roe": -5.79,
            "roe_4q": -35.63,
            "gross_profit": -7854,
            "gross_margin": -37.11,
            "gross_margin_4q_avg": -12.23,
            "net_income": -37790,
            "net_income_4q": null,
            "revenue": 21165,
            "revenue_4q": null,
            "common_shares": 632865,
            "book_valuer_per_share": 10.02,
            "book_valuer_per_share_4q_avg": 10.43,
            "equity": 633904,
            "current_ratio": 1168.9,
            "debt_ratio": 7.68,
            "inventory_turnover_ratio": 0.98,
            "account_receivable_turnover_ratio": 0.78,
            "reinvestment_rate": null,
            "research_to_sale_ratio": 18.02,
            "price_fair": 5.28,
            "eps_avg_yearly": 1.76,
            "eps_latest_yearly": 0.16,
            "eps_growth_yearly": -155.23
        },
        "20102": {
            "year_quarter": 20102,
            "year": 2010,
            "quarter": 2,
            "eps": -0.52,
            "eps_growth_year": null,
            "eps_4q": -1.68,
            "eps_4q_growth_year": null,
            "roe": -5.3,
            "roe_4q": -16.45,
            "gross_profit": -413,
            "gross_margin": -1.13,
            "gross_margin_4q_avg": -8.43,
            "net_income": -32703,
            "net_income_4q": null,
            "revenue": 36628,
            "revenue_4q": null,
            "common_shares": 632865,
            "book_valuer_per_share": 9.49,
            "book_valuer_per_share_4q_avg": 10.14,
            "equity": 600593,
            "current_ratio": 818.18,
            "debt_ratio": 9.97,
            "inventory_turnover_ratio": 1.13,
            "account_receivable_turnover_ratio": 1.64,
            "reinvestment_rate": null,
            "research_to_sale_ratio": 10.63,
            "price_fair": 5.28,
            "eps_avg_yearly": 1.76,
            "eps_latest_yearly": 0.16,
            "eps_growth_yearly": -155.23
        },
        "20103": {
            "year_quarter": 20103,
            "year": 2010,
            "quarter": 3,
            "eps": -0.44,
            "eps_growth_year": null,
            "eps_4q": -1.71,
            "eps_4q_growth_year": null,
            "roe": -4.8,
            "roe_4q": -17.34,
            "gross_profit": -2825,
            "gross_margin": -4.96,
            "gross_margin_4q_avg": -11.75,
            "net_income": -28147,
            "net_income_4q": null,
            "revenue": 56993,
            "revenue_4q": null,
            "common_shares": 632865,
            "book_valuer_per_share": 9.05,
            "book_valuer_per_share_4q_avg": 9.79,
            "equity": 572446,
            "current_ratio": 621.62,
            "debt_ratio": 12.41,
            "inventory_turnover_ratio": 1.89,
            "account_receivable_turnover_ratio": 1.72,
            "reinvestment_rate": null,
            "research_to_sale_ratio": 8.94,
            "price_fair": 5.28,
            "eps_avg_yearly": 1.76,
            "eps_latest_yearly": 0.16,
            "eps_growth_yearly": -155.23
        },
        "20104": {
            "year_quarter": 20104,
            "year": 2010,
            "quarter": 4,
            "eps": -0.92,
            "eps_growth_year": null,
            "eps_4q": -2.48,
            "eps_4q_growth_year": null,
            "roe": -10.68,
            "roe_4q": -26.57,
            "gross_profit": -21458,
            "gross_margin": -63.57,
            "gross_margin_4q_avg": -26.69,
            "net_income": -58387,
            "net_income_4q": null,
            "revenue": 33757,
            "revenue_4q": null,
            "common_shares": 632865,
            "book_valuer_per_share": 8.23,
            "book_valuer_per_share_4q_avg": 9.2,
            "equity": 520896,
            "current_ratio": 616.91,
            "debt_ratio": 11.91,
            "inventory_turnover_ratio": 2.82,
            "account_receivable_turnover_ratio": 1.08,
            "reinvestment_rate": null,
            "research_to_sale_ratio": 16.41,
            "price_fair": 5.28,
            "eps_avg_yearly": 1.76,
            "eps_latest_yearly": 0.16,
            "eps_growth_yearly": -155.23
        },
        "20111": {
            "year_quarter": 20111,
            "year": 2011,
            "quarter": 1,
            "eps": -0.45,
            "eps_growth_year": null,
            "eps_4q": -2.33,
            "eps_4q_growth_year": null,
            "roe": -5.53,
            "roe_4q": -26.310000000000002,
            "gross_profit": -9423,
            "gross_margin": -58.03,
            "gross_margin_4q_avg": -31.92,
            "net_income": -28177,
            "net_income_4q": null,
            "revenue": 16239,
            "revenue_4q": null,
            "common_shares": 632865,
            "book_valuer_per_share": 7.87,
            "book_valuer_per_share_4q_avg": 8.66,
            "equity": 498288,
            "current_ratio": 929.91,
            "debt_ratio": 8.53,
            "inventory_turnover_ratio": 3.52,
            "account_receivable_turnover_ratio": 0.86,
            "reinvestment_rate": null,
            "research_to_sale_ratio": 34.87,
            "price_fair": 7.8,
            "eps_avg_yearly": 2.6,
            "eps_latest_yearly": 0.16,
            "eps_growth_yearly": -38.72
        },
        "20112": {
            "year_quarter": 20112,
            "year": 2011,
            "quarter": 2,
            "eps": -0.57,
            "eps_growth_year": null,
            "eps_4q": -2.38,
            "eps_4q_growth_year": null,
            "roe": -7.51,
            "roe_4q": -28.52,
            "gross_profit": -9536,
            "gross_margin": -96.68,
            "gross_margin_4q_avg": -55.81,
            "net_income": -35851,
            "net_income_4q": null,
            "revenue": 9863,
            "revenue_4q": null,
            "common_shares": 632865,
            "book_valuer_per_share": 7.21,
            "book_valuer_per_share_4q_avg": 8.09,
            "equity": 456038,
            "current_ratio": 1459.95,
            "debt_ratio": 6.5,
            "inventory_turnover_ratio": 4.45,
            "account_receivable_turnover_ratio": 0.99,
            "reinvestment_rate": null,
            "research_to_sale_ratio": 15.14,
            "price_fair": 7.8,
            "eps_avg_yearly": 2.6,
            "eps_latest_yearly": 0.16,
            "eps_growth_yearly": -38.72
        },
        "20113": {
            "year_quarter": 20113,
            "year": 2011,
            "quarter": 3,
            "eps": -0.38,
            "eps_growth_year": null,
            "eps_4q": -2.31,
            "eps_4q_growth_year": null,
            "roe": -5.36,
            "roe_4q": -29.080000000000002,
            "gross_profit": -6351,
            "gross_margin": -137.71,
            "gross_margin_4q_avg": -89,
            "net_income": -23809,
            "net_income_4q": null,
            "revenue": 4612,
            "revenue_4q": null,
            "common_shares": 632865,
            "book_valuer_per_share": 6.84,
            "book_valuer_per_share_4q_avg": 7.54,
            "equity": 433107,
            "current_ratio": 1278.34,
            "debt_ratio": 6.94,
            "inventory_turnover_ratio": 3.12,
            "account_receivable_turnover_ratio": 0.92,
            "reinvestment_rate": null,
            "research_to_sale_ratio": 23.96,
            "price_fair": 7.8,
            "eps_avg_yearly": 2.6,
            "eps_latest_yearly": 0.16,
            "eps_growth_yearly": -38.72
        },
        "20114": {
            "year_quarter": 20114,
            "year": 2011,
            "quarter": 4,
            "eps": -0.42,
            "eps_growth_year": null,
            "eps_4q": -1.81,
            "eps_4q_growth_year": null,
            "roe": -6.32,
            "roe_4q": -24.72,
            "gross_profit": -5257,
            "gross_margin": -97.06,
            "gross_margin_4q_avg": -97.37,
            "net_income": -26533,
            "net_income_4q": null,
            "revenue": 5416,
            "revenue_4q": null,
            "common_shares": 632865,
            "book_valuer_per_share": 6.42,
            "book_valuer_per_share_4q_avg": 7.09,
            "equity": 406185,
            "current_ratio": 2474.17,
            "debt_ratio": 5.29,
            "inventory_turnover_ratio": 6.8,
            "account_receivable_turnover_ratio": 4.21,
            "reinvestment_rate": null,
            "research_to_sale_ratio": 2.29,
            "price_fair": 7.8,
            "eps_avg_yearly": 2.6,
            "eps_latest_yearly": 0.16,
            "eps_growth_yearly": -38.72
        },
        "20121": {
            "year_quarter": 20121,
            "year": 2012,
            "quarter": 1,
            "eps": 0.11,
            "eps_growth_year": null,
            "eps_4q": -1.25,
            "eps_4q_growth_year": null,
            "roe": 1.68,
            "roe_4q": -17.509999999999998,
            "gross_profit": 532,
            "gross_margin": 30.56,
            "gross_margin_4q_avg": -75.22,
            "net_income": 6852,
            "net_income_4q": null,
            "revenue": 1741,
            "revenue_4q": null,
            "common_shares": 632865,
            "book_valuer_per_share": 0,
            "book_valuer_per_share_4q_avg": 5.12,
            "equity": 408053,
            "current_ratio": 4334.99,
            "debt_ratio": 4.57,
            "inventory_turnover_ratio": null,
            "account_receivable_turnover_ratio": 7.54,
            "reinvestment_rate": null,
            "research_to_sale_ratio": 0,
            "price_fair": 7.8,
            "eps_avg_yearly": 2.6,
            "eps_latest_yearly": 0.16,
            "eps_growth_yearly": -38.72
        },
        "20122": {
            "year_quarter": 20122,
            "year": 2012,
            "quarter": 2,
            "eps": 0.1,
            "eps_growth_year": null,
            "eps_4q": -0.59,
            "eps_4q_growth_year": null,
            "roe": 1.5,
            "roe_4q": -8.5,
            "gross_profit": 847,
            "gross_margin": 50.87,
            "gross_margin_4q_avg": -38.34,
            "net_income": 6178,
            "net_income_4q": null,
            "revenue": 1665,
            "revenue_4q": null,
            "common_shares": 632865,
            "book_valuer_per_share": 6.5,
            "book_valuer_per_share_4q_avg": 4.94,
            "equity": 414712,
            "current_ratio": 7401.97,
            "debt_ratio": 0.78,
            "inventory_turnover_ratio": 7.11,
            "account_receivable_turnover_ratio": 4.53,
            "reinvestment_rate": null,
            "research_to_sale_ratio": 0,
            "price_fair": 5.6,
            "eps_avg_yearly": 1.87,
            "eps_latest_yearly": 0.4,
            "eps_growth_yearly": -37.94
        },
        "20123": {
            "year_quarter": 20123,
            "year": 2012,
            "quarter": 3,
            "eps": 0.11,
            "eps_growth_year": null,
            "eps_4q": -0.1,
            "eps_4q_growth_year": null,
            "roe": 1.55,
            "roe_4q": -1.5900000000000007,
            "gross_profit": 1565,
            "gross_margin": 123.72,
            "gross_margin_4q_avg": 27.02,
            "net_income": 6477,
            "net_income_4q": null,
            "revenue": 1265,
            "revenue_4q": null,
            "common_shares": 632865,
            "book_valuer_per_share": 6.6,
            "book_valuer_per_share_4q_avg": 4.88,
            "equity": 420456,
            "current_ratio": 6967.97,
            "debt_ratio": 1.02,
            "inventory_turnover_ratio": -1.79,
            "account_receivable_turnover_ratio": 3.48,
            "reinvestment_rate": null,
            "research_to_sale_ratio": 0,
            "price_fair": 4.53,
            "eps_avg_yearly": 1.51,
            "eps_latest_yearly": 0.44,
            "eps_growth_yearly": -18.45
        },
        "20124": {
            "year_quarter": 20124,
            "year": 2012,
            "quarter": 4,
            "eps": 0.11,
            "eps_growth_year": null,
            "eps_4q": 0.43,
            "eps_4q_growth_year": null,
            "roe": 1.39,
            "roe_4q": 6.119999999999999,
            "gross_profit": 1873,
            "gross_margin": 94.69,
            "gross_margin_4q_avg": 74.96,
            "net_income": 6890,
            "net_income_4q": null,
            "revenue": 1978,
            "revenue_4q": null,
            "common_shares": 632865,
            "book_valuer_per_share": 6.69,
            "book_valuer_per_share_4q_avg": 4.95,
            "equity": 568060,
            "current_ratio": 2327.66,
            "debt_ratio": 12.77,
            "inventory_turnover_ratio": 0,
            "account_receivable_turnover_ratio": null,
            "reinvestment_rate": null,
            "research_to_sale_ratio": 0,
            "price_fair": 1.08,
            "eps_avg_yearly": 0.36,
            "eps_latest_yearly": 0.44,
            "eps_growth_yearly": -95.92
        },
        "20131": {
            "year_quarter": 20131,
            "year": 2013,
            "quarter": 1,
            "eps": -0.12,
            "eps_growth_year": -209.09,
            "eps_4q": 0.21,
            "eps_4q_growth_year": null,
            "roe": -1.43,
            "roe_4q": 3.01,
            "gross_profit": -215,
            "gross_margin": -11.11,
            "gross_margin_4q_avg": 64.54,
            "net_income": -8409,
            "net_income_4q": null,
            "revenue": 1936,
            "revenue_4q": null,
            "common_shares": 632865,
            "book_valuer_per_share": 6.63,
            "book_valuer_per_share_4q_avg": 6.61,
            "equity": 610268,
            "current_ratio": 1177.58,
            "debt_ratio": 11.62,
            "inventory_turnover_ratio": 0.01,
            "account_receivable_turnover_ratio": null,
            "reinvestment_rate": null,
            "research_to_sale_ratio": null,
            "price_fair": 4.78,
            "eps_avg_yearly": 0.43,
            "eps_latest_yearly": 0.44,
            "eps_growth_yearly": 1.21
        },
        "20132": {
            "year_quarter": 20132,
            "year": 2013,
            "quarter": 2,
            "eps": -0.08,
            "eps_growth_year": -181.95,
            "eps_4q": 0.03,
            "eps_4q_growth_year": null,
            "roe": -1.34,
            "roe_4q": 0.16999999999999993,
            "gross_profit": -438,
            "gross_margin": -16.27,
            "gross_margin_4q_avg": 47.76,
            "net_income": -8158,
            "net_income_4q": null,
            "revenue": 2692,
            "revenue_4q": null,
            "common_shares": 632865,
            "book_valuer_per_share": 6.59,
            "book_valuer_per_share_4q_avg": 6.63,
            "equity": 604748,
            "current_ratio": 2196.53,
            "debt_ratio": 9.13,
            "inventory_turnover_ratio": 0.01,
            "account_receivable_turnover_ratio": 4.98,
            "reinvestment_rate": null,
            "research_to_sale_ratio": null,
            "price_fair": 4.78,
            "eps_avg_yearly": 0.43,
            "eps_latest_yearly": 0.44,
            "eps_growth_yearly": 1.21
        },
        "20133": {
            "year_quarter": 20133,
            "year": 2013,
            "quarter": 3,
            "eps": -0.04,
            "eps_growth_year": -136.11,
            "eps_4q": -0.11,
            "eps_4q_growth_year": null,
            "roe": -0.48,
            "roe_4q": -1.86,
            "gross_profit": -60,
            "gross_margin": -2.87,
            "gross_margin_4q_avg": 16.11,
            "net_income": -2906,
            "net_income_4q": null,
            "revenue": 2091,
            "revenue_4q": null,
            "common_shares": 632865,
            "book_valuer_per_share": 6.44,
            "book_valuer_per_share_4q_avg": 6.59,
            "equity": 594319,
            "current_ratio": 3091.81,
            "debt_ratio": 8.56,
            "inventory_turnover_ratio": 0.01,
            "account_receivable_turnover_ratio": 3.86,
            "reinvestment_rate": null,
            "research_to_sale_ratio": null,
            "price_fair": 4.78,
            "eps_avg_yearly": 0.43,
            "eps_latest_yearly": 0.44,
            "eps_growth_yearly": 1.21
        },
        "20134": {
            "year_quarter": 20134,
            "year": 2013,
            "quarter": 4,
            "eps": -0.1,
            "eps_growth_year": -184.11,
            "eps_4q": -0.33,
            "eps_4q_growth_year": -176.13,
            "roe": -1.32,
            "roe_4q": -4.57,
            "gross_profit": 207,
            "gross_margin": 8.78,
            "gross_margin_4q_avg": -5.37,
            "net_income": -9087,
            "net_income_4q": null,
            "revenue": 2358,
            "revenue_4q": null,
            "common_shares": 615792,
            "book_valuer_per_share": 9.8,
            "book_valuer_per_share_4q_avg": 7.37,
            "equity": 786747,
            "current_ratio": 4290.09,
            "debt_ratio": 5.8,
            "inventory_turnover_ratio": 0.01,
            "account_receivable_turnover_ratio": 1572,
            "reinvestment_rate": null,
            "research_to_sale_ratio": null,
            "price_fair": 4.78,
            "eps_avg_yearly": 0.43,
            "eps_latest_yearly": 0.44,
            "eps_growth_yearly": 1.21
        },
        "20141": {
            "year_quarter": 20141,
            "year": 2014,
            "quarter": 1,
            "eps": -0.08,
            "eps_growth_year": null,
            "eps_4q": -0.29,
            "eps_4q_growth_year": -242.07,
            "roe": -1.04,
            "roe_4q": -4.180000000000001,
            "gross_profit": 972,
            "gross_margin": 30.35,
            "gross_margin_4q_avg": 5,
            "net_income": -7563,
            "net_income_4q": null,
            "revenue": 3203,
            "revenue_4q": null,
            "common_shares": 615792,
            "book_valuer_per_share": 9.22,
            "book_valuer_per_share_4q_avg": 8.01,
            "equity": 668174,
            "current_ratio": 4205.06,
            "debt_ratio": 5.43,
            "inventory_turnover_ratio": 0.01,
            "account_receivable_turnover_ratio": 2135.33,
            "reinvestment_rate": null,
            "research_to_sale_ratio": null,
            "price_fair": 4.78,
            "eps_avg_yearly": 0.43,
            "eps_latest_yearly": 0.44,
            "eps_growth_yearly": 1.21
        },
        "20142": {
            "year_quarter": 20142,
            "year": 2014,
            "quarter": 2,
            "eps": 0.02,
            "eps_growth_year": null,
            "eps_4q": -0.2,
            "eps_4q_growth_year": -852.27,
            "roe": 0.14,
            "roe_4q": -2.7,
            "gross_profit": 11301,
            "gross_margin": 79.06,
            "gross_margin_4q_avg": 28.83,
            "net_income": 926,
            "net_income_4q": null,
            "revenue": 14294,
            "revenue_4q": null,
            "common_shares": 615792,
            "book_valuer_per_share": 9.34,
            "book_valuer_per_share_4q_avg": 8.7,
            "equity": 675792,
            "current_ratio": 2662.02,
            "debt_ratio": 5.9,
            "inventory_turnover_ratio": 0.01,
            "account_receivable_turnover_ratio": 13.57,
            "reinvestment_rate": null,
            "research_to_sale_ratio": null,
            "price_fair": 4.78,
            "eps_avg_yearly": 0.43,
            "eps_latest_yearly": 0.44,
            "eps_growth_yearly": 1.21
        },
        "20143": {
            "year_quarter": 20143,
            "year": 2014,
            "quarter": 3,
            "eps": 0.18,
            "eps_growth_year": null,
            "eps_4q": -0,
            "eps_4q_growth_year": null,
            "roe": 1.58,
            "roe_4q": -0.6399999999999999,
            "gross_profit": 18146,
            "gross_margin": 84.55,
            "gross_margin_4q_avg": 50.69,
            "net_income": 10705,
            "net_income_4q": null,
            "revenue": 21463,
            "revenue_4q": null,
            "common_shares": 615792,
            "book_valuer_per_share": 9.33,
            "book_valuer_per_share_4q_avg": 9.42,
            "equity": 675261,
            "current_ratio": 2624.7,
            "debt_ratio": 5.86,
            "inventory_turnover_ratio": 0.01,
            "account_receivable_turnover_ratio": 7.83,
            "reinvestment_rate": null,
            "research_to_sale_ratio": null,
            "price_fair": 17.5,
            "eps_avg_yearly": 0.5,
            "eps_latest_yearly": 0.72,
            "eps_growth_yearly": 800.91
        },
        "20144": {
            "year_quarter": 20144,
            "year": 2014,
            "quarter": 4,
            "eps": 0.46,
            "eps_growth_year": null,
            "eps_4q": 0.57,
            "eps_4q_growth_year": null,
            "roe": 3.95,
            "roe_4q": 4.63,
            "gross_profit": 32587,
            "gross_margin": 90.01,
            "gross_margin_4q_avg": 70.99,
            "net_income": 27295,
            "net_income_4q": null,
            "revenue": 36202,
            "revenue_4q": null,
            "common_shares": 567600,
            "book_valuer_per_share": 10.65,
            "book_valuer_per_share_4q_avg": 9.64,
            "equity": 705856,
            "current_ratio": 2567.39,
            "debt_ratio": 5.73,
            "inventory_turnover_ratio": 0.01,
            "account_receivable_turnover_ratio": 10.39,
            "reinvestment_rate": null,
            "research_to_sale_ratio": null,
            "price_fair": 26.88,
            "eps_avg_yearly": 0.77,
            "eps_latest_yearly": 1.84,
            "eps_growth_yearly": 765.17
        },
        "20151": {
            "year_quarter": 20151,
            "year": 2015,
            "quarter": 1,
            "eps": 0.08,
            "eps_growth_year": null,
            "eps_4q": 0.74,
            "eps_4q_growth_year": null,
            "roe": 0.57,
            "roe_4q": 6.24,
            "gross_profit": 11493,
            "gross_margin": 80.68,
            "gross_margin_4q_avg": 83.58,
            "net_income": 4050,
            "net_income_4q": null,
            "revenue": 14246,
            "revenue_4q": null,
            "common_shares": 567600,
            "book_valuer_per_share": 10.92,
            "book_valuer_per_share_4q_avg": 10.06,
            "equity": 720624,
            "current_ratio": 2515.1,
            "debt_ratio": 5.48,
            "inventory_turnover_ratio": 0.01,
            "account_receivable_turnover_ratio": 3.4,
            "reinvestment_rate": null,
            "research_to_sale_ratio": null,
            "price_fair": 24.27,
            "eps_avg_yearly": 0.69,
            "eps_latest_yearly": 0.32,
            "eps_growth_yearly": 582.57
        },
        "20152": {
            "year_quarter": 20152,
            "year": 2015,
            "quarter": 2,
            "eps": 0.04,
            "eps_growth_year": 100,
            "eps_4q": 0.76,
            "eps_4q_growth_year": null,
            "roe": 0.22,
            "roe_4q": 6.32,
            "gross_profit": 12518,
            "gross_margin": 81.64,
            "gross_margin_4q_avg": 84.22,
            "net_income": 1584,
            "net_income_4q": null,
            "revenue": 15334,
            "revenue_4q": null,
            "common_shares": 567600,
            "book_valuer_per_share": 10.94,
            "book_valuer_per_share_4q_avg": 10.46,
            "equity": 721215,
            "current_ratio": 2245.92,
            "debt_ratio": 5.62,
            "inventory_turnover_ratio": 0.01,
            "account_receivable_turnover_ratio": 2.86,
            "reinvestment_rate": null,
            "research_to_sale_ratio": null,
            "price_fair": 21.6,
            "eps_avg_yearly": 0.62,
            "eps_latest_yearly": 0.16,
            "eps_growth_yearly": 470.77
        },
        "20153": {
            "year_quarter": 20153,
            "year": 2015,
            "quarter": 3,
            "eps": -0.05,
            "eps_growth_year": -127.78,
            "eps_4q": 0.49,
            "eps_4q_growth_year": null,
            "roe": -0.37,
            "roe_4q": 4.37,
            "gross_profit": 16555,
            "gross_margin": 82.73,
            "gross_margin_4q_avg": 83.77,
            "net_income": -2730,
            "net_income_4q": null,
            "revenue": 20011,
            "revenue_4q": null,
            "common_shares": 617600,
            "book_valuer_per_share": 10.72,
            "book_valuer_per_share_4q_avg": 10.81,
            "equity": 761978,
            "current_ratio": 2121.55,
            "debt_ratio": 5.66,
            "inventory_turnover_ratio": 0.01,
            "account_receivable_turnover_ratio": 2.8,
            "reinvestment_rate": -1051.63,
            "research_to_sale_ratio": null,
            "price_fair": 21.6,
            "eps_avg_yearly": 0.62,
            "eps_latest_yearly": 0.16,
            "eps_growth_yearly": 470.77
        },
        "20154": {
            "year_quarter": 20154,
            "year": 2015,
            "quarter": 4,
            "eps": 0.36,
            "eps_growth_year": -22.78,
            "eps_4q": 0.42,
            "eps_4q_growth_year": -25.07,
            "roe": 3.07,
            "roe_4q": 3.4899999999999998,
            "gross_profit": 21202,
            "gross_margin": 84.59,
            "gross_margin_4q_avg": 82.41,
            "net_income": 22152,
            "net_income_4q": null,
            "revenue": 25063,
            "revenue_4q": null,
            "common_shares": 617600,
            "book_valuer_per_share": 11.01,
            "book_valuer_per_share_4q_avg": 10.9,
            "equity": 681157,
            "current_ratio": 1766.82,
            "debt_ratio": 6.41,
            "inventory_turnover_ratio": 0.02,
            "account_receivable_turnover_ratio": 2.66,
            "reinvestment_rate": -272.8,
            "research_to_sale_ratio": null,
            "price_fair": 21.6,
            "eps_avg_yearly": 0.62,
            "eps_latest_yearly": 0.16,
            "eps_growth_yearly": 470.77
        },
        "20161": {
            "year_quarter": 20161,
            "year": 2016,
            "quarter": 1,
            "eps": 0.04,
            "eps_growth_year": -50,
            "eps_4q": 0.39,
            "eps_4q_growth_year": -47.47,
            "roe": 0.37,
            "roe_4q": 3.29,
            "gross_profit": 13338,
            "gross_margin": 85.69,
            "gross_margin_4q_avg": 83.66,
            "net_income": 2519,
            "net_income_4q": null,
            "revenue": 15565,
            "revenue_4q": null,
            "common_shares": 617600,
            "book_valuer_per_share": 11.15,
            "book_valuer_per_share_4q_avg": 10.96,
            "equity": 689786,
            "current_ratio": 1755.37,
            "debt_ratio": 6.38,
            "inventory_turnover_ratio": 0.01,
            "account_receivable_turnover_ratio": 1.32,
            "reinvestment_rate": -270.96,
            "research_to_sale_ratio": null,
            "price_fair": 19.6,
            "eps_avg_yearly": 0.56,
            "eps_latest_yearly": 0.16,
            "eps_growth_yearly": 367.48
        },
        "20162": {
            "year_quarter": 20162,
            "year": 2016,
            "quarter": 2,
            "eps": 0.01,
            "eps_growth_year": -75,
            "eps_4q": 0.37,
            "eps_4q_growth_year": -52.25,
            "roe": 0.08,
            "roe_4q": 3.15,
            "gross_profit": 15928,
            "gross_margin": 86.46,
            "gross_margin_4q_avg": 84.87,
            "net_income": 588,
            "net_income_4q": null,
            "revenue": 18423,
            "revenue_4q": null,
            "common_shares": 617600,
            "book_valuer_per_share": 11.36,
            "book_valuer_per_share_4q_avg": 11.06,
            "equity": 702482,
            "current_ratio": 1676.85,
            "debt_ratio": 6.39,
            "inventory_turnover_ratio": 0.01,
            "account_receivable_turnover_ratio": 1.15,
            "reinvestment_rate": -266.3,
            "research_to_sale_ratio": null,
            "price_fair": 18.03,
            "eps_avg_yearly": 0.52,
            "eps_latest_yearly": 0.04,
            "eps_growth_yearly": 334.53
        },
        "20163": {
            "year_quarter": 20163,
            "year": 2016,
            "quarter": 3,
            "eps": 0.02,
            "eps_growth_year": null,
            "eps_4q": 0.42,
            "eps_4q_growth_year": -13.65,
            "roe": 0.14,
            "roe_4q": 3.66,
            "gross_profit": 10353,
            "gross_margin": 80.67,
            "gross_margin_4q_avg": 84.35,
            "net_income": 994,
            "net_income_4q": null,
            "revenue": 12833,
            "revenue_4q": null,
            "common_shares": 617600,
            "book_valuer_per_share": 11.39,
            "book_valuer_per_share_4q_avg": 11.23,
            "equity": 704137,
            "current_ratio": 1642.99,
            "debt_ratio": 6.54,
            "inventory_turnover_ratio": 0.01,
            "account_receivable_turnover_ratio": 0.67,
            "reinvestment_rate": -320,
            "research_to_sale_ratio": null,
            "price_fair": 16.45,
            "eps_avg_yearly": 0.47,
            "eps_latest_yearly": 0.08,
            "eps_growth_yearly": 379.53
        },
        "20164": {
            "year_quarter": 20164,
            "year": 2016,
            "quarter": 4,
            "eps": 0.08,
            "eps_growth_year": -76.6,
            "eps_4q": 0.15,
            "eps_4q_growth_year": -64.56,
            "roe": 0.73,
            "roe_4q": 1.3199999999999998,
            "gross_profit": 14905,
            "gross_margin": 83,
            "gross_margin_4q_avg": 83.96,
            "net_income": 5189,
            "net_income_4q": null,
            "revenue": 17958,
            "revenue_4q": null,
            "common_shares": 617600,
            "book_valuer_per_share": 11.54,
            "book_valuer_per_share_4q_avg": 11.36,
            "equity": 713737,
            "current_ratio": 1606.28,
            "debt_ratio": 6.64,
            "inventory_turnover_ratio": 0.01,
            "account_receivable_turnover_ratio": 0.87,
            "reinvestment_rate": -608.27,
            "research_to_sale_ratio": null,
            "price_fair": 15.93,
            "eps_avg_yearly": 0.46,
            "eps_latest_yearly": 0.32,
            "eps_growth_yearly": 529.53
        },
        "20171": {
            "year_quarter": 20171,
            "year": 2017,
            "quarter": 1,
            "eps": 0.04,
            "eps_growth_year": 0,
            "eps_4q": 0.15,
            "eps_4q_growth_year": -60.67,
            "roe": 0.38,
            "roe_4q": 1.33,
            "gross_profit": 10152,
            "gross_margin": 84.45,
            "gross_margin_4q_avg": 83.65,
            "net_income": 2673,
            "net_income_4q": null,
            "revenue": 12022,
            "revenue_4q": null,
            "common_shares": 617600,
            "book_valuer_per_share": 11.48,
            "book_valuer_per_share_4q_avg": 11.44,
            "equity": 710013,
            "current_ratio": 1614.76,
            "debt_ratio": 6.68,
            "inventory_turnover_ratio": 0.01,
            "account_receivable_turnover_ratio": 0.56,
            "reinvestment_rate": 32.3,
            "research_to_sale_ratio": null,
            "price_fair": 14.78,
            "eps_avg_yearly": 0.42,
            "eps_latest_yearly": 0.16,
            "eps_growth_yearly": 448.47
        },
        "20172": {
            "year_quarter": 20172,
            "year": 2017,
            "quarter": 2,
            "eps": 0.21,
            "eps_growth_year": 2000,
            "eps_4q": 0.36,
            "eps_4q_growth_year": -2.69,
            "roe": 1.84,
            "roe_4q": 3.0900000000000003,
            "gross_profit": 26559,
            "gross_margin": 91.12,
            "gross_margin_4q_avg": 84.81,
            "net_income": 13107,
            "net_income_4q": null,
            "revenue": 29147,
            "revenue_4q": null,
            "common_shares": 617600,
            "book_valuer_per_share": 11.57,
            "book_valuer_per_share_4q_avg": 11.5,
            "equity": 715401,
            "current_ratio": 1508.14,
            "debt_ratio": 7.07,
            "inventory_turnover_ratio": 0.01,
            "account_receivable_turnover_ratio": 1.21,
            "reinvestment_rate": 10.12,
            "research_to_sale_ratio": null,
            "price_fair": 16.24,
            "eps_avg_yearly": 0.46,
            "eps_latest_yearly": 0.84,
            "eps_growth_yearly": 573.62
        },
        "20173": {
            "year_quarter": 20173,
            "year": 2017,
            "quarter": 3,
            "eps": 0.15,
            "eps_growth_year": 650,
            "eps_4q": 0.49,
            "eps_4q_growth_year": 16.2,
            "roe": 1.32,
            "roe_4q": 4.27,
            "gross_profit": 17423,
            "gross_margin": 73.56,
            "gross_margin_4q_avg": 83.03,
            "net_income": 9545,
            "net_income_4q": null,
            "revenue": 23686,
            "revenue_4q": null,
            "common_shares": 617600,
            "book_valuer_per_share": 11.75,
            "book_valuer_per_share_4q_avg": 11.59,
            "equity": 726710,
            "current_ratio": 1480.84,
            "debt_ratio": 7.02,
            "inventory_turnover_ratio": 0.03,
            "account_receivable_turnover_ratio": 0.86,
            "reinvestment_rate": 18.79,
            "research_to_sale_ratio": null,
            "price_fair": 16.67,
            "eps_avg_yearly": 0.48,
            "eps_latest_yearly": 0.6,
            "eps_growth_yearly": 511.09
        },
        "20174": {
            "year_quarter": 20174,
            "year": 2017,
            "quarter": 4,
            "eps": 0.16,
            "eps_growth_year": 91.65,
            "eps_4q": 0.57,
            "eps_4q_growth_year": 279.78,
            "roe": 1.36,
            "roe_4q": 4.9,
            "gross_profit": 21296,
            "gross_margin": 45.27,
            "gross_margin_4q_avg": 73.6,
            "net_income": 9934,
            "net_income_4q": null,
            "revenue": 47038,
            "revenue_4q": null,
            "common_shares": 617600,
            "book_valuer_per_share": 11.8,
            "book_valuer_per_share_4q_avg": 11.65,
            "equity": 730028,
            "current_ratio": 1465.71,
            "debt_ratio": 7.09,
            "inventory_turnover_ratio": 0.11,
            "account_receivable_turnover_ratio": 1.45,
            "reinvestment_rate": 10.73,
            "research_to_sale_ratio": null,
            "price_fair": 17.15,
            "eps_avg_yearly": 0.49,
            "eps_latest_yearly": 0.64,
            "eps_growth_yearly": 470.72
        },
        "20181": {
            "year_quarter": 20181,
            "year": 2018,
            "quarter": 1,
            "eps": 0.67,
            "eps_growth_year": 1575,
            "eps_4q": 1.2,
            "eps_4q_growth_year": 682.59,
            "roe": 5.47,
            "roe_4q": 9.99,
            "gross_profit": 17823,
            "gross_margin": 59.48,
            "gross_margin_4q_avg": 67.36,
            "net_income": 41327,
            "net_income_4q": null,
            "revenue": 29966,
            "revenue_4q": null,
            "common_shares": 617600,
            "book_valuer_per_share": 12.62,
            "book_valuer_per_share_4q_avg": 11.94,
            "equity": 780225,
            "current_ratio": 1422.87,
            "debt_ratio": 7.2,
            "inventory_turnover_ratio": 0.05,
            "account_receivable_turnover_ratio": 0.87,
            "reinvestment_rate": -9,
            "research_to_sale_ratio": null,
            "price_fair": 23.05,
            "eps_avg_yearly": 0.66,
            "eps_latest_yearly": 2.68,
            "eps_growth_yearly": 532.59
        },
        "20182": {
            "year_quarter": 20182,
            "year": 2018,
            "quarter": 2,
            "eps": -0.25,
            "eps_growth_year": -219.05,
            "eps_4q": 0.74,
            "eps_4q_growth_year": 108.07,
            "roe": -1.98,
            "roe_4q": 6.17,
            "gross_profit": 18179,
            "gross_margin": 61.42,
            "gross_margin_4q_avg": 59.93,
            "net_income": -15131,
            "net_income_4q": null,
            "revenue": 29597,
            "revenue_4q": null,
            "common_shares": 617600,
            "book_valuer_per_share": 12.14,
            "book_valuer_per_share_4q_avg": 12.08,
            "equity": 750817,
            "current_ratio": 1130.72,
            "debt_ratio": 8.63,
            "inventory_turnover_ratio": 0.05,
            "account_receivable_turnover_ratio": 0.94,
            "reinvestment_rate": -12.14,
            "research_to_sale_ratio": null,
            "price_fair": 23.05,
            "eps_avg_yearly": 0.66,
            "eps_latest_yearly": 2.68,
            "eps_growth_yearly": 532.59
        },
        "20183": {
            "year_quarter": 20183,
            "year": 2018,
            "quarter": 3,
            "eps": 0.14,
            "eps_growth_year": -6.67,
            "eps_4q": 0.72,
            "eps_4q_growth_year": 45,
            "roe": 1.07,
            "roe_4q": 5.92,
            "gross_profit": 13713,
            "gross_margin": 88.33,
            "gross_margin_4q_avg": 63.63,
            "net_income": 8101,
            "net_income_4q": null,
            "revenue": 15524,
            "revenue_4q": null,
            "common_shares": 617600,
            "book_valuer_per_share": 12.44,
            "book_valuer_per_share_4q_avg": 12.25,
            "equity": 769497,
            "current_ratio": 1402.36,
            "debt_ratio": 7.22,
            "inventory_turnover_ratio": 0.01,
            "account_receivable_turnover_ratio": 0.53,
            "reinvestment_rate": -3.99,
            "research_to_sale_ratio": null,
            "price_fair": 22.87,
            "eps_avg_yearly": 0.65,
            "eps_latest_yearly": 2.68,
            "eps_growth_yearly": 310.3
        },
        "20184": {
            "year_quarter": 20184,
            "year": 2018,
            "quarter": 4,
            "eps": -0.35,
            "eps_growth_year": -314.61,
            "eps_4q": 0.21,
            "eps_4q_growth_year": -63.18,
            "roe": -2.83,
            "roe_4q": 1.7299999999999995,
            "gross_profit": 6068,
            "gross_margin": 46.78,
            "gross_margin_4q_avg": 64,
            "net_income": -21313,
            "net_income_4q": null,
            "revenue": 12972,
            "revenue_4q": null,
            "common_shares": 617600,
            "book_valuer_per_share": 11.9,
            "book_valuer_per_share_4q_avg": 12.28,
            "equity": 735652,
            "current_ratio": 1330.68,
            "debt_ratio": 7.63,
            "inventory_turnover_ratio": 0.03,
            "account_receivable_turnover_ratio": 0.49,
            "reinvestment_rate": -16.31,
            "research_to_sale_ratio": null,
            "price_fair": 19.09,
            "eps_avg_yearly": 0.55,
            "eps_latest_yearly": 2.68,
            "eps_growth_yearly": 281.94
        },
        "20191": {
            "year_quarter": 20191,
            "year": 2019,
            "quarter": 1,
            "eps": -0.06,
            "eps_growth_year": -108.96,
            "eps_4q": -0.52,
            "eps_4q_growth_year": -143.19,
            "roe": -0.49,
            "roe_4q": -4.23,
            "gross_profit": 7319,
            "gross_margin": 82.4,
            "gross_margin_4q_avg": 69.73,
            "net_income": -3576,
            "net_income_4q": null,
            "revenue": 8882,
            "revenue_4q": null,
            "common_shares": 617600,
            "book_valuer_per_share": 11.81,
            "book_valuer_per_share_4q_avg": 12.07,
            "equity": 730477,
            "current_ratio": 1265.29,
            "debt_ratio": 8.24,
            "inventory_turnover_ratio": 0.01,
            "account_receivable_turnover_ratio": 0.37,
            "reinvestment_rate": -34.39,
            "research_to_sale_ratio": null,
            "price_fair": 19.88,
            "eps_avg_yearly": 0.57,
            "eps_latest_yearly": 2.68,
            "eps_growth_yearly": 343.18
        },
        "20192": {
            "year_quarter": 20192,
            "year": 2019,
            "quarter": 2,
            "eps": -0.02,
            "eps_growth_year": null,
            "eps_4q": -0.3,
            "eps_4q_growth_year": -139.99,
            "roe": -0.21,
            "roe_4q": -2.46,
            "gross_profit": 5353,
            "gross_margin": 79.3,
            "gross_margin_4q_avg": 74.2,
            "net_income": -1486,
            "net_income_4q": null,
            "revenue": 6750,
            "revenue_4q": null,
            "common_shares": 617600,
            "book_valuer_per_share": 11.53,
            "book_valuer_per_share_4q_avg": 11.92,
            "equity": 712834,
            "current_ratio": 994.67,
            "debt_ratio": 9.87,
            "inventory_turnover_ratio": 0.01,
            "account_receivable_turnover_ratio": 0.32,
            "reinvestment_rate": -34.56,
            "research_to_sale_ratio": null,
            "price_fair": 21.47,
            "eps_avg_yearly": 0.61,
            "eps_latest_yearly": 2.68,
            "eps_growth_yearly": 403.54
        },
        "20193": {
            "year_quarter": 20193,
            "year": 2019,
            "quarter": 3,
            "eps": -0.11,
            "eps_growth_year": -178.57,
            "eps_4q": -0.54,
            "eps_4q_growth_year": -175.2,
            "roe": -0.97,
            "roe_4q": -4.5,
            "gross_profit": 5693,
            "gross_margin": 67.17,
            "gross_margin_4q_avg": 68.91,
            "net_income": -6894,
            "net_income_4q": null,
            "revenue": 8475,
            "revenue_4q": null,
            "common_shares": 617600,
            "book_valuer_per_share": 11.41,
            "book_valuer_per_share_4q_avg": 11.66,
            "equity": 705425,
            "current_ratio": 982.75,
            "debt_ratio": 9.91,
            "inventory_turnover_ratio": 0.01,
            "account_receivable_turnover_ratio": 0.47,
            "reinvestment_rate": -49.87,
            "research_to_sale_ratio": null,
            "price_fair": 21.47,
            "eps_avg_yearly": 0.61,
            "eps_latest_yearly": 2.68,
            "eps_growth_yearly": 403.54
        },
        "20194": {
            "year_quarter": 20194,
            "year": 2019,
            "quarter": 4,
            "eps": 0.27,
            "eps_growth_year": null,
            "eps_4q": 0.08,
            "eps_4q_growth_year": -62.78,
            "roe": 2.35,
            "roe_4q": 0.6800000000000002,
            "gross_profit": 28729,
            "gross_margin": 87.4,
            "gross_margin_4q_avg": 79.07,
            "net_income": 16786,
            "net_income_4q": null,
            "revenue": 32871,
            "revenue_4q": null,
            "common_shares": 617600,
            "book_valuer_per_share": 11.66,
            "book_valuer_per_share_4q_avg": 11.6,
            "equity": 721009,
            "current_ratio": 1119.55,
            "debt_ratio": 8.92,
            "inventory_turnover_ratio": 0.02,
            "account_receivable_turnover_ratio": 1.36,
            "reinvestment_rate": -51.92,
            "research_to_sale_ratio": null,
            "price_fair": 21.47,
            "eps_avg_yearly": 0.61,
            "eps_latest_yearly": 2.68,
            "eps_growth_yearly": 403.54
        },
        "20201": {
            "year_quarter": 20201,
            "year": 2020,
            "quarter": 1,
            "eps": -0.06,
            "eps_growth_year": null,
            "eps_4q": 0.08,
            "eps_4q_growth_year": null,
            "roe": -0.47,
            "roe_4q": 0.7000000000000002,
            "gross_profit": 9892,
            "gross_margin": 80.61,
            "gross_margin_4q_avg": 78.62,
            "net_income": -3408,
            "net_income_4q": null,
            "revenue": 12272,
            "revenue_4q": null,
            "common_shares": 617600,
            "book_valuer_per_share": 11.58,
            "book_valuer_per_share_4q_avg": 11.55,
            "equity": 716087,
            "current_ratio": 1139.82,
            "debt_ratio": 8.78,
            "inventory_turnover_ratio": 0.01,
            "account_receivable_turnover_ratio": 0.4,
            "reinvestment_rate": -67.5,
            "research_to_sale_ratio": null,
            "price_fair": 23.45,
            "eps_avg_yearly": 0.67,
            "eps_latest_yearly": 2.68,
            "eps_growth_yearly": 498.42
        },
        "20202": {
            "year_quarter": 20202,
            "year": 2020,
            "quarter": 2,
            "eps": 0.03,
            "eps_growth_year": null,
            "eps_4q": 0.13,
            "eps_4q_growth_year": null,
            "roe": 0.24,
            "roe_4q": 1.1500000000000001,
            "gross_profit": 5806,
            "gross_margin": 75.85,
            "gross_margin_4q_avg": 77.76,
            "net_income": 1691,
            "net_income_4q": null,
            "revenue": 7655,
            "revenue_4q": null,
            "common_shares": 617600,
            "book_valuer_per_share": 11.41,
            "book_valuer_per_share_4q_avg": 11.52,
            "equity": 705443,
            "current_ratio": 919.49,
            "debt_ratio": 10.58,
            "inventory_turnover_ratio": 0.01,
            "account_receivable_turnover_ratio": 0.27,
            "reinvestment_rate": -86.06,
            "research_to_sale_ratio": null,
            "price_fair": 26.6,
            "eps_avg_yearly": 0.76,
            "eps_latest_yearly": 2.68,
            "eps_growth_yearly": 612.48
        },
        "20203": {
            "year_quarter": 20203,
            "year": 2020,
            "quarter": 3,
            "eps": 0.08,
            "eps_growth_year": null,
            "eps_4q": 0.33,
            "eps_4q_growth_year": null,
            "roe": 0.7,
            "roe_4q": 2.8200000000000003,
            "gross_profit": 6213,
            "gross_margin": 76.68,
            "gross_margin_4q_avg": 80.14,
            "net_income": 4975,
            "net_income_4q": null,
            "revenue": 8102,
            "revenue_4q": null,
            "common_shares": 617600,
            "book_valuer_per_share": 11.46,
            "book_valuer_per_share_4q_avg": 11.53,
            "equity": 708189,
            "current_ratio": 1055.92,
            "debt_ratio": 9.99,
            "inventory_turnover_ratio": 0.01,
            "account_receivable_turnover_ratio": 0.3,
            "reinvestment_rate": -54.7,
            "research_to_sale_ratio": null,
            "price_fair": 27.8,
            "eps_avg_yearly": 0.79,
            "eps_latest_yearly": 0.32,
            "eps_growth_yearly": 650.58
        },
        "20204": {
            "year_quarter": 20204,
            "year": 2020,
            "quarter": 4,
            "eps": 0.41,
            "eps_growth_year": 51.06,
            "eps_4q": 0.46,
            "eps_4q_growth_year": 493.21,
            "roe": 3.51,
            "roe_4q": 3.9800000000000004,
            "gross_profit": 10710,
            "gross_margin": 71.99,
            "gross_margin_4q_avg": 76.28,
            "net_income": 25332,
            "net_income_4q": null,
            "revenue": 14878,
            "revenue_4q": null,
            "common_shares": 617600,
            "book_valuer_per_share": 11.89,
            "book_valuer_per_share_4q_avg": 11.59,
            "equity": 734905,
            "current_ratio": 1073.27,
            "debt_ratio": 9.81,
            "inventory_turnover_ratio": 0.02,
            "account_receivable_turnover_ratio": 0.58,
            "reinvestment_rate": -46.43,
            "research_to_sale_ratio": null,
            "price_fair": 34.4,
            "eps_avg_yearly": 0.98,
            "eps_latest_yearly": 1.64,
            "eps_growth_yearly": 714.86
        },
        "20211": {
            "year_quarter": 20211,
            "year": 2021,
            "quarter": 1,
            "eps": -0.04,
            "eps_growth_year": null,
            "eps_4q": 0.48,
            "eps_4q_growth_year": 489.8,
            "roe": -0.35,
            "roe_4q": 4.1,
            "gross_profit": 11849,
            "gross_margin": 77.58,
            "gross_margin_4q_avg": 75.53,
            "net_income": -2581,
            "net_income_4q": null,
            "revenue": 15273,
            "revenue_4q": null,
            "common_shares": 617600,
            "book_valuer_per_share": 11.92,
            "book_valuer_per_share_4q_avg": 11.67,
            "equity": 737031,
            "current_ratio": 1014.61,
            "debt_ratio": 10.12,
            "inventory_turnover_ratio": 0.01,
            "account_receivable_turnover_ratio": 0.65,
            "reinvestment_rate": -40.49,
            "research_to_sale_ratio": null,
            "price_fair": 39.2,
            "eps_avg_yearly": 1.12,
            "eps_latest_yearly": 1.64,
            "eps_growth_yearly": 867.34
        },
        "20212": {
            "year_quarter": 20212,
            "year": 2021,
            "quarter": 2,
            "eps": 1.42,
            "eps_growth_year": 4633.33,
            "eps_4q": 1.87,
            "eps_4q_growth_year": 1310.86,
            "roe": 11.25,
            "roe_4q": 15.11,
            "gross_profit": 13927,
            "gross_margin": 82.53,
            "gross_margin_4q_avg": 77.2,
            "net_income": 87582,
            "net_income_4q": null,
            "revenue": 16876,
            "revenue_4q": null,
            "common_shares": 617600,
            "book_valuer_per_share": 13.26,
            "book_valuer_per_share_4q_avg": 12.13,
            "equity": 819358,
            "current_ratio": 483.75,
            "debt_ratio": 18.86,
            "inventory_turnover_ratio": 0.01,
            "account_receivable_turnover_ratio": 0.78,
            "reinvestment_rate": -14.7,
            "research_to_sale_ratio": null,
            "price_fair": 41.16,
            "eps_avg_yearly": 1.18,
            "eps_latest_yearly": 1.64,
            "eps_growth_yearly": 700.81
        },
        "20213": {
            "year_quarter": 20213,
            "year": 2021,
            "quarter": 3,
            "eps": -0.7,
            "eps_growth_year": -975,
            "eps_4q": 1.09,
            "eps_4q_growth_year": 234.63,
            "roe": -5.87,
            "roe_4q": 8.54,
            "gross_profit": 18548,
            "gross_margin": 80.83,
            "gross_margin_4q_avg": 78.23,
            "net_income": -47198,
            "net_income_4q": null,
            "revenue": 22948,
            "revenue_4q": null,
            "common_shares": 617600,
            "book_valuer_per_share": 12.51,
            "book_valuer_per_share_4q_avg": 12.4,
            "equity": 788683,
            "current_ratio": 934.5,
            "debt_ratio": 10.82,
            "inventory_turnover_ratio": 0.01,
            "account_receivable_turnover_ratio": 1.14,
            "reinvestment_rate": -23.14,
            "research_to_sale_ratio": null,
            "price_fair": 46.2,
            "eps_avg_yearly": 1.32,
            "eps_latest_yearly": 1.64,
            "eps_growth_yearly": 904.58
        },
        "20214": {
            "year_quarter": 20214,
            "year": 2021,
            "quarter": 4,
            "eps": 0,
            "eps_growth_year": -99.92,
            "eps_4q": 0.68,
            "eps_4q_growth_year": 46.27,
            "roe": -0.32,
            "roe_4q": 4.71,
            "gross_profit": 16403,
            "gross_margin": 80.72,
            "gross_margin_4q_avg": 80.42,
            "net_income": -2516,
            "net_income_4q": null,
            "revenue": 20322,
            "revenue_4q": null,
            "common_shares": 617600,
            "book_valuer_per_share": 12.75,
            "book_valuer_per_share_4q_avg": 12.61,
            "equity": 800373,
            "current_ratio": 838.43,
            "debt_ratio": 11.22,
            "inventory_turnover_ratio": 0.01,
            "account_receivable_turnover_ratio": 1.03,
            "reinvestment_rate": -17.65,
            "research_to_sale_ratio": null,
            "price_fair": 54.13,
            "eps_avg_yearly": 1.55,
            "eps_latest_yearly": 1.64,
            "eps_growth_yearly": 1197.22
        },
        "20221": {
            "year_quarter": 20221,
            "year": 2022,
            "quarter": 1,
            "eps": 0.54,
            "eps_growth_year": null,
            "eps_4q": 1.26,
            "eps_4q_growth_year": 163.75,
            "roe": 3.91,
            "roe_4q": 8.97,
            "gross_profit": 18721,
            "gross_margin": 80.16,
            "gross_margin_4q_avg": 81.06,
            "net_income": 31712,
            "net_income_4q": null,
            "revenue": 23355,
            "revenue_4q": null,
            "common_shares": 617600,
            "book_valuer_per_share": 13.15,
            "book_valuer_per_share_4q_avg": 12.92,
            "equity": 823555,
            "current_ratio": 843.77,
            "debt_ratio": 11.23,
            "inventory_turnover_ratio": 0.01,
            "account_receivable_turnover_ratio": 1.2,
            "reinvestment_rate": 3.16,
            "research_to_sale_ratio": null,
            "price_fair": 34.3,
            "eps_avg_yearly": 0.98,
            "eps_latest_yearly": 1.64,
            "eps_growth_yearly": 1158.33
        },
        "20222": {
            "year_quarter": 20222,
            "year": 2022,
            "quarter": 2,
            "eps": -0.67,
            "eps_growth_year": -147.18,
            "eps_4q": -0.83,
            "eps_4q_growth_year": -144.49,
            "roe": -5.41,
            "roe_4q": -7.69,
            "gross_profit": 19046,
            "gross_margin": 74.71,
            "gross_margin_4q_avg": 79.11,
            "net_income": -43409,
            "net_income_4q": null,
            "revenue": 25492,
            "revenue_4q": null,
            "common_shares": 617600,
            "book_valuer_per_share": 12.4,
            "book_valuer_per_share_4q_avg": 12.7,
            "equity": 781039,
            "current_ratio": 535.23,
            "debt_ratio": 15.81,
            "inventory_turnover_ratio": 0.02,
            "account_receivable_turnover_ratio": 1.22,
            "reinvestment_rate": 41.32,
            "research_to_sale_ratio": null,
            "price_fair": 34.3,
            "eps_avg_yearly": 0.98,
            "eps_latest_yearly": 1.64,
            "eps_growth_yearly": 1158.33
        },
        "20223": {
            "year_quarter": 20223,
            "year": 2022,
            "quarter": 3,
            "eps": -0.31,
            "eps_growth_year": null,
            "eps_4q": -0.44,
            "eps_4q_growth_year": -140.54,
            "roe": -2.79,
            "roe_4q": -4.609999999999999,
            "gross_profit": 15800,
            "gross_margin": 40.68,
            "gross_margin_4q_avg": 69.07,
            "net_income": -21450,
            "net_income_4q": null,
            "revenue": 38836,
            "revenue_4q": null,
            "common_shares": 617600,
            "book_valuer_per_share": 12.01,
            "book_valuer_per_share_4q_avg": 12.58,
            "equity": 754710,
            "current_ratio": 535.95,
            "debt_ratio": 15.77,
            "inventory_turnover_ratio": 0.06,
            "account_receivable_turnover_ratio": 1.48,
            "reinvestment_rate": 83.19,
            "research_to_sale_ratio": null,
            "price_fair": 34.3,
            "eps_avg_yearly": 0.98,
            "eps_latest_yearly": 1.64,
            "eps_growth_yearly": 1158.33
        },
        "20224": {
            "year_quarter": 20224,
            "year": 2022,
            "quarter": 4,
            "eps": 0.41,
            "eps_growth_year": 119628.24,
            "eps_4q": -0.03,
            "eps_4q_growth_year": -105.08,
            "roe": 2.92,
            "roe_4q": -1.37,
            "gross_profit": 19178,
            "gross_margin": 44.66,
            "gross_margin_4q_avg": 60.05,
            "net_income": 22072,
            "net_income_4q": null,
            "revenue": 42939,
            "revenue_4q": null,
            "common_shares": 617600,
            "book_valuer_per_share": 12.13,
            "book_valuer_per_share_4q_avg": 12.42,
            "equity": 759223,
            "current_ratio": 521.11,
            "debt_ratio": 16.57,
            "inventory_turnover_ratio": 0.06,
            "account_receivable_turnover_ratio": 1.43,
            "reinvestment_rate": 29.47,
            "research_to_sale_ratio": null,
            "price_fair": 34.3,
            "eps_avg_yearly": 0.98,
            "eps_latest_yearly": 1.64,
            "eps_growth_yearly": 1158.33
        },
        "20231": {
            "year_quarter": 20231,
            "year": 2023,
            "quarter": 1,
            "eps": 0.05,
            "eps_growth_year": -90.74,
            "eps_4q": -0.53,
            "eps_4q_growth_year": -141.9,
            "roe": 0.15,
            "roe_4q": -5.130000000000001,
            "gross_profit": 19716,
            "gross_margin": 49.7,
            "gross_margin_4q_avg": 52.44,
            "net_income": 1104,
            "net_income_4q": null,
            "revenue": 39672,
            "revenue_4q": null,
            "common_shares": 617600,
            "book_valuer_per_share": 12.03,
            "book_valuer_per_share_4q_avg": 12.14,
            "equity": 754559,
            "current_ratio": 514.94,
            "debt_ratio": 16.83,
            "inventory_turnover_ratio": 0.05,
            "account_receivable_turnover_ratio": 1.3,
            "reinvestment_rate": 26.02,
            "research_to_sale_ratio": null,
            "price_fair": 25.2,
            "eps_avg_yearly": 0.72,
            "eps_latest_yearly": 0.2,
            "eps_growth_yearly": 655.15
        },
        "20232": {
            "year_quarter": 20232,
            "year": 2023,
            "quarter": 2,
            "eps": 0.02,
            "eps_growth_year": null,
            "eps_4q": 0.15,
            "eps_4q_growth_year": null,
            "roe": -0.17,
            "roe_4q": 0.10999999999999988,
            "gross_profit": 19895,
            "gross_margin": 82.28,
            "gross_margin_4q_avg": 54.33,
            "net_income": -1248,
            "net_income_4q": null,
            "revenue": 24179,
            "revenue_4q": null,
            "common_shares": 617600,
            "book_valuer_per_share": 12.12,
            "book_valuer_per_share_4q_avg": 12.07,
            "equity": 753401,
            "current_ratio": 459.22,
            "debt_ratio": 19.29,
            "inventory_turnover_ratio": 0.01,
            "account_receivable_turnover_ratio": 0.98,
            "reinvestment_rate": 2.08,
            "research_to_sale_ratio": null,
            "price_fair": 19.6,
            "eps_avg_yearly": 0.56,
            "eps_latest_yearly": 0.08,
            "eps_growth_yearly": 431.36
        },
        "20233": {
            "year_quarter": 20233,
            "year": 2023,
            "quarter": 3,
            "eps": 0.04,
            "eps_growth_year": null,
            "eps_4q": 0.52,
            "eps_4q_growth_year": null,
            "roe": 0.28,
            "roe_4q": 3.1799999999999997,
            "gross_profit": 18604,
            "gross_margin": 80.23,
            "gross_margin_4q_avg": 64.22,
            "net_income": 2092,
            "net_income_4q": null,
            "revenue": 23189,
            "revenue_4q": null,
            "common_shares": 617600,
            "book_valuer_per_share": 12.08,
            "book_valuer_per_share_4q_avg": 12.09,
            "equity": 749998,
            "current_ratio": 675.3,
            "debt_ratio": 13.63,
            "inventory_turnover_ratio": 0.01,
            "account_receivable_turnover_ratio": 1.4,
            "reinvestment_rate": 0.83,
            "research_to_sale_ratio": null,
            "price_fair": 16.8,
            "eps_avg_yearly": 0.48,
            "eps_latest_yearly": 0.16,
            "eps_growth_yearly": 425.09
        },
        "20234": {
            "year_quarter": 20234,
            "year": 2023,
            "quarter": 4,
            "eps": 0.35,
            "eps_growth_year": -13.27,
            "eps_4q": 0.46,
            "eps_4q_growth_year": null,
            "roe": 2.69,
            "roe_4q": 2.9499999999999997,
            "gross_profit": 24380,
            "gross_margin": 81.57,
            "gross_margin_4q_avg": 73.45,
            "net_income": 20417,
            "net_income_4q": null,
            "revenue": 29887,
            "revenue_4q": null,
            "common_shares": 617600,
            "book_valuer_per_share": 12.41,
            "book_valuer_per_share_4q_avg": 12.16,
            "equity": 768693,
            "current_ratio": 631.97,
            "debt_ratio": 14.51,
            "inventory_turnover_ratio": 0.01,
            "account_receivable_turnover_ratio": 2.05,
            "reinvestment_rate": 0.2,
            "research_to_sale_ratio": null,
            "price_fair": 22.17,
            "eps_avg_yearly": 0.63,
            "eps_latest_yearly": 1.4,
            "eps_growth_yearly": 870.91
        }
    },
    "months": {
        "2002-11": {
            "month": "2002-11",
            "price": "32.66",
            "revenue": 59523
        },
        "2002-12": {
            "month": "2002-12",
            "price": "29.53",
            "revenue": 44394
        },
        "2003-01": {
            "month": "2003-01",
            "price": "31.62",
            "revenue": 47153
        },
        "2003-02": {
            "month": "2003-02",
            "price": "34.36",
            "revenue": 25896
        },
        "2003-03": {
            "month": "2003-03",
            "price": "31.67",
            "revenue": 67763
        },
        "2003-04": {
            "month": "2003-04",
            "price": "30.20",
            "revenue": 92584
        },
        "2003-05": {
            "month": "2003-05",
            "price": "29.83",
            "revenue": 105717
        },
        "2003-06": {
            "month": "2003-06",
            "price": "33.75",
            "revenue": 83093
        },
        "2003-07": {
            "month": "2003-07",
            "price": "31.48",
            "revenue": 100521
        },
        "2003-08": {
            "month": "2003-08",
            "price": "27.75",
            "revenue": 109542
        },
        "2003-09": {
            "month": "2003-09",
            "price": "25.33",
            "revenue": 102573
        },
        "2003-10": {
            "month": "2003-10",
            "price": "25.45",
            "revenue": 127425
        },
        "2003-11": {
            "month": "2003-11",
            "price": "30.36",
            "revenue": 173829
        },
        "2003-12": {
            "month": "2003-12",
            "price": "31.98",
            "revenue": 175059
        },
        "2004-01": {
            "month": "2004-01",
            "price": "37.27",
            "revenue": 111904
        },
        "2004-02": {
            "month": "2004-02",
            "price": "40.94",
            "revenue": 137731
        },
        "2004-03": {
            "month": "2004-03",
            "price": "39.44",
            "revenue": 67278
        },
        "2004-04": {
            "month": "2004-04",
            "price": "35.53",
            "revenue": 80929
        },
        "2004-05": {
            "month": "2004-05",
            "price": "28.97",
            "revenue": 114370
        },
        "2004-06": {
            "month": "2004-06",
            "price": "25.95",
            "revenue": 103152
        },
        "2004-07": {
            "month": "2004-07",
            "price": "22.37",
            "revenue": 119826
        },
        "2004-08": {
            "month": "2004-08",
            "price": "17.72",
            "revenue": 104732
        },
        "2004-09": {
            "month": "2004-09",
            "price": "15.96",
            "revenue": 100201
        },
        "2004-10": {
            "month": "2004-10",
            "price": "13.90",
            "revenue": 101464
        },
        "2004-11": {
            "month": "2004-11",
            "price": "14.83",
            "revenue": 146963
        },
        "2004-12": {
            "month": "2004-12",
            "price": "13.59",
            "revenue": 128309
        },
        "2005-01": {
            "month": "2005-01",
            "price": "12.67",
            "revenue": 94573
        },
        "2005-02": {
            "month": "2005-02",
            "price": "12.55",
            "revenue": 60509
        },
        "2005-03": {
            "month": "2005-03",
            "price": "13.07",
            "revenue": 87071
        },
        "2005-04": {
            "month": "2005-04",
            "price": "11.91",
            "revenue": 60841
        },
        "2005-05": {
            "month": "2005-05",
            "price": "9.93",
            "revenue": 101699
        },
        "2005-06": {
            "month": "2005-06",
            "price": "11.15",
            "revenue": 73066
        },
        "2005-07": {
            "month": "2005-07",
            "price": "14.30",
            "revenue": 102460
        },
        "2005-08": {
            "month": "2005-08",
            "price": "13.53",
            "revenue": 93094
        },
        "2005-09": {
            "month": "2005-09",
            "price": "10.92",
            "revenue": 85673
        },
        "2005-10": {
            "month": "2005-10",
            "price": "9.48",
            "revenue": 131895
        },
        "2005-11": {
            "month": "2005-11",
            "price": "9.97",
            "revenue": 156372
        },
        "2005-12": {
            "month": "2005-12",
            "price": "12.38",
            "revenue": 172884
        },
        "2006-01": {
            "month": "2006-01",
            "price": "12.59",
            "revenue": 72927
        },
        "2006-02": {
            "month": "2006-02",
            "price": "10.32",
            "revenue": 77285
        },
        "2006-03": {
            "month": "2006-03",
            "price": "9.64",
            "revenue": 66751
        },
        "2006-04": {
            "month": "2006-04",
            "price": "9.69",
            "revenue": 74614
        },
        "2006-05": {
            "month": "2006-05",
            "price": "8.65",
            "revenue": 72803
        },
        "2006-06": {
            "month": "2006-06",
            "price": "7.48",
            "revenue": 40607
        },
        "2006-07": {
            "month": "2006-07",
            "price": "5.94",
            "revenue": 62128
        },
        "2006-08": {
            "month": "2006-08",
            "price": "5.52",
            "revenue": 84811
        },
        "2006-09": {
            "month": "2006-09",
            "price": "7.11",
            "revenue": 107837
        },
        "2006-10": {
            "month": "2006-10",
            "price": "8.17",
            "revenue": 135958
        },
        "2006-11": {
            "month": "2006-11",
            "price": "8.29",
            "revenue": 151363
        },
        "2006-12": {
            "month": "2006-12",
            "price": "11.05",
            "revenue": 77720
        },
        "2007-01": {
            "month": "2007-01",
            "price": "12.11",
            "revenue": 108275
        },
        "2007-02": {
            "month": "2007-02",
            "price": "12.62",
            "revenue": 71172
        },
        "2007-03": {
            "month": "2007-03",
            "price": "14.21",
            "revenue": 94893
        },
        "2007-04": {
            "month": "2007-04",
            "price": "13.79",
            "revenue": 113337
        },
        "2007-05": {
            "month": "2007-05",
            "price": "14.24",
            "revenue": 106520
        },
        "2007-06": {
            "month": "2007-06",
            "price": "20.54",
            "revenue": 103523
        },
        "2007-07": {
            "month": "2007-07",
            "price": "29.32",
            "revenue": 85013
        },
        "2007-08": {
            "month": "2007-08",
            "price": "21.87",
            "revenue": 81072
        },
        "2007-09": {
            "month": "2007-09",
            "price": "17.19",
            "revenue": 103171
        },
        "2007-10": {
            "month": "2007-10",
            "price": "17.44",
            "revenue": 152626
        },
        "2007-11": {
            "month": "2007-11",
            "price": "15.60",
            "revenue": 107314
        },
        "2007-12": {
            "month": "2007-12",
            "price": "13.81",
            "revenue": 120223
        },
        "2008-01": {
            "month": "2008-01",
            "price": "14.71",
            "revenue": 98194
        },
        "2008-02": {
            "month": "2008-02",
            "price": "16.37",
            "revenue": 58807
        },
        "2008-03": {
            "month": "2008-03",
            "price": "16.47",
            "revenue": 74484
        },
        "2008-04": {
            "month": "2008-04",
            "price": "15.48",
            "revenue": 61397
        },
        "2008-05": {
            "month": "2008-05",
            "price": "14.37",
            "revenue": 84689
        },
        "2008-06": {
            "month": "2008-06",
            "price": "14.40",
            "revenue": 52432
        },
        "2008-07": {
            "month": "2008-07",
            "price": "15.93",
            "revenue": 69709
        },
        "2008-08": {
            "month": "2008-08",
            "price": "16.86",
            "revenue": 61954
        },
        "2008-09": {
            "month": "2008-09",
            "price": "14.49",
            "revenue": 57303
        },
        "2008-10": {
            "month": "2008-10",
            "price": "11.16",
            "revenue": 86187
        },
        "2008-11": {
            "month": "2008-11",
            "price": "9.83",
            "revenue": 57310
        },
        "2008-12": {
            "month": "2008-12",
            "price": "8.52",
            "revenue": 52482
        },
        "2009-01": {
            "month": "2009-01",
            "price": "8.31",
            "revenue": 41168
        },
        "2009-02": {
            "month": "2009-02",
            "price": "13.47",
            "revenue": 29268
        },
        "2009-03": {
            "month": "2009-03",
            "price": "14.88",
            "revenue": 39121
        },
        "2009-04": {
            "month": "2009-04",
            "price": "14.34",
            "revenue": 29401
        },
        "2009-05": {
            "month": "2009-05",
            "price": "13.22",
            "revenue": 23560
        },
        "2009-06": {
            "month": "2009-06",
            "price": "12.62",
            "revenue": 15092
        },
        "2009-07": {
            "month": "2009-07",
            "price": "12.80",
            "revenue": 57548
        },
        "2009-08": {
            "month": "2009-08",
            "price": "15.06",
            "revenue": 21794
        },
        "2009-09": {
            "month": "2009-09",
            "price": "13.97",
            "revenue": 10040
        },
        "2009-10": {
            "month": "2009-10",
            "price": "13.88",
            "revenue": 10374
        },
        "2009-11": {
            "month": "2009-11",
            "price": "13.00",
            "revenue": 20505
        },
        "2009-12": {
            "month": "2009-12",
            "price": "12.69",
            "revenue": 17905
        },
        "2010-01": {
            "month": "2010-01",
            "price": "14.50",
            "revenue": 7962
        },
        "2010-02": {
            "month": "2010-02",
            "price": "12.76",
            "revenue": 5362
        },
        "2010-03": {
            "month": "2010-03",
            "price": "14.00",
            "revenue": 7840
        },
        "2010-04": {
            "month": "2010-04",
            "price": "14.01",
            "revenue": 11432
        },
        "2010-05": {
            "month": "2010-05",
            "price": "12.30",
            "revenue": 10375
        },
        "2010-06": {
            "month": "2010-06",
            "price": "11.89",
            "revenue": 14821
        },
        "2010-07": {
            "month": "2010-07",
            "price": "12.50",
            "revenue": 12355
        },
        "2010-08": {
            "month": "2010-08",
            "price": "11.72",
            "revenue": 21937
        },
        "2010-09": {
            "month": "2010-09",
            "price": "9.72",
            "revenue": 22702
        },
        "2010-10": {
            "month": "2010-10",
            "price": "9.70",
            "revenue": 16741
        },
        "2010-11": {
            "month": "2010-11",
            "price": "8.89",
            "revenue": 7715
        },
        "2010-12": {
            "month": "2010-12",
            "price": "8.85",
            "revenue": 9300
        },
        "2011-01": {
            "month": "2011-01",
            "price": "8.92",
            "revenue": 10897
        },
        "2011-02": {
            "month": "2011-02",
            "price": "8.91",
            "revenue": 831
        },
        "2011-03": {
            "month": "2011-03",
            "price": "9.99",
            "revenue": 4511
        },
        "2011-04": {
            "month": "2011-04",
            "price": "10.09",
            "revenue": 3285
        },
        "2011-05": {
            "month": "2011-05",
            "price": "9.41",
            "revenue": 2787
        },
        "2011-06": {
            "month": "2011-06",
            "price": "9.06",
            "revenue": 3790
        },
        "2011-07": {
            "month": "2011-07",
            "price": "7.52",
            "revenue": 899
        },
        "2011-08": {
            "month": "2011-08",
            "price": "5.38",
            "revenue": 1880
        },
        "2011-09": {
            "month": "2011-09",
            "price": "4.46",
            "revenue": 1832
        },
        "2011-10": {
            "month": "2011-10",
            "price": "4.56",
            "revenue": 3661
        },
        "2011-11": {
            "month": "2011-11",
            "price": "5.63",
            "revenue": 679
        },
        "2011-12": {
            "month": "2011-12",
            "price": "5.68",
            "revenue": 1087
        },
        "2012-01": {
            "month": "2012-01",
            "price": "5.39",
            "revenue": 1367
        },
        "2012-02": {
            "month": "2012-02",
            "price": "6.79",
            "revenue": 132
        },
        "2012-03": {
            "month": "2012-03",
            "price": "6.94",
            "revenue": 242
        },
        "2012-04": {
            "month": "2012-04",
            "price": "9.20",
            "revenue": 472
        },
        "2012-05": {
            "month": "2012-05",
            "price": "13.57",
            "revenue": 250
        },
        "2012-06": {
            "month": "2012-06",
            "price": "13.98",
            "revenue": 583
        },
        "2012-07": {
            "month": "2012-07",
            "price": "13.53",
            "revenue": 250
        },
        "2012-08": {
            "month": "2012-08",
            "price": "16.15",
            "revenue": 645
        },
        "2012-09": {
            "month": "2012-09",
            "price": "16.87",
            "revenue": 645
        },
        "2012-10": {
            "month": "2012-10",
            "price": "17.09",
            "revenue": 645
        },
        "2012-11": {
            "month": "2012-11",
            "price": "18.39",
            "revenue": 645
        },
        "2012-12": {
            "month": "2012-12",
            "price": "20.33",
            "revenue": 688
        },
        "2013-01": {
            "month": "2013-01",
            "price": "21.92",
            "revenue": 645
        },
        "2013-02": {
            "month": "2013-02",
            "price": "21.84",
            "revenue": 645
        },
        "2013-03": {
            "month": "2013-03",
            "price": "21.44",
            "revenue": 645
        },
        "2013-04": {
            "month": "2013-04",
            "price": "20.44",
            "revenue": 871
        },
        "2013-05": {
            "month": "2013-05",
            "price": "16.96",
            "revenue": 1425
        },
        "2013-06": {
            "month": "2013-06",
            "price": "5.96",
            "revenue": 396
        },
        "2013-07": {
            "month": "2013-07",
            "price": "5.68",
            "revenue": 695
        },
        "2013-08": {
            "month": "2013-08",
            "price": "6.39",
            "revenue": 701
        },
        "2013-09": {
            "month": "2013-09",
            "price": "8.81",
            "revenue": 695
        },
        "2013-10": {
            "month": "2013-10",
            "price": "6.94",
            "revenue": 1053
        },
        "2013-11": {
            "month": "2013-11",
            "price": "10.13",
            "revenue": 640
        },
        "2013-12": {
            "month": "2013-12",
            "price": "11.76",
            "revenue": 667
        },
        "2014-01": {
            "month": "2014-01",
            "price": "10.77",
            "revenue": 657
        },
        "2014-02": {
            "month": "2014-02",
            "price": "18.61",
            "revenue": 709
        },
        "2014-03": {
            "month": "2014-03",
            "price": "25.00",
            "revenue": 1837
        },
        "2014-04": {
            "month": "2014-04",
            "price": "23.62",
            "revenue": 2433
        },
        "2014-05": {
            "month": "2014-05",
            "price": "21.22",
            "revenue": 4253
        },
        "2014-06": {
            "month": "2014-06",
            "price": "18.52",
            "revenue": 7608
        },
        "2014-07": {
            "month": "2014-07",
            "price": "17.58",
            "revenue": 9206
        },
        "2014-08": {
            "month": "2014-08",
            "price": "18.61",
            "revenue": 7813
        },
        "2014-09": {
            "month": "2014-09",
            "price": "19.44",
            "revenue": 12538
        },
        "2014-10": {
            "month": "2014-10",
            "price": "19.50",
            "revenue": 13990
        },
        "2014-11": {
            "month": "2014-11",
            "price": "17.36",
            "revenue": 12374
        },
        "2014-12": {
            "month": "2014-12",
            "price": "18.91",
            "revenue": 9839
        },
        "2015-01": {
            "month": "2015-01",
            "price": "19.60",
            "revenue": 5528
        },
        "2015-02": {
            "month": "2015-02",
            "price": "19.19",
            "revenue": 4082
        },
        "2015-03": {
            "month": "2015-03",
            "price": "19.78",
            "revenue": 4641
        },
        "2015-04": {
            "month": "2015-04",
            "price": "19.38",
            "revenue": 5725
        },
        "2015-05": {
            "month": "2015-05",
            "price": "19.07",
            "revenue": 5870
        },
        "2015-06": {
            "month": "2015-06",
            "price": "13.12",
            "revenue": 3738
        },
        "2015-07": {
            "month": "2015-07",
            "price": "10.52",
            "revenue": 5575
        },
        "2015-08": {
            "month": "2015-08",
            "price": "12.38",
            "revenue": 6824
        },
        "2015-09": {
            "month": "2015-09",
            "price": "15.00",
            "revenue": 7617
        },
        "2015-10": {
            "month": "2015-10",
            "price": "15.00",
            "revenue": 5949
        },
        "2016-01": {
            "month": "2016-01",
            "price": "10.37",
            "revenue": 5231
        },
        "2016-02": {
            "month": "2016-02",
            "price": "12.94",
            "revenue": 4778
        },
        "2016-03": {
            "month": "2016-03",
            "price": "14.30",
            "revenue": 5600
        },
        "2016-04": {
            "month": "2016-04",
            "price": "18.90",
            "revenue": 5003
        },
        "2016-05": {
            "month": "2016-05",
            "price": "17.43",
            "revenue": 6592
        },
        "2016-06": {
            "month": "2016-06",
            "price": "18.45",
            "revenue": 6785
        },
        "2016-07": {
            "month": "2016-07",
            "price": "12.10",
            "revenue": 4344
        },
        "2016-08": {
            "month": "2016-08",
            "price": "13.89",
            "revenue": 4325
        },
        "2016-09": {
            "month": "2016-09",
            "price": "19.16",
            "revenue": 4173
        },
        "2016-10": {
            "month": "2016-10",
            "price": "23.28",
            "revenue": 7075
        },
        "2016-11": {
            "month": "2016-11",
            "price": "22.30",
            "revenue": 6948
        },
        "2016-12": {
            "month": "2016-12",
            "price": "19.76",
            "revenue": 4652
        },
        "2017-01": {
            "month": "2017-01",
            "price": "18.10",
            "revenue": 3368
        },
        "2017-02": {
            "month": "2017-02",
            "price": "17.60",
            "revenue": 3611
        },
        "2017-03": {
            "month": "2017-03",
            "price": "17.33",
            "revenue": 5044
        },
        "2017-04": {
            "month": "2017-04",
            "price": "17.15",
            "revenue": 11393
        },
        "2017-05": {
            "month": "2017-05",
            "price": "20.92",
            "revenue": 9715
        },
        "2017-06": {
            "month": "2017-06",
            "price": "19.15",
            "revenue": 8401
        },
        "2017-07": {
            "month": "2017-07",
            "price": "20.96",
            "revenue": 6352
        },
        "2017-08": {
            "month": "2017-08",
            "price": "22.99",
            "revenue": 6840
        },
        "2017-09": {
            "month": "2017-09",
            "price": "25.10",
            "revenue": 10626
        },
        "2017-10": {
            "month": "2017-10",
            "price": "25.48",
            "revenue": 14367
        },
        "2017-11": {
            "month": "2017-11",
            "price": "24.98",
            "revenue": 16863
        },
        "2017-12": {
            "month": "2017-12",
            "price": "24.58",
            "revenue": 15970
        },
        "2018-01": {
            "month": "2018-01",
            "price": "24.11",
            "revenue": 5543
        },
        "2018-02": {
            "month": "2018-02",
            "price": "23.76",
            "revenue": 4759
        },
        "2018-03": {
            "month": "2018-03",
            "price": "22.16",
            "revenue": 19431
        },
        "2018-04": {
            "month": "2018-04",
            "price": "20.52",
            "revenue": 8218
        },
        "2018-05": {
            "month": "2018-05",
            "price": "19.76",
            "revenue": 18664
        },
        "2018-06": {
            "month": "2018-06",
            "price": "23.44",
            "revenue": 2876
        },
        "2018-07": {
            "month": "2018-07",
            "price": "21.28",
            "revenue": 3700
        },
        "2018-08": {
            "month": "2018-08",
            "price": "20.32",
            "revenue": 5891
        },
        "2018-09": {
            "month": "2018-09",
            "price": "19.76",
            "revenue": 6048
        },
        "2018-10": {
            "month": "2018-10",
            "price": "17.60",
            "revenue": 3653
        },
        "2018-11": {
            "month": "2018-11",
            "price": "15.36",
            "revenue": 3665
        },
        "2018-12": {
            "month": "2018-12",
            "price": "16.99",
            "revenue": 5652
        },
        "2019-01": {
            "month": "2019-01",
            "price": "14.97",
            "revenue": 4058
        },
        "2019-02": {
            "month": "2019-02",
            "price": "14.89",
            "revenue": 2946
        },
        "2019-03": {
            "month": "2019-03",
            "price": "15.11",
            "revenue": 1879
        },
        "2019-04": {
            "month": "2019-04",
            "price": "15.44",
            "revenue": 2148
        },
        "2019-05": {
            "month": "2019-05",
            "price": "15.81",
            "revenue": 2575
        },
        "2019-06": {
            "month": "2019-06",
            "price": "15.01",
            "revenue": 1752
        },
        "2019-07": {
            "month": "2019-07",
            "price": "14.02",
            "revenue": 2574
        },
        "2019-08": {
            "month": "2019-08",
            "price": "13.96",
            "revenue": 3169
        },
        "2019-09": {
            "month": "2019-09",
            "price": "14.63",
            "revenue": 2592
        },
        "2019-10": {
            "month": "2019-10",
            "price": "14.44",
            "revenue": 1852
        },
        "2019-11": {
            "month": "2019-11",
            "price": "14.26",
            "revenue": 19755
        },
        "2019-12": {
            "month": "2019-12",
            "price": "13.93",
            "revenue": 12327
        },
        "2020-01": {
            "month": "2020-01",
            "price": "14.00",
            "revenue": 4314
        },
        "2020-02": {
            "month": "2020-02",
            "price": "13.69",
            "revenue": 3628
        },
        "2020-03": {
            "month": "2020-03",
            "price": "12.99",
            "revenue": 4208
        },
        "2020-04": {
            "month": "2020-04",
            "price": "11.82",
            "revenue": 3845
        },
        "2020-05": {
            "month": "2020-05",
            "price": "11.95",
            "revenue": 2276
        },
        "2020-06": {
            "month": "2020-06",
            "price": "11.80",
            "revenue": 1302
        },
        "2020-07": {
            "month": "2020-07",
            "price": "11.90",
            "revenue": 3875
        },
        "2020-08": {
            "month": "2020-08",
            "price": "11.90",
            "revenue": 1846
        },
        "2020-09": {
            "month": "2020-09",
            "price": "12.59",
            "revenue": 2280
        },
        "2020-10": {
            "month": "2020-10",
            "price": "12.43",
            "revenue": 3468
        },
        "2020-11": {
            "month": "2020-11",
            "price": "12.13",
            "revenue": 5562
        },
        "2020-12": {
            "month": "2020-12",
            "price": "11.84",
            "revenue": 5805
        },
        "2021-01": {
            "month": "2021-01",
            "price": "12.15",
            "revenue": 5002
        },
        "2021-02": {
            "month": "2021-02",
            "price": "12.62",
            "revenue": 4394
        },
        "2021-03": {
            "month": "2021-03",
            "price": "17.52",
            "revenue": 5734
        },
        "2021-04": {
            "month": "2021-04",
            "price": "16.55",
            "revenue": 5852
        },
        "2021-05": {
            "month": "2021-05",
            "price": "16.26",
            "revenue": 5665
        },
        "2021-06": {
            "month": "2021-06",
            "price": "19.91",
            "revenue": 5156
        },
        "2021-07": {
            "month": "2021-07",
            "price": "16.76",
            "revenue": 9714
        },
        "2021-08": {
            "month": "2021-08",
            "price": "17.58",
            "revenue": 7077
        },
        "2021-09": {
            "month": "2021-09",
            "price": "18.05",
            "revenue": 6247
        },
        "2021-10": {
            "month": "2021-10",
            "price": "17.22",
            "revenue": 5924
        },
        "2021-11": {
            "month": "2021-11",
            "price": "16.04",
            "revenue": 7861
        },
        "2021-12": {
            "month": "2021-12",
            "price": "15.95",
            "revenue": 6314
        },
        "2022-01": {
            "month": "2022-01",
            "price": "15.83",
            "revenue": 7575
        },
        "2022-02": {
            "month": "2022-02",
            "price": "16.46",
            "revenue": 7278
        },
        "2022-03": {
            "month": "2022-03",
            "price": "16.74",
            "revenue": 8194
        },
        "2022-04": {
            "month": "2022-04",
            "price": "20.23",
            "revenue": 6489
        },
        "2022-05": {
            "month": "2022-05",
            "price": "25.23",
            "revenue": 8261
        },
        "2022-06": {
            "month": "2022-06",
            "price": "29.47",
            "revenue": 10778
        },
        "2022-07": {
            "month": "2022-07",
            "price": "26.06",
            "revenue": 12486
        },
        "2022-08": {
            "month": "2022-08",
            "price": "27.67",
            "revenue": 12643
        },
        "2022-09": {
            "month": "2022-09",
            "price": "24.39",
            "revenue": 14004
        },
        "2022-10": {
            "month": "2022-10",
            "price": "17.01",
            "revenue": 12021
        },
        "2022-11": {
            "month": "2022-11",
            "price": "16.13",
            "revenue": 13326
        },
        "2022-12": {
            "month": "2022-12",
            "price": "17.76",
            "revenue": 17639
        },
        "2023-01": {
            "month": "2023-01",
            "price": "18.00",
            "revenue": 10298
        },
        "2023-02": {
            "month": "2023-02",
            "price": "18.65",
            "revenue": 13696
        },
        "2023-03": {
            "month": "2023-03",
            "price": "18.58",
            "revenue": 15850
        },
        "2023-04": {
            "month": "2023-04",
            "price": "18.56",
            "revenue": 14170
        },
        "2023-05": {
            "month": "2023-05",
            "price": "18.40",
            "revenue": 15845
        },
        "2023-06": {
            "month": "2023-06",
            "price": "18.35",
            "revenue": 12285
        },
        "2023-07": {
            "month": "2023-07",
            "price": "18.12",
            "revenue": 7855
        },
        "2023-08": {
            "month": "2023-08",
            "price": "17.38",
            "revenue": 6889
        },
        "2023-09": {
            "month": "2023-09",
            "price": "17.76",
            "revenue": 8469
        },
        "2023-10": {
            "month": "2023-10",
            "price": "18.11",
            "revenue": 6786
        },
        "2023-11": {
            "month": "2023-11",
            "price": "19.15",
            "revenue": 7051
        },
        "2023-12": {
            "month": "2023-12",
            "price": "25.16",
            "revenue": 13841
        },
        "2024-01": {
            "month": "2024-01",
            "price": "28.08",
            "revenue": 7682
        },
        "2024-02": {
            "month": "2024-02",
            "price": "29.26",
            "revenue": 5731
        }
    }
}
