{
    "summary": {
        "stock_name": "亞弘電",
        "stock_id": "6201",
        "category": "其他電子",
        "main_business": "專業音訊產品<br>小家電產品<br>電子零組件製造業",
        "website_url": "http://www.yahorng.com",
        "ceo": "許瑞峯",
        "pe_ratio": 12,
        "report_year_from": 2001,
        "report_year_to": 2023,
        "age": 22,
        "eps_negative_percentage": 1,
        "eps_growth_avg": {
            "last_all": 1.47,
            "last_2y": 12.08,
            "last_4y": 11.07,
            "last_8y": 17.34,
            "last_12y": 7.69,
            "last_16y": 3.45,
            "last_20y": null,
            "at_2006_last_3y": -13.27,
            "at_2007_last_3y": -2.71,
            "at_2008_last_3y": 1.94,
            "at_2009_last_3y": -10.3,
            "at_2010_last_3y": -4.45,
            "at_2011_last_3y": -11.66,
            "at_2012_last_3y": -8.79,
            "at_2013_last_3y": -14.03,
            "at_2014_last_3y": -0.54,
            "at_2015_last_3y": 5.36,
            "at_2016_last_3y": 23.13,
            "at_2017_last_3y": 25.17,
            "at_2018_last_3y": 18.86,
            "at_2019_last_3y": 9.57,
            "at_2020_last_3y": 2.99,
            "at_2021_last_3y": 11.25,
            "at_2022_last_3y": 6.77,
            "at_2023_last_3y": 6.77,
            "at_2006_last_all": -13.27,
            "at_2007_last_all": -3.97,
            "at_2008_last_all": -8.51,
            "at_2009_last_all": -10.06,
            "at_2010_last_all": -8.86,
            "at_2011_last_all": -7.39,
            "at_2012_last_all": -8.62,
            "at_2013_last_all": -11.5,
            "at_2014_last_all": -6.09,
            "at_2015_last_all": -3.47,
            "at_2016_last_all": 0.45,
            "at_2017_last_all": -1.72,
            "at_2018_last_all": 0.15,
            "at_2019_last_all": -0.4,
            "at_2020_last_all": 1.01,
            "at_2021_last_all": 1.01,
            "at_2022_last_all": 1.47,
            "at_2023_last_all": 1.47
        },
        "latest_eps": 3.54,
        "latest_price": 43.65,
        "latest_roe": 13.12,
        "latest_gross_margin": 24.35,
        "latest_equity": 2444025,
        "latest_revenue": 680292,
        "latest_gross_profit": 165662,
        "latest_net_income": 63352,
        "latest_debt_ratio": 27.41,
        "latest_current_ratio": 308.68,
        "latest_account_receivable_turnover_ratio": 1.33,
        "latest_inventory_turnover_ratio": 0.52,
        "latest_reinvestment_rate": -1.22,
        "latest_research_to_sale_ratio": 3.77
    },
    "eps_dividends": {
        "2000": {
            "cash": 0,
            "stock": 3,
            "eps": 0
        },
        "2001": {
            "cash": 1,
            "stock": 1,
            "eps": 0
        },
        "2002": {
            "cash": 2,
            "stock": 0,
            "eps": 6.88
        },
        "2003": {
            "cash": 3,
            "stock": 2,
            "eps": 6.26
        },
        "2004": {
            "cash": 4,
            "stock": 1,
            "eps": 3.14
        },
        "2005": {
            "cash": 2,
            "stock": 0,
            "eps": 4.07
        },
        "2006": {
            "cash": 3,
            "stock": 0,
            "eps": 3.1
        },
        "2007": {
            "cash": 2,
            "stock": 0,
            "eps": 4.13
        },
        "2008": {
            "cash": 3,
            "stock": 0,
            "eps": 2.84
        },
        "2009": {
            "cash": 2,
            "stock": 0,
            "eps": 2.29
        },
        "2010": {
            "cash": 2,
            "stock": 0,
            "eps": 2.28
        },
        "2011": {
            "cash": 4,
            "stock": 0,
            "eps": 2.38
        },
        "2012": {
            "cash": 0,
            "stock": 0,
            "eps": 1.91
        },
        "2013": {
            "cash": 2,
            "stock": 0,
            "eps": 1.14
        },
        "2014": {
            "cash": 2,
            "stock": 0,
            "eps": 1.75
        },
        "2015": {
            "cash": 2,
            "stock": 0,
            "eps": 2.24
        },
        "2016": {
            "cash": 2,
            "stock": 0,
            "eps": 3.39
        },
        "2017": {
            "cash": 3,
            "stock": 0,
            "eps": 2.3
        },
        "2018": {
            "cash": 2,
            "stock": 0,
            "eps": 2.95
        },
        "2019": {
            "cash": 3,
            "stock": 0,
            "eps": 2.68
        },
        "2020": {
            "cash": 3,
            "stock": 0,
            "eps": 3.35
        },
        "2021": {
            "cash": 3,
            "stock": 0,
            "eps": 3.38
        },
        "2022": {
            "cash": 3,
            "stock": 0,
            "eps": 3.73
        },
        "2023": {
            "cash": 3,
            "stock": 0,
            "eps": 0.71
        }
    },
    "dividends": {
        "2000-07-20": {
            "cash": 0,
            "stock": 2.56
        },
        "2001-07-03": {
            "cash": 0.5,
            "stock": 0.5
        },
        "2002-06-10": {
            "cash": 2,
            "stock": 0
        },
        "2003-04-01": {
            "cash": 3,
            "stock": 1.5
        },
        "2004-03-16": {
            "cash": 3.5,
            "stock": 0.5
        },
        "2005-03-18": {
            "cash": 1.5,
            "stock": 0
        },
        "2006-03-16": {
            "cash": 2.5,
            "stock": 0
        },
        "2007-03-05": {
            "cash": 2.1,
            "stock": 0
        },
        "2008-04-28": {
            "cash": 2.8,
            "stock": 0
        },
        "2009-04-24": {
            "cash": 2,
            "stock": 0
        },
        "2010-04-21": {
            "cash": 2,
            "stock": 0
        },
        "2011-01-01": {
            "cash": 2.1,
            "stock": 0
        },
        "2011-04-22": {
            "cash": 2,
            "stock": 0
        },
        "2013-03-21": {
            "cash": 1.8,
            "stock": 0
        },
        "2014-08-29": {
            "cash": 2,
            "stock": 0
        },
        "2015-08-31": {
            "cash": 1.8,
            "stock": 0
        },
        "2016-08-31": {
            "cash": 2,
            "stock": 0
        },
        "2017-08-31": {
            "cash": 3,
            "stock": 0
        },
        "2018-08-31": {
            "cash": 2.1,
            "stock": 0
        },
        "2019-08-30": {
            "cash": 2.7,
            "stock": 0
        },
        "2020-08-31": {
            "cash": 2.5,
            "stock": 0
        },
        "2021-08-31": {
            "cash": 3,
            "stock": 0
        },
        "2022-08-31": {
            "cash": 3,
            "stock": 0
        },
        "2023-02-22": {
            "cash": 3,
            "stock": 0
        }
    },
    "prices": {
        "200101": "無",
        "200102": "無",
        "200103": "無",
        "200104": "無",
        "200105": "無",
        "200106": "無",
        "200107": "無",
        "200108": "無",
        "200109": "無",
        "200110": "無",
        "200111": "無",
        "200112": "無",
        "200201": "無",
        "200202": "無",
        "200203": "無",
        "200204": "無",
        "200205": "無",
        "200206": "無",
        "200207": "無",
        "200208": "無",
        "200209": "無",
        "200210": "無",
        "200211": "無",
        "200212": "55.33",
        "200301": "57.11",
        "200302": "60.00",
        "200303": "57.95",
        "200304": "57.43",
        "200305": "57.74",
        "200306": "65.95",
        "200307": "71.41",
        "200308": "66.93",
        "200309": "58.98",
        "200310": "53.66",
        "200311": "57.50",
        "200312": "57.17",
        "200401": "58.70",
        "200402": "60.42",
        "200403": "56.72",
        "200404": "53.37",
        "200405": "43.15",
        "200406": "40.15",
        "200407": "34.28",
        "200408": "28.80",
        "200409": "29.60",
        "200410": "29.51",
        "200411": "28.05",
        "200412": "27.07",
        "200501": "25.89",
        "200502": "26.26",
        "200503": "26.83",
        "200504": "24.35",
        "200505": "23.14",
        "200506": "23.67",
        "200507": "25.02",
        "200508": "23.78",
        "200509": "23.19",
        "200510": "23.94",
        "200511": "24.11",
        "200512": "26.49",
        "200601": "27.73",
        "200602": "28.08",
        "200603": "28.89",
        "200604": "30.63",
        "200605": "30.66",
        "200606": "28.57",
        "200607": "28.93",
        "200608": "27.62",
        "200609": "27.42",
        "200610": "28.08",
        "200611": "28.56",
        "200612": "30.42",
        "200701": "31.30",
        "200702": "31.21",
        "200703": "30.26",
        "200704": "32.46",
        "200705": "37.53",
        "200706": "40.74",
        "200707": "44.79",
        "200708": "42.41",
        "200709": "45.18",
        "200710": "42.70",
        "200711": "35.64",
        "200712": "34.99",
        "200801": "33.15",
        "200802": "32.64",
        "200803": "31.54",
        "200804": "31.37",
        "200805": "30.66",
        "200806": "27.80",
        "200807": "24.68",
        "200808": "23.22",
        "200809": "21.56",
        "200810": "19.35",
        "200811": "18.76",
        "200812": "18.54",
        "200901": "17.94",
        "200902": "18.03",
        "200903": "20.82",
        "200904": "23.25",
        "200905": "26.02",
        "200906": "25.06",
        "200907": "25.72",
        "200908": "26.03",
        "200909": "27.54",
        "200910": "27.58",
        "200911": "27.29",
        "200912": "28.60",
        "201001": "29.01",
        "201002": "26.78",
        "201003": "28.05",
        "201004": "31.22",
        "201005": "28.61",
        "201006": "28.59",
        "201007": "30.32",
        "201008": "28.88",
        "201009": "28.91",
        "201010": "29.68",
        "201011": "29.02",
        "201012": "28.83",
        "201101": "28.61",
        "201102": "28.00",
        "201103": "27.46",
        "201104": "27.72",
        "201105": "28.11",
        "201106": "27.94",
        "201107": "28.23",
        "201108": "26.85",
        "201109": "25.11",
        "201110": "24.98",
        "201111": "25.69",
        "201112": "25.30",
        "201201": "25.29",
        "201202": "26.69",
        "201203": "28.10",
        "201204": "28.39",
        "201205": "27.53",
        "201206": "27.65",
        "201207": "28.61",
        "201208": "27.36",
        "201209": "26.97",
        "201210": "26.97",
        "201211": "26.91",
        "201212": "27.15",
        "201301": "27.74",
        "201302": "29.52",
        "201303": "29.59",
        "201304": "28.94",
        "201305": "28.59",
        "201306": "28.22",
        "201307": "28.53",
        "201308": "25.90",
        "201309": "25.94",
        "201310": "26.12",
        "201311": "24.75",
        "201312": "23.64",
        "201401": "24.50",
        "201402": "23.78",
        "201403": "23.98",
        "201404": "24.58",
        "201405": "24.17",
        "201406": "25.20",
        "201407": "25.91",
        "201408": "24.56",
        "201409": "24.38",
        "201410": "23.97",
        "201411": "23.97",
        "201412": "24.40",
        "201501": "24.68",
        "201502": "25.55",
        "201503": "26.72",
        "201504": "26.40",
        "201505": "26.37",
        "201506": "26.00",
        "201507": "26.15",
        "201508": "24.18",
        "201509": "23.99",
        "201510": "24.50",
        "201511": "25.23",
        "201512": "25.38",
        "201601": "25.04",
        "201602": "26.02",
        "201603": "26.92",
        "201604": "27.11",
        "201605": "27.05",
        "201606": "27.42",
        "201607": "28.48",
        "201608": "32.95",
        "201609": "33.19",
        "201610": "31.22",
        "201611": "30.97",
        "201612": "31.60",
        "201701": "31.13",
        "201702": "31.34",
        "201703": "34.28",
        "201704": "34.33",
        "201705": "33.33",
        "201706": "33.42",
        "201707": "34.19",
        "201708": "30.93",
        "201709": "29.37",
        "201710": "29.57",
        "201711": "29.60",
        "201712": "29.04",
        "201801": "29.39",
        "201802": "30.02",
        "201803": "31.27",
        "201804": "31.05",
        "201805": "31.03",
        "201806": "31.37",
        "201807": "31.83",
        "201808": "30.39",
        "201809": "30.04",
        "201810": "29.54",
        "201811": "29.52",
        "201812": "29.50",
        "201901": "29.54",
        "201902": "31.38",
        "201903": "33.76",
        "201904": "34.14",
        "201905": "34.71",
        "201906": "35.33",
        "201907": "36.68",
        "201908": "34.40",
        "201909": "34.71",
        "201910": "34.54",
        "201911": "34.93",
        "201912": "35.30",
        "202001": "35.19",
        "202002": "34.82",
        "202003": "32.55",
        "202004": "32.80",
        "202005": "33.38",
        "202006": "34.27",
        "202007": "35.13",
        "202008": "33.62",
        "202009": "34.01",
        "202010": "34.65",
        "202011": "35.45",
        "202012": "37.54",
        "202101": "40.21",
        "202102": "45.96",
        "202103": "50.28",
        "202104": "51.91",
        "202105": "46.52",
        "202106": "46.10",
        "202107": "48.23",
        "202108": "44.02",
        "202109": "42.62",
        "202110": "41.96",
        "202111": "42.81",
        "202112": "43.65",
        "202201": "43.94",
        "202202": "43.87",
        "202203": "44.41",
        "202204": "43.81",
        "202205": "42.90",
        "202206": "42.56",
        "202207": "40.17",
        "202208": "40.14",
        "202209": "39.78",
        "202210": "38.61",
        "202211": "39.48",
        "202212": "39.29",
        "202301": "39.43",
        "202302": "40.34",
        "202303": "42.97",
        "202304": "43.29",
        "202305": "43.40"
    },
    "quarters": {
        "20011": {
            "year_quarter": 20011,
            "year": 2001,
            "quarter": 1,
            "eps": null,
            "eps_growth_year": null,
            "eps_4q": null,
            "eps_4q_growth_year": null,
            "roe": null,
            "gross_profit": null,
            "gross_margin": null,
            "net_income": null,
            "revenue": null,
            "common_shares": null,
            "equity": null,
            "current_ratio": null,
            "debt_ratio": null,
            "inventory_turnover_ratio": null,
            "account_receivable_turnover_ratio": null,
            "reinvestment_rate": null,
            "research_to_sale_ratio": null,
            "price_fair": 0,
            "eps_avg_yearly": 0,
            "eps_latest_yearly": 0,
            "eps_growth_yearly": 0
        },
        "20012": {
            "year_quarter": 20012,
            "year": 2001,
            "quarter": 2,
            "eps": null,
            "eps_growth_year": null,
            "eps_4q": null,
            "eps_4q_growth_year": null,
            "roe": null,
            "gross_profit": null,
            "gross_margin": null,
            "net_income": null,
            "revenue": null,
            "common_shares": null,
            "equity": null,
            "current_ratio": null,
            "debt_ratio": null,
            "inventory_turnover_ratio": null,
            "account_receivable_turnover_ratio": null,
            "reinvestment_rate": null,
            "research_to_sale_ratio": null,
            "price_fair": 0,
            "eps_avg_yearly": 0,
            "eps_latest_yearly": 0,
            "eps_growth_yearly": 0
        },
        "20013": {
            "year_quarter": 20013,
            "year": 2001,
            "quarter": 3,
            "eps": null,
            "eps_growth_year": null,
            "eps_4q": null,
            "eps_4q_growth_year": null,
            "roe": null,
            "gross_profit": null,
            "gross_margin": null,
            "net_income": null,
            "revenue": null,
            "common_shares": null,
            "equity": null,
            "current_ratio": null,
            "debt_ratio": null,
            "inventory_turnover_ratio": null,
            "account_receivable_turnover_ratio": null,
            "reinvestment_rate": null,
            "research_to_sale_ratio": null,
            "price_fair": 0,
            "eps_avg_yearly": 0,
            "eps_latest_yearly": 0,
            "eps_growth_yearly": 0
        },
        "20014": {
            "year_quarter": 20014,
            "year": 2001,
            "quarter": 4,
            "eps": null,
            "eps_growth_year": null,
            "eps_4q": null,
            "eps_4q_growth_year": null,
            "roe": null,
            "gross_profit": null,
            "gross_margin": null,
            "net_income": null,
            "revenue": null,
            "common_shares": 630000,
            "equity": 1258267,
            "current_ratio": 295.03,
            "debt_ratio": 27.5,
            "inventory_turnover_ratio": null,
            "account_receivable_turnover_ratio": null,
            "reinvestment_rate": null,
            "research_to_sale_ratio": null,
            "price_fair": 0,
            "eps_avg_yearly": 0,
            "eps_latest_yearly": 0,
            "eps_growth_yearly": 0
        },
        "20021": {
            "year_quarter": 20021,
            "year": 2002,
            "quarter": 1,
            "eps": 0.94,
            "eps_growth_year": null,
            "eps_4q": null,
            "eps_4q_growth_year": null,
            "roe": 5.07,
            "gross_profit": 77651,
            "gross_margin": 15.31,
            "net_income": 59105,
            "revenue": 507250,
            "common_shares": 630000,
            "equity": 1072573,
            "current_ratio": 170.25,
            "debt_ratio": 34.69,
            "inventory_turnover_ratio": 1.73,
            "account_receivable_turnover_ratio": null,
            "reinvestment_rate": null,
            "research_to_sale_ratio": null,
            "price_fair": 0,
            "eps_avg_yearly": 0,
            "eps_latest_yearly": 0,
            "eps_growth_yearly": 0
        },
        "20022": {
            "year_quarter": 20022,
            "year": 2002,
            "quarter": 2,
            "eps": 1.21,
            "eps_growth_year": null,
            "eps_4q": null,
            "eps_4q_growth_year": null,
            "roe": 7.36,
            "gross_profit": 132193,
            "gross_margin": 19.7,
            "net_income": 76352,
            "revenue": 670859,
            "common_shares": 630000,
            "equity": 1002420,
            "current_ratio": 130.87,
            "debt_ratio": 44.11,
            "inventory_turnover_ratio": 2.44,
            "account_receivable_turnover_ratio": null,
            "reinvestment_rate": null,
            "research_to_sale_ratio": null,
            "price_fair": 169.4,
            "eps_avg_yearly": 4.84,
            "eps_latest_yearly": 4.84,
            "eps_growth_yearly": 114.89
        },
        "20023": {
            "year_quarter": 20023,
            "year": 2002,
            "quarter": 3,
            "eps": 1.94,
            "eps_growth_year": null,
            "eps_4q": null,
            "eps_4q_growth_year": null,
            "roe": 11.43,
            "gross_profit": 123049,
            "gross_margin": 16.24,
            "net_income": 122360,
            "revenue": 757571,
            "common_shares": 630000,
            "equity": 1139032,
            "current_ratio": 141.81,
            "debt_ratio": 41.03,
            "inventory_turnover_ratio": 2.62,
            "account_receivable_turnover_ratio": null,
            "reinvestment_rate": null,
            "research_to_sale_ratio": null,
            "price_fair": 220.5,
            "eps_avg_yearly": 6.3,
            "eps_latest_yearly": 7.76,
            "eps_growth_yearly": 178.11
        },
        "20024": {
            "year_quarter": 20024,
            "year": 2002,
            "quarter": 4,
            "eps": 2.79,
            "eps_growth_year": null,
            "eps_4q": 6.88,
            "eps_4q_growth_year": null,
            "roe": 13.94,
            "gross_profit": 148565,
            "gross_margin": 16.88,
            "net_income": 175934,
            "revenue": 880279,
            "common_shares": 630000,
            "equity": 1385585,
            "current_ratio": 223.79,
            "debt_ratio": 33.79,
            "inventory_turnover_ratio": 2.31,
            "account_receivable_turnover_ratio": null,
            "reinvestment_rate": null,
            "research_to_sale_ratio": null,
            "price_fair": 277.2,
            "eps_avg_yearly": 7.92,
            "eps_latest_yearly": 11.16,
            "eps_growth_yearly": 177.16
        },
        "20031": {
            "year_quarter": 20031,
            "year": 2003,
            "quarter": 1,
            "eps": 1.36,
            "eps_growth_year": 44.68,
            "eps_4q": 7.31,
            "eps_4q_growth_year": null,
            "roe": 6.18,
            "gross_profit": 116593,
            "gross_margin": 16.64,
            "net_income": 85654,
            "revenue": 700822,
            "common_shares": 630000,
            "equity": 1387300,
            "current_ratio": 164.97,
            "debt_ratio": 32.96,
            "inventory_turnover_ratio": 1.96,
            "account_receivable_turnover_ratio": null,
            "reinvestment_rate": null,
            "research_to_sale_ratio": null,
            "price_fair": 255.5,
            "eps_avg_yearly": 7.3,
            "eps_latest_yearly": 5.44,
            "eps_growth_yearly": 81.61
        },
        "20032": {
            "year_quarter": 20032,
            "year": 2003,
            "quarter": 2,
            "eps": 1.46,
            "eps_growth_year": 20.66,
            "eps_4q": 6.66,
            "eps_4q_growth_year": null,
            "roe": 8.03,
            "gross_profit": 154494,
            "gross_margin": 18.57,
            "net_income": 107809,
            "revenue": 831760,
            "common_shares": 630000,
            "equity": 1298544,
            "current_ratio": 130.51,
            "debt_ratio": 41.24,
            "inventory_turnover_ratio": 2.91,
            "account_receivable_turnover_ratio": null,
            "reinvestment_rate": null,
            "research_to_sale_ratio": null,
            "price_fair": 245.28,
            "eps_avg_yearly": 7.01,
            "eps_latest_yearly": 5.84,
            "eps_growth_yearly": 71.17
        },
        "20033": {
            "year_quarter": 20033,
            "year": 2003,
            "quarter": 3,
            "eps": 1.82,
            "eps_growth_year": -6.19,
            "eps_4q": 6.8,
            "eps_4q_growth_year": null,
            "roe": 8.63,
            "gross_profit": 143762,
            "gross_margin": 15.4,
            "net_income": 135074,
            "revenue": 933401,
            "common_shares": 840000,
            "equity": 1831859,
            "current_ratio": 204.86,
            "debt_ratio": 31.52,
            "inventory_turnover_ratio": 3.07,
            "account_receivable_turnover_ratio": null,
            "reinvestment_rate": null,
            "research_to_sale_ratio": null,
            "price_fair": 246.87,
            "eps_avg_yearly": 7.05,
            "eps_latest_yearly": 7.28,
            "eps_growth_yearly": 75.75
        },
        "20034": {
            "year_quarter": 20034,
            "year": 2003,
            "quarter": 4,
            "eps": 1.62,
            "eps_growth_year": -41.94,
            "eps_4q": 5.91,
            "eps_4q_growth_year": -14.05,
            "roe": 6.4,
            "gross_profit": 183688,
            "gross_margin": 16.04,
            "net_income": 123998,
            "revenue": 1145001,
            "common_shares": 840000,
            "equity": 2040956,
            "current_ratio": 309.26,
            "debt_ratio": 29.42,
            "inventory_turnover_ratio": 2.57,
            "account_receivable_turnover_ratio": null,
            "reinvestment_rate": null,
            "research_to_sale_ratio": null,
            "price_fair": 244,
            "eps_avg_yearly": 6.97,
            "eps_latest_yearly": 6.48,
            "eps_growth_yearly": 58.65
        },
        "20041": {
            "year_quarter": 20041,
            "year": 2004,
            "quarter": 1,
            "eps": 0.57,
            "eps_growth_year": -58.09,
            "eps_4q": 4.93,
            "eps_4q_growth_year": -32.58,
            "roe": 2.39,
            "gross_profit": 105656,
            "gross_margin": 13.1,
            "net_income": 47995,
            "revenue": 806692,
            "common_shares": 840000,
            "equity": 1978185,
            "current_ratio": 251.84,
            "debt_ratio": 27.26,
            "inventory_turnover_ratio": 1.88,
            "account_receivable_turnover_ratio": null,
            "reinvestment_rate": null,
            "research_to_sale_ratio": null,
            "price_fair": 184.59,
            "eps_avg_yearly": 6.39,
            "eps_latest_yearly": 2.28,
            "eps_growth_yearly": 18.91
        },
        "20042": {
            "year_quarter": 20042,
            "year": 2004,
            "quarter": 2,
            "eps": 1.06,
            "eps_growth_year": -27.4,
            "eps_4q": 4.51,
            "eps_4q_growth_year": -32.22,
            "roe": 5.01,
            "gross_profit": 135179,
            "gross_margin": 15.24,
            "net_income": 94243,
            "revenue": 887074,
            "common_shares": 840000,
            "equity": 1786011,
            "current_ratio": 175.71,
            "debt_ratio": 37.5,
            "inventory_turnover_ratio": 2.62,
            "account_receivable_turnover_ratio": null,
            "reinvestment_rate": null,
            "research_to_sale_ratio": null,
            "price_fair": 215.13,
            "eps_avg_yearly": 6.15,
            "eps_latest_yearly": 4.24,
            "eps_growth_yearly": 55.02
        },
        "20043": {
            "year_quarter": 20043,
            "year": 2004,
            "quarter": 3,
            "eps": 1.06,
            "eps_growth_year": -41.76,
            "eps_4q": 4.05,
            "eps_4q_growth_year": -40.42,
            "roe": 5.14,
            "gross_profit": 153114,
            "gross_margin": 13.86,
            "net_income": 94398,
            "revenue": 1105101,
            "common_shares": 892000,
            "equity": 1886721,
            "current_ratio": 201.02,
            "debt_ratio": 33.22,
            "inventory_turnover_ratio": 3.11,
            "account_receivable_turnover_ratio": null,
            "reinvestment_rate": null,
            "research_to_sale_ratio": null,
            "price_fair": 208.46,
            "eps_avg_yearly": 5.96,
            "eps_latest_yearly": 4.24,
            "eps_growth_yearly": 49.51
        },
        "20044": {
            "year_quarter": 20044,
            "year": 2004,
            "quarter": 4,
            "eps": 0.45,
            "eps_growth_year": -72.22,
            "eps_4q": 3.08,
            "eps_4q_growth_year": -47.9,
            "roe": 2.12,
            "gross_profit": 147613,
            "gross_margin": 13.62,
            "net_income": 40489,
            "revenue": 1083954,
            "common_shares": 892000,
            "equity": 1933048,
            "current_ratio": 294.12,
            "debt_ratio": 29.6,
            "inventory_turnover_ratio": 2.2,
            "account_receivable_turnover_ratio": null,
            "reinvestment_rate": null,
            "research_to_sale_ratio": null,
            "price_fair": 190.14,
            "eps_avg_yearly": 5.58,
            "eps_latest_yearly": 1.8,
            "eps_growth_yearly": 24.09
        },
        "20051": {
            "year_quarter": 20051,
            "year": 2005,
            "quarter": 1,
            "eps": 0.56,
            "eps_growth_year": -1.75,
            "eps_4q": 3.13,
            "eps_4q_growth_year": -36.45,
            "roe": 2.58,
            "gross_profit": 96184,
            "gross_margin": 11.38,
            "net_income": 49904,
            "revenue": 845423,
            "common_shares": 892000,
            "equity": 1936162,
            "current_ratio": 251.61,
            "debt_ratio": 27.06,
            "inventory_turnover_ratio": 1.71,
            "account_receivable_turnover_ratio": null,
            "reinvestment_rate": null,
            "research_to_sale_ratio": null,
            "price_fair": 185.5,
            "eps_avg_yearly": 5.3,
            "eps_latest_yearly": 2.24,
            "eps_growth_yearly": 30.23
        },
        "20052": {
            "year_quarter": 20052,
            "year": 2005,
            "quarter": 2,
            "eps": 0.71,
            "eps_growth_year": -33.02,
            "eps_4q": 2.78,
            "eps_4q_growth_year": -38.52,
            "roe": 3.35,
            "gross_profit": 121978,
            "gross_margin": 12.46,
            "net_income": 63531,
            "revenue": 979013,
            "common_shares": 892000,
            "equity": 1859574,
            "current_ratio": 202.05,
            "debt_ratio": 33.61,
            "inventory_turnover_ratio": 2.56,
            "account_receivable_turnover_ratio": null,
            "reinvestment_rate": null,
            "research_to_sale_ratio": null,
            "price_fair": 178.88,
            "eps_avg_yearly": 5.11,
            "eps_latest_yearly": 2.84,
            "eps_growth_yearly": 36.14
        },
        "20053": {
            "year_quarter": 20053,
            "year": 2005,
            "quarter": 3,
            "eps": 1.12,
            "eps_growth_year": 5.66,
            "eps_4q": 2.85,
            "eps_4q_growth_year": -29.72,
            "roe": 5.18,
            "gross_profit": 163167,
            "gross_margin": 14.29,
            "net_income": 99888,
            "revenue": 1141696,
            "common_shares": 892000,
            "equity": 1999199,
            "current_ratio": 223.13,
            "debt_ratio": 30.44,
            "inventory_turnover_ratio": 3.15,
            "account_receivable_turnover_ratio": null,
            "reinvestment_rate": null,
            "research_to_sale_ratio": null,
            "price_fair": 177.3,
            "eps_avg_yearly": 5.07,
            "eps_latest_yearly": 4.48,
            "eps_growth_yearly": 50.06
        },
        "20054": {
            "year_quarter": 20054,
            "year": 2005,
            "quarter": 4,
            "eps": 1.68,
            "eps_growth_year": 273.33,
            "eps_4q": 4.07,
            "eps_4q_growth_year": 32.05,
            "roe": 7.24,
            "gross_profit": 187822,
            "gross_margin": 16.32,
            "net_income": 150122,
            "revenue": 1151038,
            "common_shares": 892000,
            "equity": 2149199,
            "current_ratio": 243.11,
            "debt_ratio": 31.24,
            "inventory_turnover_ratio": 2.27,
            "account_receivable_turnover_ratio": null,
            "reinvestment_rate": 14.05,
            "research_to_sale_ratio": null,
            "price_fair": 181.16,
            "eps_avg_yearly": 5.18,
            "eps_latest_yearly": 6.72,
            "eps_growth_yearly": 60.06
        },
        "20061": {
            "year_quarter": 20061,
            "year": 2006,
            "quarter": 1,
            "eps": 1.03,
            "eps_growth_year": 83.93,
            "eps_4q": 4.55,
            "eps_4q_growth_year": 45.41,
            "roe": 4.18,
            "gross_profit": 153512,
            "gross_margin": 13.98,
            "net_income": 91667,
            "revenue": 1098326,
            "common_shares": 892000,
            "equity": 2231975,
            "current_ratio": 273.24,
            "debt_ratio": 23.99,
            "inventory_turnover_ratio": 2.27,
            "account_receivable_turnover_ratio": null,
            "reinvestment_rate": 2.25,
            "research_to_sale_ratio": null,
            "price_fair": 178.85,
            "eps_avg_yearly": 5.11,
            "eps_latest_yearly": 4.12,
            "eps_growth_yearly": 46.63
        },
        "20062": {
            "year_quarter": 20062,
            "year": 2006,
            "quarter": 2,
            "eps": 0.74,
            "eps_growth_year": 4.23,
            "eps_4q": 4.58,
            "eps_4q_growth_year": 64.99,
            "roe": 3.07,
            "gross_profit": 144593,
            "gross_margin": 13.35,
            "net_income": 65864,
            "revenue": 1083326,
            "common_shares": 892000,
            "equity": 2053715,
            "current_ratio": 193.17,
            "debt_ratio": 33.93,
            "inventory_turnover_ratio": 3.36,
            "account_receivable_turnover_ratio": null,
            "reinvestment_rate": 2.56,
            "research_to_sale_ratio": null,
            "price_fair": 174.74,
            "eps_avg_yearly": 4.99,
            "eps_latest_yearly": 2.96,
            "eps_growth_yearly": 32.41
        },
        "20063": {
            "year_quarter": 20063,
            "year": 2006,
            "quarter": 3,
            "eps": 0.83,
            "eps_growth_year": -25.89,
            "eps_4q": 4.27,
            "eps_4q_growth_year": 50,
            "roe": 3.54,
            "gross_profit": 120284,
            "gross_margin": 10.51,
            "net_income": 74253,
            "revenue": 1144600,
            "common_shares": 892000,
            "equity": 2140401,
            "current_ratio": 216.13,
            "debt_ratio": 30.24,
            "inventory_turnover_ratio": 3.38,
            "account_receivable_turnover_ratio": null,
            "reinvestment_rate": 2.29,
            "research_to_sale_ratio": null,
            "price_fair": 143.19,
            "eps_avg_yearly": 4.72,
            "eps_latest_yearly": 3.32,
            "eps_growth_yearly": 20.37
        },
        "20064": {
            "year_quarter": 20064,
            "year": 2006,
            "quarter": 4,
            "eps": 0.5,
            "eps_growth_year": -70.24,
            "eps_4q": 3.07,
            "eps_4q_growth_year": -24.42,
            "roe": 2.08,
            "gross_profit": 139457,
            "gross_margin": 11.16,
            "net_income": 45020,
            "revenue": 1249995,
            "common_shares": 892000,
            "equity": 2194152,
            "current_ratio": 238.78,
            "debt_ratio": 32.49,
            "inventory_turnover_ratio": 2.3,
            "account_receivable_turnover_ratio": null,
            "reinvestment_rate": 7.11,
            "research_to_sale_ratio": null,
            "price_fair": 12.43,
            "eps_avg_yearly": 4.14,
            "eps_latest_yearly": 2,
            "eps_growth_yearly": -0.52
        },
        "20071": {
            "year_quarter": 20071,
            "year": 2007,
            "quarter": 1,
            "eps": 1.03,
            "eps_growth_year": 0,
            "eps_4q": 3.11,
            "eps_4q_growth_year": -31.67,
            "roe": 4.08,
            "gross_profit": 157185,
            "gross_margin": 12.15,
            "net_income": 91628,
            "revenue": 1294188,
            "common_shares": 892000,
            "equity": 2300499,
            "current_ratio": 228.36,
            "debt_ratio": 26.69,
            "inventory_turnover_ratio": 2.43,
            "account_receivable_turnover_ratio": null,
            "reinvestment_rate": 0.15,
            "research_to_sale_ratio": null,
            "price_fair": 142.1,
            "eps_avg_yearly": 4.06,
            "eps_latest_yearly": 4.12,
            "eps_growth_yearly": 38.79
        },
        "20072": {
            "year_quarter": 20072,
            "year": 2007,
            "quarter": 2,
            "eps": 1.29,
            "eps_growth_year": 74.32,
            "eps_4q": 3.65,
            "eps_4q_growth_year": -20.24,
            "roe": 5.09,
            "gross_profit": 167332,
            "gross_margin": 12.98,
            "net_income": 115175,
            "revenue": 1288894,
            "common_shares": 892000,
            "equity": 2221347,
            "current_ratio": 192.08,
            "debt_ratio": 31.55,
            "inventory_turnover_ratio": 4.06,
            "account_receivable_turnover_ratio": null,
            "reinvestment_rate": -0.69,
            "research_to_sale_ratio": null,
            "price_fair": 140.61,
            "eps_avg_yearly": 4.02,
            "eps_latest_yearly": 5.16,
            "eps_growth_yearly": 43.26
        },
        "20073": {
            "year_quarter": 20073,
            "year": 2007,
            "quarter": 3,
            "eps": 0.98,
            "eps_growth_year": 18.07,
            "eps_4q": 3.8,
            "eps_4q_growth_year": -10.98,
            "roe": 3.87,
            "gross_profit": 166782,
            "gross_margin": 12.65,
            "net_income": 87503,
            "revenue": 1318777,
            "common_shares": 892000,
            "equity": 2301301,
            "current_ratio": 218.4,
            "debt_ratio": 27.52,
            "inventory_turnover_ratio": 4.89,
            "account_receivable_turnover_ratio": null,
            "reinvestment_rate": -1.98,
            "research_to_sale_ratio": null,
            "price_fair": 133.26,
            "eps_avg_yearly": 3.81,
            "eps_latest_yearly": 3.92,
            "eps_growth_yearly": 31.09
        },
        "20074": {
            "year_quarter": 20074,
            "year": 2007,
            "quarter": 4,
            "eps": 0.83,
            "eps_growth_year": 66,
            "eps_4q": 4.13,
            "eps_4q_growth_year": 34.23,
            "roe": 3.15,
            "gross_profit": 162248,
            "gross_margin": 12.96,
            "net_income": 74097,
            "revenue": 1251874,
            "common_shares": 892000,
            "equity": 2396784,
            "current_ratio": 244.16,
            "debt_ratio": 32.98,
            "inventory_turnover_ratio": 2.65,
            "account_receivable_turnover_ratio": null,
            "reinvestment_rate": 12.02,
            "research_to_sale_ratio": null,
            "price_fair": 126.35,
            "eps_avg_yearly": 3.61,
            "eps_latest_yearly": 3.32,
            "eps_growth_yearly": 30.01
        },
        "20081": {
            "year_quarter": 20081,
            "year": 2008,
            "quarter": 1,
            "eps": 0.34,
            "eps_growth_year": -66.99,
            "eps_4q": 3.44,
            "eps_4q_growth_year": 10.52,
            "roe": 1.27,
            "gross_profit": 207395,
            "gross_margin": 14.51,
            "net_income": 30372,
            "revenue": 1428954,
            "common_shares": 892000,
            "equity": 2386754,
            "current_ratio": 230.13,
            "debt_ratio": 35.29,
            "inventory_turnover_ratio": 2.07,
            "account_receivable_turnover_ratio": null,
            "reinvestment_rate": 39.94,
            "research_to_sale_ratio": null,
            "price_fair": 124.34,
            "eps_avg_yearly": 3.55,
            "eps_latest_yearly": 1.36,
            "eps_growth_yearly": 31.46
        },
        "20082": {
            "year_quarter": 20082,
            "year": 2008,
            "quarter": 2,
            "eps": 0.84,
            "eps_growth_year": -34.88,
            "eps_4q": 2.99,
            "eps_4q_growth_year": -18.13,
            "roe": 3.26,
            "gross_profit": 213969,
            "gross_margin": 15.89,
            "net_income": 75004,
            "revenue": 1346351,
            "common_shares": 892000,
            "equity": 2212643,
            "current_ratio": 195.16,
            "debt_ratio": 40.58,
            "inventory_turnover_ratio": 1.99,
            "account_receivable_turnover_ratio": null,
            "reinvestment_rate": 40.95,
            "research_to_sale_ratio": null,
            "price_fair": 122.41,
            "eps_avg_yearly": 3.5,
            "eps_latest_yearly": 3.36,
            "eps_growth_yearly": 46.73
        },
        "20083": {
            "year_quarter": 20083,
            "year": 2008,
            "quarter": 3,
            "eps": 1.16,
            "eps_growth_year": 18.37,
            "eps_4q": 3.17,
            "eps_4q_growth_year": -16.52,
            "roe": 4.51,
            "gross_profit": 240382,
            "gross_margin": 16.32,
            "net_income": 103446,
            "revenue": 1472781,
            "common_shares": 892000,
            "equity": 2379274,
            "current_ratio": 228.3,
            "debt_ratio": 34.17,
            "inventory_turnover_ratio": 2.15,
            "account_receivable_turnover_ratio": null,
            "reinvestment_rate": 43.21,
            "research_to_sale_ratio": null,
            "price_fair": 123.29,
            "eps_avg_yearly": 3.52,
            "eps_latest_yearly": 4.64,
            "eps_growth_yearly": 56.25
        },
        "20084": {
            "year_quarter": 20084,
            "year": 2008,
            "quarter": 4,
            "eps": 0.5,
            "eps_growth_year": -39.76,
            "eps_4q": 2.84,
            "eps_4q_growth_year": -31.2,
            "roe": 1.86,
            "gross_profit": 186101,
            "gross_margin": 15.54,
            "net_income": 44640,
            "revenue": 1197204,
            "common_shares": 892000,
            "equity": 2419830,
            "current_ratio": 253.66,
            "debt_ratio": 30.93,
            "inventory_turnover_ratio": 1.78,
            "account_receivable_turnover_ratio": 3.84,
            "reinvestment_rate": 10.2,
            "research_to_sale_ratio": null,
            "price_fair": 123.73,
            "eps_avg_yearly": 3.54,
            "eps_latest_yearly": 2,
            "eps_growth_yearly": 56.42
        },
        "20091": {
            "year_quarter": 20091,
            "year": 2009,
            "quarter": 1,
            "eps": 0.66,
            "eps_growth_year": 94.12,
            "eps_4q": 3.17,
            "eps_4q_growth_year": -7.93,
            "roe": 2.38,
            "gross_profit": 171837,
            "gross_margin": 19.29,
            "net_income": 58759,
            "revenue": 890704,
            "common_shares": 892000,
            "equity": 2512591,
            "current_ratio": 302.31,
            "debt_ratio": 26.28,
            "inventory_turnover_ratio": 1.4,
            "account_receivable_turnover_ratio": 1.58,
            "reinvestment_rate": 43.6,
            "research_to_sale_ratio": null,
            "price_fair": 124.6,
            "eps_avg_yearly": 3.56,
            "eps_latest_yearly": 2.64,
            "eps_growth_yearly": 58.3
        },
        "20092": {
            "year_quarter": 20092,
            "year": 2009,
            "quarter": 2,
            "eps": 0.37,
            "eps_growth_year": -55.95,
            "eps_4q": 2.68,
            "eps_4q_growth_year": -10.23,
            "roe": 1.36,
            "gross_profit": 211002,
            "gross_margin": 23.57,
            "net_income": 33072,
            "revenue": 895200,
            "common_shares": 892000,
            "equity": 2333342,
            "current_ratio": 250.38,
            "debt_ratio": 31.25,
            "inventory_turnover_ratio": 1.46,
            "account_receivable_turnover_ratio": 1.79,
            "reinvestment_rate": 42.77,
            "research_to_sale_ratio": null,
            "price_fair": 121.63,
            "eps_avg_yearly": 3.48,
            "eps_latest_yearly": 1.48,
            "eps_growth_yearly": 40.62
        },
        "20093": {
            "year_quarter": 20093,
            "year": 2009,
            "quarter": 3,
            "eps": 0.78,
            "eps_growth_year": -32.76,
            "eps_4q": 2.31,
            "eps_4q_growth_year": -27.17,
            "roe": 2.95,
            "gross_profit": 180911,
            "gross_margin": 14.94,
            "net_income": 69542,
            "revenue": 1210509,
            "common_shares": 892000,
            "equity": 2382679,
            "current_ratio": 243.66,
            "debt_ratio": 32.67,
            "inventory_turnover_ratio": 2.08,
            "account_receivable_turnover_ratio": 1.98,
            "reinvestment_rate": 42.03,
            "research_to_sale_ratio": null,
            "price_fair": 118.65,
            "eps_avg_yearly": 3.39,
            "eps_latest_yearly": 3.12,
            "eps_growth_yearly": 53.89
        },
        "20094": {
            "year_quarter": 20094,
            "year": 2009,
            "quarter": 4,
            "eps": 0.48,
            "eps_growth_year": -4,
            "eps_4q": 2.29,
            "eps_4q_growth_year": -19.35,
            "roe": 1.79,
            "gross_profit": 191335,
            "gross_margin": 18.34,
            "net_income": 42857,
            "revenue": 1043127,
            "common_shares": 892000,
            "equity": 2416917,
            "current_ratio": 269.37,
            "debt_ratio": 29.57,
            "inventory_turnover_ratio": 1.65,
            "account_receivable_turnover_ratio": 3.69,
            "reinvestment_rate": 93.89,
            "research_to_sale_ratio": null,
            "price_fair": 108.15,
            "eps_avg_yearly": 3.09,
            "eps_latest_yearly": 1.92,
            "eps_growth_yearly": 31.77
        },
        "20101": {
            "year_quarter": 20101,
            "year": 2010,
            "quarter": 1,
            "eps": 0.52,
            "eps_growth_year": -21.21,
            "eps_4q": 2.15,
            "eps_4q_growth_year": -32.16,
            "roe": 1.89,
            "gross_profit": 189340,
            "gross_margin": 17.42,
            "net_income": 46089,
            "revenue": 1086745,
            "common_shares": 892000,
            "equity": 2457165,
            "current_ratio": 273.62,
            "debt_ratio": 29.37,
            "inventory_turnover_ratio": 1.77,
            "account_receivable_turnover_ratio": 1.62,
            "reinvestment_rate": 140.48,
            "research_to_sale_ratio": 3,
            "price_fair": 103.69,
            "eps_avg_yearly": 2.96,
            "eps_latest_yearly": 2.08,
            "eps_growth_yearly": 43.53
        },
        "20102": {
            "year_quarter": 20102,
            "year": 2010,
            "quarter": 2,
            "eps": 0.81,
            "eps_growth_year": 118.43,
            "eps_4q": 2.58,
            "eps_4q_growth_year": -3.69,
            "roe": 2.99,
            "gross_profit": 205476,
            "gross_margin": 18.93,
            "net_income": 72091,
            "revenue": 1085575,
            "common_shares": 892000,
            "equity": 2366473,
            "current_ratio": 224.33,
            "debt_ratio": 35.78,
            "inventory_turnover_ratio": 1.64,
            "account_receivable_turnover_ratio": 1.35,
            "reinvestment_rate": 139.5,
            "research_to_sale_ratio": 3.22,
            "price_fair": 104.3,
            "eps_avg_yearly": 2.98,
            "eps_latest_yearly": 3.24,
            "eps_growth_yearly": 64.51
        },
        "20103": {
            "year_quarter": 20103,
            "year": 2010,
            "quarter": 3,
            "eps": 0.89,
            "eps_growth_year": 14.26,
            "eps_4q": 2.7,
            "eps_4q_growth_year": 16.7,
            "roe": 3.31,
            "gross_profit": 240447,
            "gross_margin": 17.64,
            "net_income": 79496,
            "revenue": 1362743,
            "common_shares": 892000,
            "equity": 2430297,
            "current_ratio": 263.53,
            "debt_ratio": 30.73,
            "inventory_turnover_ratio": 2.23,
            "account_receivable_turnover_ratio": 1.53,
            "reinvestment_rate": 42.58,
            "research_to_sale_ratio": 2.34,
            "price_fair": 104.83,
            "eps_avg_yearly": 3,
            "eps_latest_yearly": 3.56,
            "eps_growth_yearly": 63.94
        },
        "20104": {
            "year_quarter": 20104,
            "year": 2010,
            "quarter": 4,
            "eps": 0.06,
            "eps_growth_year": -88.09,
            "eps_4q": 2.27,
            "eps_4q_growth_year": -0.71,
            "roe": 0.21,
            "gross_profit": 171715,
            "gross_margin": 19.31,
            "net_income": 5101,
            "revenue": 889273,
            "common_shares": 892000,
            "equity": 2381366,
            "current_ratio": 257.2,
            "debt_ratio": 31.51,
            "inventory_turnover_ratio": 1.51,
            "account_receivable_turnover_ratio": 1.16,
            "reinvestment_rate": 86.41,
            "research_to_sale_ratio": 3.72,
            "price_fair": 100.98,
            "eps_avg_yearly": 2.89,
            "eps_latest_yearly": 0.24,
            "eps_growth_yearly": 50.56
        },
        "20111": {
            "year_quarter": 20111,
            "year": 2011,
            "quarter": 1,
            "eps": 0.58,
            "eps_growth_year": 11.54,
            "eps_4q": 2.33,
            "eps_4q_growth_year": 8.6,
            "roe": 2.13,
            "gross_profit": 183270,
            "gross_margin": 17.33,
            "net_income": 51350,
            "revenue": 1057495,
            "common_shares": 892000,
            "equity": 2449437,
            "current_ratio": 273.35,
            "debt_ratio": 29.62,
            "inventory_turnover_ratio": 1.79,
            "account_receivable_turnover_ratio": 1.62,
            "reinvestment_rate": 136.31,
            "research_to_sale_ratio": 2.78,
            "price_fair": 97.04,
            "eps_avg_yearly": 2.77,
            "eps_latest_yearly": 2.32,
            "eps_growth_yearly": 240.73
        },
        "20112": {
            "year_quarter": 20112,
            "year": 2011,
            "quarter": 2,
            "eps": 0.6,
            "eps_growth_year": -25.7,
            "eps_4q": 2.12,
            "eps_4q_growth_year": -17.81,
            "roe": 2.25,
            "gross_profit": 194623,
            "gross_margin": 18.25,
            "net_income": 53562,
            "revenue": 1066487,
            "common_shares": 892000,
            "equity": 2314628,
            "current_ratio": 225.9,
            "debt_ratio": 35.66,
            "inventory_turnover_ratio": 1.73,
            "account_receivable_turnover_ratio": 1.49,
            "reinvestment_rate": 142.82,
            "research_to_sale_ratio": 2.7,
            "price_fair": 91,
            "eps_avg_yearly": 2.6,
            "eps_latest_yearly": 2.4,
            "eps_growth_yearly": 235.28
        },
        "20113": {
            "year_quarter": 20113,
            "year": 2011,
            "quarter": 3,
            "eps": 0.98,
            "eps_growth_year": 10.49,
            "eps_4q": 2.22,
            "eps_4q_growth_year": -17.75,
            "roe": 3.67,
            "gross_profit": 187045,
            "gross_margin": 17.22,
            "net_income": 87835,
            "revenue": 1086033,
            "common_shares": 892000,
            "equity": 2471411,
            "current_ratio": 261.85,
            "debt_ratio": 30.71,
            "inventory_turnover_ratio": 1.68,
            "account_receivable_turnover_ratio": 1.45,
            "reinvestment_rate": 51.33,
            "research_to_sale_ratio": 2.65,
            "price_fair": 91,
            "eps_avg_yearly": 2.6,
            "eps_latest_yearly": 3.92,
            "eps_growth_yearly": 257.12
        },
        "20114": {
            "year_quarter": 20114,
            "year": 2011,
            "quarter": 4,
            "eps": 0.22,
            "eps_growth_year": 292.79,
            "eps_4q": 2.39,
            "eps_4q_growth_year": 4.93,
            "roe": 0.81,
            "gross_profit": 161571,
            "gross_margin": 18.2,
            "net_income": 20036,
            "revenue": 887601,
            "common_shares": 892000,
            "equity": 2474553,
            "current_ratio": 291.07,
            "debt_ratio": 27.78,
            "inventory_turnover_ratio": 1.41,
            "account_receivable_turnover_ratio": 1.44,
            "reinvestment_rate": 107.8,
            "research_to_sale_ratio": 3.4,
            "price_fair": 85.66,
            "eps_avg_yearly": 2.45,
            "eps_latest_yearly": 0.88,
            "eps_growth_yearly": 241.56
        },
        "20121": {
            "year_quarter": 20121,
            "year": 2012,
            "quarter": 1,
            "eps": 0.24,
            "eps_growth_year": -58.62,
            "eps_4q": 2.05,
            "eps_4q_growth_year": -12.15,
            "roe": 0.86,
            "gross_profit": 163212,
            "gross_margin": 16.82,
            "net_income": 21338,
            "revenue": 970142,
            "common_shares": 892000,
            "equity": 2476734,
            "current_ratio": 277.26,
            "debt_ratio": 29.2,
            "inventory_turnover_ratio": 1.65,
            "account_receivable_turnover_ratio": 1.88,
            "reinvestment_rate": 112.63,
            "research_to_sale_ratio": 3.23,
            "price_fair": 84.79,
            "eps_avg_yearly": 2.42,
            "eps_latest_yearly": 0.96,
            "eps_growth_yearly": 258.59
        },
        "20122": {
            "year_quarter": 20122,
            "year": 2012,
            "quarter": 2,
            "eps": 0.86,
            "eps_growth_year": 42.7,
            "eps_4q": 2.31,
            "eps_4q_growth_year": 8.51,
            "roe": 3.15,
            "gross_profit": 206900,
            "gross_margin": 16.8,
            "net_income": 76433,
            "revenue": 1231744,
            "common_shares": 892000,
            "equity": 2371719,
            "current_ratio": 220.62,
            "debt_ratio": 36.52,
            "inventory_turnover_ratio": 2.08,
            "account_receivable_turnover_ratio": 1.79,
            "reinvestment_rate": 115.16,
            "research_to_sale_ratio": 2.44,
            "price_fair": 84.96,
            "eps_avg_yearly": 2.43,
            "eps_latest_yearly": 3.44,
            "eps_growth_yearly": 286.41
        },
        "20123": {
            "year_quarter": 20123,
            "year": 2012,
            "quarter": 3,
            "eps": 0.62,
            "eps_growth_year": -36.55,
            "eps_4q": 1.95,
            "eps_4q_growth_year": -12.29,
            "roe": 2.33,
            "gross_profit": 199882,
            "gross_margin": 17.92,
            "net_income": 55734,
            "revenue": 1115374,
            "common_shares": 892000,
            "equity": 2410992,
            "current_ratio": 263.8,
            "debt_ratio": 30.43,
            "inventory_turnover_ratio": 1.76,
            "account_receivable_turnover_ratio": 1.48,
            "reinvestment_rate": -9.76,
            "research_to_sale_ratio": 3.17,
            "price_fair": 80.24,
            "eps_avg_yearly": 2.29,
            "eps_latest_yearly": 2.48,
            "eps_growth_yearly": 269.91
        },
        "20124": {
            "year_quarter": 20124,
            "year": 2012,
            "quarter": 4,
            "eps": 0.19,
            "eps_growth_year": -16.55,
            "eps_4q": 1.91,
            "eps_4q_growth_year": -20,
            "roe": 0.69,
            "gross_profit": 127858,
            "gross_margin": 14.47,
            "net_income": 16720,
            "revenue": 883500,
            "common_shares": 892000,
            "equity": 2451141,
            "current_ratio": 286.36,
            "debt_ratio": 27.2,
            "inventory_turnover_ratio": 1.38,
            "account_receivable_turnover_ratio": 1.41,
            "reinvestment_rate": 110.67,
            "research_to_sale_ratio": 3.79,
            "price_fair": 77.53,
            "eps_avg_yearly": 2.22,
            "eps_latest_yearly": 0.76,
            "eps_growth_yearly": 266.8
        },
        "20131": {
            "year_quarter": 20131,
            "year": 2013,
            "quarter": 1,
            "eps": 0.28,
            "eps_growth_year": 16.67,
            "eps_4q": 1.95,
            "eps_4q_growth_year": -4.96,
            "roe": 1.01,
            "gross_profit": 128595,
            "gross_margin": 15.68,
            "net_income": 24815,
            "revenue": 820134,
            "common_shares": 892000,
            "equity": 2463034,
            "current_ratio": 324.28,
            "debt_ratio": 25.71,
            "inventory_turnover_ratio": 1.28,
            "account_receivable_turnover_ratio": 1.56,
            "reinvestment_rate": -14.11,
            "research_to_sale_ratio": 3.63,
            "price_fair": 74.2,
            "eps_avg_yearly": 2.12,
            "eps_latest_yearly": 1.12,
            "eps_growth_yearly": 270.64
        },
        "20132": {
            "year_quarter": 20132,
            "year": 2013,
            "quarter": 2,
            "eps": 0.3,
            "eps_growth_year": -64.99,
            "eps_4q": 1.4,
            "eps_4q_growth_year": -39.48,
            "roe": 1.13,
            "gross_profit": 151823,
            "gross_margin": 15.52,
            "net_income": 27177,
            "revenue": 978013,
            "common_shares": 892000,
            "equity": 2342401,
            "current_ratio": 258.04,
            "debt_ratio": 31.84,
            "inventory_turnover_ratio": 1.64,
            "account_receivable_turnover_ratio": 1.68,
            "reinvestment_rate": -11.84,
            "research_to_sale_ratio": 3.12,
            "price_fair": 73.59,
            "eps_avg_yearly": 2.1,
            "eps_latest_yearly": 1.2,
            "eps_growth_yearly": 283.41
        },
        "20133": {
            "year_quarter": 20133,
            "year": 2013,
            "quarter": 3,
            "eps": 0.11,
            "eps_growth_year": -82.4,
            "eps_4q": 0.89,
            "eps_4q_growth_year": -54.5,
            "roe": 0.44,
            "gross_profit": 139854,
            "gross_margin": 14.3,
            "net_income": 10245,
            "revenue": 977991,
            "common_shares": 892000,
            "equity": 2344210,
            "current_ratio": 298.91,
            "debt_ratio": 27.82,
            "inventory_turnover_ratio": 1.84,
            "account_receivable_turnover_ratio": 1.57,
            "reinvestment_rate": -13.31,
            "research_to_sale_ratio": 3.47,
            "price_fair": 67.73,
            "eps_avg_yearly": 1.94,
            "eps_latest_yearly": 0.44,
            "eps_growth_yearly": 239.87
        },
        "20134": {
            "year_quarter": 20134,
            "year": 2013,
            "quarter": 4,
            "eps": 0.45,
            "eps_growth_year": 142.54,
            "eps_4q": 1.15,
            "eps_4q_growth_year": -39.62,
            "roe": 1.71,
            "gross_profit": 167915,
            "gross_margin": 19.38,
            "net_income": 40553,
            "revenue": 866497,
            "common_shares": 892000,
            "equity": 2402767,
            "current_ratio": 291.5,
            "debt_ratio": 28.46,
            "inventory_turnover_ratio": 1.49,
            "account_receivable_turnover_ratio": 1.57,
            "reinvestment_rate": -157.32,
            "research_to_sale_ratio": 4.27,
            "price_fair": 67.46,
            "eps_avg_yearly": 1.93,
            "eps_latest_yearly": 1.8,
            "eps_growth_yearly": 326.76
        },
        "20141": {
            "year_quarter": 20141,
            "year": 2014,
            "quarter": 1,
            "eps": 0.17,
            "eps_growth_year": -39.29,
            "eps_4q": 1.04,
            "eps_4q_growth_year": -46.57,
            "roe": 0.62,
            "gross_profit": 135985,
            "gross_margin": 15.75,
            "net_income": 14833,
            "revenue": 863529,
            "common_shares": 892000,
            "equity": 2414560,
            "current_ratio": 310.65,
            "debt_ratio": 26.96,
            "inventory_turnover_ratio": 1.5,
            "account_receivable_turnover_ratio": 1.64,
            "reinvestment_rate": -164.52,
            "research_to_sale_ratio": 3.76,
            "price_fair": 64.4,
            "eps_avg_yearly": 1.84,
            "eps_latest_yearly": 0.68,
            "eps_growth_yearly": 309.12
        },
        "20142": {
            "year_quarter": 20142,
            "year": 2014,
            "quarter": 2,
            "eps": 0.5,
            "eps_growth_year": 66.67,
            "eps_4q": 1.24,
            "eps_4q_growth_year": -11.24,
            "roe": 1.92,
            "gross_profit": 163102,
            "gross_margin": 17.73,
            "net_income": 44825,
            "revenue": 919919,
            "common_shares": 892000,
            "equity": 2266404,
            "current_ratio": 261.44,
            "debt_ratio": 31.76,
            "inventory_turnover_ratio": 1.72,
            "account_receivable_turnover_ratio": 1.63,
            "reinvestment_rate": -175.96,
            "research_to_sale_ratio": 3.32,
            "price_fair": 61.69,
            "eps_avg_yearly": 1.76,
            "eps_latest_yearly": 2,
            "eps_growth_yearly": 343.71
        },
        "20143": {
            "year_quarter": 20143,
            "year": 2014,
            "quarter": 3,
            "eps": 0.55,
            "eps_growth_year": 400,
            "eps_4q": 1.67,
            "eps_4q_growth_year": 88.93,
            "roe": 2.13,
            "gross_profit": 155645,
            "gross_margin": 17.18,
            "net_income": 48960,
            "revenue": 905832,
            "common_shares": 892000,
            "equity": 2333588,
            "current_ratio": 309.25,
            "debt_ratio": 27.32,
            "inventory_turnover_ratio": 1.88,
            "account_receivable_turnover_ratio": 1.63,
            "reinvestment_rate": -13.73,
            "research_to_sale_ratio": 3.46,
            "price_fair": 58.71,
            "eps_avg_yearly": 1.68,
            "eps_latest_yearly": 2.2,
            "eps_growth_yearly": 343.74
        },
        "20144": {
            "year_quarter": 20144,
            "year": 2014,
            "quarter": 4,
            "eps": 0.53,
            "eps_growth_year": 15.54,
            "eps_4q": 1.74,
            "eps_4q_growth_year": 51.25,
            "roe": 1.99,
            "gross_profit": 154619,
            "gross_margin": 17.61,
            "net_income": 46856,
            "revenue": 877869,
            "common_shares": 892000,
            "equity": 2384247,
            "current_ratio": 307.11,
            "debt_ratio": 28.47,
            "inventory_turnover_ratio": 1.89,
            "account_receivable_turnover_ratio": 1.69,
            "reinvestment_rate": -152.5,
            "research_to_sale_ratio": 3.56,
            "price_fair": 62.83,
            "eps_avg_yearly": 1.8,
            "eps_latest_yearly": 2.12,
            "eps_growth_yearly": 366.15
        },
        "20151": {
            "year_quarter": 20151,
            "year": 2015,
            "quarter": 1,
            "eps": 0.5,
            "eps_growth_year": 194.12,
            "eps_4q": 2.08,
            "eps_4q_growth_year": 99.56,
            "roe": 1.85,
            "gross_profit": 168392,
            "gross_margin": 21.2,
            "net_income": 44564,
            "revenue": 794450,
            "common_shares": 892000,
            "equity": 2422053,
            "current_ratio": 356.09,
            "debt_ratio": 25.22,
            "inventory_turnover_ratio": 1.66,
            "account_receivable_turnover_ratio": 1.67,
            "reinvestment_rate": -157.94,
            "research_to_sale_ratio": 3.73,
            "price_fair": 62.13,
            "eps_avg_yearly": 1.78,
            "eps_latest_yearly": 2,
            "eps_growth_yearly": 148.07
        },
        "20152": {
            "year_quarter": 20152,
            "year": 2015,
            "quarter": 2,
            "eps": 0.56,
            "eps_growth_year": 12,
            "eps_4q": 2.13,
            "eps_4q_growth_year": 72.07,
            "roe": 2.1,
            "gross_profit": 170422,
            "gross_margin": 20.52,
            "net_income": 49678,
            "revenue": 830509,
            "common_shares": 892000,
            "equity": 2300961,
            "current_ratio": 278.26,
            "debt_ratio": 31.37,
            "inventory_turnover_ratio": 1.71,
            "account_receivable_turnover_ratio": 1.64,
            "reinvestment_rate": -156.22,
            "research_to_sale_ratio": 3.69,
            "price_fair": 61.78,
            "eps_avg_yearly": 1.77,
            "eps_latest_yearly": 2.24,
            "eps_growth_yearly": 150.2
        },
        "20153": {
            "year_quarter": 20153,
            "year": 2015,
            "quarter": 3,
            "eps": 0.89,
            "eps_growth_year": 61.82,
            "eps_4q": 2.47,
            "eps_4q_growth_year": 47.8,
            "roe": 3.37,
            "gross_profit": 161986,
            "gross_margin": 20.35,
            "net_income": 79383,
            "revenue": 795989,
            "common_shares": 892000,
            "equity": 2408879,
            "current_ratio": 363.01,
            "debt_ratio": 24.93,
            "inventory_turnover_ratio": 1.75,
            "account_receivable_turnover_ratio": 1.46,
            "reinvestment_rate": -21.47,
            "research_to_sale_ratio": 3.77,
            "price_fair": 60.99,
            "eps_avg_yearly": 1.74,
            "eps_latest_yearly": 3.56,
            "eps_growth_yearly": 149.1
        },
        "20154": {
            "year_quarter": 20154,
            "year": 2015,
            "quarter": 4,
            "eps": 0.29,
            "eps_growth_year": -43.96,
            "eps_4q": 2.24,
            "eps_4q_growth_year": 28.56,
            "roe": 1.09,
            "gross_profit": 129640,
            "gross_margin": 18.13,
            "net_income": 26258,
            "revenue": 714870,
            "common_shares": 892000,
            "equity": 2392258,
            "current_ratio": 361.76,
            "debt_ratio": 25.6,
            "inventory_turnover_ratio": 1.85,
            "account_receivable_turnover_ratio": 1.53,
            "reinvestment_rate": -187.86,
            "research_to_sale_ratio": 4.65,
            "price_fair": 61.6,
            "eps_avg_yearly": 1.76,
            "eps_latest_yearly": 1.16,
            "eps_growth_yearly": 151.64
        },
        "20161": {
            "year_quarter": 20161,
            "year": 2016,
            "quarter": 1,
            "eps": 0.46,
            "eps_growth_year": -8,
            "eps_4q": 2.2,
            "eps_4q_growth_year": 6.01,
            "roe": 1.7,
            "gross_profit": 156911,
            "gross_margin": 20.18,
            "net_income": 41009,
            "revenue": 777724,
            "common_shares": 892000,
            "equity": 2429021,
            "current_ratio": 378.93,
            "debt_ratio": 24.78,
            "inventory_turnover_ratio": 2.13,
            "account_receivable_turnover_ratio": 1.85,
            "reinvestment_rate": -185.21,
            "research_to_sale_ratio": 3.77,
            "price_fair": 63.53,
            "eps_avg_yearly": 1.82,
            "eps_latest_yearly": 1.84,
            "eps_growth_yearly": 164.02
        },
        "20162": {
            "year_quarter": 20162,
            "year": 2016,
            "quarter": 2,
            "eps": 1.1,
            "eps_growth_year": 96.43,
            "eps_4q": 2.74,
            "eps_4q_growth_year": 28.73,
            "roe": 4.12,
            "gross_profit": 203112,
            "gross_margin": 23.02,
            "net_income": 98019,
            "revenue": 882228,
            "common_shares": 892000,
            "equity": 2327896,
            "current_ratio": 273.18,
            "debt_ratio": 32.97,
            "inventory_turnover_ratio": 2.26,
            "account_receivable_turnover_ratio": 1.82,
            "reinvestment_rate": -188.62,
            "research_to_sale_ratio": 3.62,
            "price_fair": 65.63,
            "eps_avg_yearly": 1.88,
            "eps_latest_yearly": 4.4,
            "eps_growth_yearly": 134.22
        },
        "20163": {
            "year_quarter": 20163,
            "year": 2016,
            "quarter": 3,
            "eps": 0.84,
            "eps_growth_year": -5.62,
            "eps_4q": 2.69,
            "eps_4q_growth_year": 8.78,
            "roe": 3.17,
            "gross_profit": 197886,
            "gross_margin": 20.91,
            "net_income": 74557,
            "revenue": 946456,
            "common_shares": 892000,
            "equity": 2377397,
            "current_ratio": 317.61,
            "debt_ratio": 28.82,
            "inventory_turnover_ratio": 2.14,
            "account_receivable_turnover_ratio": 1.72,
            "reinvestment_rate": -34.55,
            "research_to_sale_ratio": 3.5,
            "price_fair": 67.55,
            "eps_avg_yearly": 1.93,
            "eps_latest_yearly": 3.36,
            "eps_growth_yearly": 135.29
        },
        "20164": {
            "year_quarter": 20164,
            "year": 2016,
            "quarter": 4,
            "eps": 0.99,
            "eps_growth_year": 237.88,
            "eps_4q": 3.39,
            "eps_4q_growth_year": 51.24,
            "roe": 3.67,
            "gross_profit": 192961,
            "gross_margin": 22.07,
            "net_income": 88721,
            "revenue": 874276,
            "common_shares": 892000,
            "equity": 2452068,
            "current_ratio": 293.89,
            "debt_ratio": 29.51,
            "inventory_turnover_ratio": 1.68,
            "account_receivable_turnover_ratio": 1.53,
            "reinvestment_rate": -142.06,
            "research_to_sale_ratio": 3.6,
            "price_fair": 74.55,
            "eps_avg_yearly": 2.13,
            "eps_latest_yearly": 3.96,
            "eps_growth_yearly": 157.09
        },
        "20171": {
            "year_quarter": 20171,
            "year": 2017,
            "quarter": 1,
            "eps": 0.17,
            "eps_growth_year": -63.04,
            "eps_4q": 3.1,
            "eps_4q_growth_year": 40.68,
            "roe": 0.61,
            "gross_profit": 126685,
            "gross_margin": 20.05,
            "net_income": 14891,
            "revenue": 631963,
            "common_shares": 892000,
            "equity": 2430978,
            "current_ratio": 334.28,
            "debt_ratio": 26.3,
            "inventory_turnover_ratio": 1.15,
            "account_receivable_turnover_ratio": 1.2,
            "reinvestment_rate": -17.17,
            "research_to_sale_ratio": 5.05,
            "price_fair": 73.59,
            "eps_avg_yearly": 2.1,
            "eps_latest_yearly": 0.68,
            "eps_growth_yearly": 124.54
        },
        "20172": {
            "year_quarter": 20172,
            "year": 2017,
            "quarter": 2,
            "eps": 0.5,
            "eps_growth_year": -54.55,
            "eps_4q": 2.49,
            "eps_4q_growth_year": -9.07,
            "roe": 1.9,
            "gross_profit": 150783,
            "gross_margin": 20.32,
            "net_income": 44305,
            "revenue": 742181,
            "common_shares": 892000,
            "equity": 2223949,
            "current_ratio": 257.2,
            "debt_ratio": 33.38,
            "inventory_turnover_ratio": 1.35,
            "account_receivable_turnover_ratio": 1.52,
            "reinvestment_rate": -16.38,
            "research_to_sale_ratio": 4.49,
            "price_fair": 75.34,
            "eps_avg_yearly": 2.15,
            "eps_latest_yearly": 2,
            "eps_growth_yearly": 171.28
        },
        "20173": {
            "year_quarter": 20173,
            "year": 2017,
            "quarter": 3,
            "eps": 0.57,
            "eps_growth_year": -32.14,
            "eps_4q": 2.23,
            "eps_4q_growth_year": -17.04,
            "roe": 2.26,
            "gross_profit": 156910,
            "gross_margin": 18.68,
            "net_income": 51064,
            "revenue": 839853,
            "common_shares": 892000,
            "equity": 2285602,
            "current_ratio": 302.71,
            "debt_ratio": 29.12,
            "inventory_turnover_ratio": 1.55,
            "account_receivable_turnover_ratio": 1.61,
            "reinvestment_rate": -16.84,
            "research_to_sale_ratio": 3.74,
            "price_fair": 79.36,
            "eps_avg_yearly": 2.27,
            "eps_latest_yearly": 2.28,
            "eps_growth_yearly": 190.62
        },
        "20174": {
            "year_quarter": 20174,
            "year": 2017,
            "quarter": 4,
            "eps": 1.06,
            "eps_growth_year": 6.94,
            "eps_4q": 2.3,
            "eps_4q_growth_year": -32.14,
            "roe": 4.07,
            "gross_profit": 160839,
            "gross_margin": 19.25,
            "net_income": 94876,
            "revenue": 835513,
            "common_shares": 892000,
            "equity": 2378183,
            "current_ratio": 324.86,
            "debt_ratio": 27.62,
            "inventory_turnover_ratio": 1.59,
            "account_receivable_turnover_ratio": 1.44,
            "reinvestment_rate": -16.71,
            "research_to_sale_ratio": 4.25,
            "price_fair": 84.7,
            "eps_avg_yearly": 2.42,
            "eps_latest_yearly": 4.24,
            "eps_growth_yearly": 134.83
        },
        "20181": {
            "year_quarter": 20181,
            "year": 2018,
            "quarter": 1,
            "eps": 0.25,
            "eps_growth_year": 47.06,
            "eps_4q": 2.38,
            "eps_4q_growth_year": -23.09,
            "roe": 0.93,
            "gross_profit": 122527,
            "gross_margin": 17.35,
            "net_income": 22183,
            "revenue": 706258,
            "common_shares": 892000,
            "equity": 2412416,
            "current_ratio": 384.73,
            "debt_ratio": 23.91,
            "inventory_turnover_ratio": 1.41,
            "account_receivable_turnover_ratio": 1.3,
            "reinvestment_rate": -15.07,
            "research_to_sale_ratio": 4.42,
            "price_fair": 85.4,
            "eps_avg_yearly": 2.44,
            "eps_latest_yearly": 1,
            "eps_growth_yearly": 131.29
        },
        "20182": {
            "year_quarter": 20182,
            "year": 2018,
            "quarter": 2,
            "eps": 0.55,
            "eps_growth_year": 10,
            "eps_4q": 2.44,
            "eps_4q_growth_year": -2.34,
            "roe": 2.1,
            "gross_profit": 132676,
            "gross_margin": 16.95,
            "net_income": 49136,
            "revenue": 782544,
            "common_shares": 892000,
            "equity": 2270211,
            "current_ratio": 265.79,
            "debt_ratio": 33.19,
            "inventory_turnover_ratio": 1.39,
            "account_receivable_turnover_ratio": 1.39,
            "reinvestment_rate": -14.73,
            "research_to_sale_ratio": 4.13,
            "price_fair": 85.84,
            "eps_avg_yearly": 2.45,
            "eps_latest_yearly": 2.2,
            "eps_growth_yearly": 112.76
        },
        "20183": {
            "year_quarter": 20183,
            "year": 2018,
            "quarter": 3,
            "eps": 0.8,
            "eps_growth_year": 40.35,
            "eps_4q": 2.66,
            "eps_4q_growth_year": 19.41,
            "roe": 3.11,
            "gross_profit": 191805,
            "gross_margin": 18.82,
            "net_income": 71411,
            "revenue": 1019357,
            "common_shares": 892000,
            "equity": 2322905,
            "current_ratio": 301.19,
            "debt_ratio": 30.21,
            "inventory_turnover_ratio": 1.54,
            "account_receivable_turnover_ratio": 1.37,
            "reinvestment_rate": -20.34,
            "research_to_sale_ratio": 3.3,
            "price_fair": 88.03,
            "eps_avg_yearly": 2.52,
            "eps_latest_yearly": 3.2,
            "eps_growth_yearly": 121.62
        },
        "20184": {
            "year_quarter": 20184,
            "year": 2018,
            "quarter": 4,
            "eps": 1.35,
            "eps_growth_year": 27.2,
            "eps_4q": 2.95,
            "eps_4q_growth_year": 28.41,
            "roe": 5.06,
            "gross_profit": 139048,
            "gross_margin": 18.48,
            "net_income": 120682,
            "revenue": 752618,
            "common_shares": 892000,
            "equity": 2443068,
            "current_ratio": 361.47,
            "debt_ratio": 26.24,
            "inventory_turnover_ratio": 1.01,
            "account_receivable_turnover_ratio": 1.1,
            "reinvestment_rate": -18.83,
            "research_to_sale_ratio": 4.53,
            "price_fair": 95.2,
            "eps_avg_yearly": 2.72,
            "eps_latest_yearly": 5.4,
            "eps_growth_yearly": 139.72
        },
        "20191": {
            "year_quarter": 20191,
            "year": 2019,
            "quarter": 1,
            "eps": 0.55,
            "eps_growth_year": 120,
            "eps_4q": 3.25,
            "eps_4q_growth_year": 36.65,
            "roe": 1.98,
            "gross_profit": 147229,
            "gross_margin": 18.16,
            "net_income": 49054,
            "revenue": 810646,
            "common_shares": 892000,
            "equity": 2507188,
            "current_ratio": 358.18,
            "debt_ratio": 26.55,
            "inventory_turnover_ratio": 1.07,
            "account_receivable_turnover_ratio": 1.57,
            "reinvestment_rate": -15.31,
            "research_to_sale_ratio": 3.87,
            "price_fair": 95.64,
            "eps_avg_yearly": 2.73,
            "eps_latest_yearly": 2.2,
            "eps_growth_yearly": 126.32
        },
        "20192": {
            "year_quarter": 20192,
            "year": 2019,
            "quarter": 2,
            "eps": 0.95,
            "eps_growth_year": 72.73,
            "eps_4q": 3.65,
            "eps_4q_growth_year": 49.94,
            "roe": 3.49,
            "gross_profit": 186768,
            "gross_margin": 21.27,
            "net_income": 84610,
            "revenue": 878112,
            "common_shares": 892000,
            "equity": 2342775,
            "current_ratio": 246.31,
            "debt_ratio": 36.94,
            "inventory_turnover_ratio": 1.08,
            "account_receivable_turnover_ratio": 1.6,
            "reinvestment_rate": -10.33,
            "research_to_sale_ratio": 3.57,
            "price_fair": 99.05,
            "eps_avg_yearly": 2.83,
            "eps_latest_yearly": 3.8,
            "eps_growth_yearly": 141.5
        },
        "20193": {
            "year_quarter": 20193,
            "year": 2019,
            "quarter": 3,
            "eps": 0.88,
            "eps_growth_year": 10,
            "eps_4q": 3.73,
            "eps_4q_growth_year": 40.19,
            "roe": 3.32,
            "gross_profit": 187102,
            "gross_margin": 21.95,
            "net_income": 78755,
            "revenue": 852482,
            "common_shares": 892000,
            "equity": 2397370,
            "current_ratio": 336.79,
            "debt_ratio": 27.65,
            "inventory_turnover_ratio": 0.96,
            "account_receivable_turnover_ratio": 1.46,
            "reinvestment_rate": -11.95,
            "research_to_sale_ratio": 4.08,
            "price_fair": 98.96,
            "eps_avg_yearly": 2.83,
            "eps_latest_yearly": 3.52,
            "eps_growth_yearly": 124.92
        },
        "20194": {
            "year_quarter": 20194,
            "year": 2019,
            "quarter": 4,
            "eps": 0.3,
            "eps_growth_year": -77.52,
            "eps_4q": 2.69,
            "eps_4q_growth_year": -9.06,
            "roe": 1.13,
            "gross_profit": 157117,
            "gross_margin": 22.64,
            "net_income": 27130,
            "revenue": 693937,
            "common_shares": 892000,
            "equity": 2418995,
            "current_ratio": 380.63,
            "debt_ratio": 24.71,
            "inventory_turnover_ratio": 0.74,
            "account_receivable_turnover_ratio": 1.31,
            "reinvestment_rate": -10.88,
            "research_to_sale_ratio": 4.64,
            "price_fair": 99.05,
            "eps_avg_yearly": 2.83,
            "eps_latest_yearly": 1.2,
            "eps_growth_yearly": 125.3
        },
        "20201": {
            "year_quarter": 20201,
            "year": 2020,
            "quarter": 1,
            "eps": 0.19,
            "eps_growth_year": -65.45,
            "eps_4q": 2.32,
            "eps_4q_growth_year": -28.65,
            "roe": 0.72,
            "gross_profit": 93425,
            "gross_margin": 16.85,
            "net_income": 16628,
            "revenue": 554531,
            "common_shares": 892000,
            "equity": 2208362,
            "current_ratio": 312.83,
            "debt_ratio": 29.25,
            "inventory_turnover_ratio": 0.61,
            "account_receivable_turnover_ratio": 1.3,
            "reinvestment_rate": -9.55,
            "research_to_sale_ratio": 5.01,
            "price_fair": 96.69,
            "eps_avg_yearly": 2.76,
            "eps_latest_yearly": 0.76,
            "eps_growth_yearly": 101.48
        },
        "20202": {
            "year_quarter": 20202,
            "year": 2020,
            "quarter": 2,
            "eps": 0.77,
            "eps_growth_year": -18.95,
            "eps_4q": 2.14,
            "eps_4q_growth_year": -41.31,
            "roe": 3.07,
            "gross_profit": 172309,
            "gross_margin": 22.5,
            "net_income": 68677,
            "revenue": 765652,
            "common_shares": 892000,
            "equity": 2267830,
            "current_ratio": 279.89,
            "debt_ratio": 32.56,
            "inventory_turnover_ratio": 0.74,
            "account_receivable_turnover_ratio": 1.72,
            "reinvestment_rate": -7.98,
            "research_to_sale_ratio": 3.69,
            "price_fair": 93.8,
            "eps_avg_yearly": 2.68,
            "eps_latest_yearly": 3.08,
            "eps_growth_yearly": 143.01
        },
        "20203": {
            "year_quarter": 20203,
            "year": 2020,
            "quarter": 3,
            "eps": 1.42,
            "eps_growth_year": 61.36,
            "eps_4q": 2.68,
            "eps_4q_growth_year": -28.18,
            "roe": 5.43,
            "gross_profit": 267829,
            "gross_margin": 23.91,
            "net_income": 126791,
            "revenue": 1120104,
            "common_shares": 892000,
            "equity": 2405873,
            "current_ratio": 297.37,
            "debt_ratio": 31.24,
            "inventory_turnover_ratio": 0.98,
            "account_receivable_turnover_ratio": 1.81,
            "reinvestment_rate": -4.96,
            "research_to_sale_ratio": 2.57,
            "price_fair": 98.88,
            "eps_avg_yearly": 2.83,
            "eps_latest_yearly": 5.68,
            "eps_growth_yearly": 170.03
        },
        "20204": {
            "year_quarter": 20204,
            "year": 2020,
            "quarter": 4,
            "eps": 0.97,
            "eps_growth_year": 219.15,
            "eps_4q": 3.35,
            "eps_4q_growth_year": 24.68,
            "roe": 3.53,
            "gross_profit": 231108,
            "gross_margin": 21.57,
            "net_income": 86585,
            "revenue": 1071462,
            "common_shares": 892000,
            "equity": 2505777,
            "current_ratio": 293.35,
            "debt_ratio": 31.73,
            "inventory_turnover_ratio": 0.87,
            "account_receivable_turnover_ratio": 1.42,
            "reinvestment_rate": -16.88,
            "research_to_sale_ratio": 3.17,
            "price_fair": 98.7,
            "eps_avg_yearly": 2.82,
            "eps_latest_yearly": 3.88,
            "eps_growth_yearly": 157.64
        },
        "20211": {
            "year_quarter": 20211,
            "year": 2021,
            "quarter": 1,
            "eps": 0.89,
            "eps_growth_year": 368.42,
            "eps_4q": 4.05,
            "eps_4q_growth_year": 74.53,
            "roe": 3.3,
            "gross_profit": 200687,
            "gross_margin": 19.46,
            "net_income": 79430,
            "revenue": 1031478,
            "common_shares": 892000,
            "equity": 2313076,
            "current_ratio": 236.25,
            "debt_ratio": 38.54,
            "inventory_turnover_ratio": 0.76,
            "account_receivable_turnover_ratio": 1.29,
            "reinvestment_rate": -12.84,
            "research_to_sale_ratio": 2.71,
            "price_fair": 105,
            "eps_avg_yearly": 3,
            "eps_latest_yearly": 3.56,
            "eps_growth_yearly": 176.28
        },
        "20212": {
            "year_quarter": 20212,
            "year": 2021,
            "quarter": 2,
            "eps": 0.59,
            "eps_growth_year": -23.38,
            "eps_4q": 3.87,
            "eps_4q_growth_year": 80.75,
            "roe": 2.26,
            "gross_profit": 179450,
            "gross_margin": 19.86,
            "net_income": 52770,
            "revenue": 903803,
            "common_shares": 892000,
            "equity": 2360020,
            "current_ratio": 252.86,
            "debt_ratio": 36.13,
            "inventory_turnover_ratio": 0.6,
            "account_receivable_turnover_ratio": 1.24,
            "reinvestment_rate": -12.45,
            "research_to_sale_ratio": 3.07,
            "price_fair": 105.79,
            "eps_avg_yearly": 3.02,
            "eps_latest_yearly": 2.36,
            "eps_growth_yearly": 119.33
        },
        "20213": {
            "year_quarter": 20213,
            "year": 2021,
            "quarter": 3,
            "eps": 1.26,
            "eps_growth_year": -11.27,
            "eps_4q": 3.71,
            "eps_4q_growth_year": 38.4,
            "roe": 4.65,
            "gross_profit": 239466,
            "gross_margin": 22.47,
            "net_income": 112296,
            "revenue": 1065809,
            "common_shares": 892000,
            "equity": 2468747,
            "current_ratio": 334.82,
            "debt_ratio": 28,
            "inventory_turnover_ratio": 0.67,
            "account_receivable_turnover_ratio": 1.61,
            "reinvestment_rate": -9.03,
            "research_to_sale_ratio": 2.8,
            "price_fair": 111.83,
            "eps_avg_yearly": 3.2,
            "eps_latest_yearly": 5.04,
            "eps_growth_yearly": 144.22
        },
        "20214": {
            "year_quarter": 20214,
            "year": 2021,
            "quarter": 4,
            "eps": 0.64,
            "eps_growth_year": -34.17,
            "eps_4q": 3.38,
            "eps_4q_growth_year": 0.94,
            "roe": 2.28,
            "gross_profit": 174205,
            "gross_margin": 19.02,
            "net_income": 57003,
            "revenue": 915670,
            "common_shares": 892000,
            "equity": 2533941,
            "current_ratio": 329.6,
            "debt_ratio": 28.26,
            "inventory_turnover_ratio": 0.64,
            "account_receivable_turnover_ratio": 1.48,
            "reinvestment_rate": -8.7,
            "research_to_sale_ratio": 2.97,
            "price_fair": 108.15,
            "eps_avg_yearly": 3.09,
            "eps_latest_yearly": 2.56,
            "eps_growth_yearly": 110.42
        },
        "20221": {
            "year_quarter": 20221,
            "year": 2022,
            "quarter": 1,
            "eps": 0.9,
            "eps_growth_year": 1.12,
            "eps_4q": 3.39,
            "eps_4q_growth_year": -16.47,
            "roe": 3.26,
            "gross_profit": 141029,
            "gross_margin": 19.83,
            "net_income": 79880,
            "revenue": 711325,
            "common_shares": 892000,
            "equity": 2367984,
            "current_ratio": 288.31,
            "debt_ratio": 31.76,
            "inventory_turnover_ratio": 0.52,
            "account_receivable_turnover_ratio": 1.41,
            "reinvestment_rate": -6.96,
            "research_to_sale_ratio": 3.6,
            "price_fair": 113.84,
            "eps_avg_yearly": 3.25,
            "eps_latest_yearly": 3.6,
            "eps_growth_yearly": 139.68
        },
        "20222": {
            "year_quarter": 20222,
            "year": 2022,
            "quarter": 2,
            "eps": 0.78,
            "eps_growth_year": 32.2,
            "eps_4q": 3.57,
            "eps_4q_growth_year": -7.86,
            "roe": 2.89,
            "gross_profit": 146905,
            "gross_margin": 20.89,
            "net_income": 69239,
            "revenue": 703135,
            "common_shares": 892000,
            "equity": 2423323,
            "current_ratio": 299.11,
            "debt_ratio": 30.56,
            "inventory_turnover_ratio": 0.51,
            "account_receivable_turnover_ratio": 1.52,
            "reinvestment_rate": -5.24,
            "research_to_sale_ratio": 4.13,
            "price_fair": 115.85,
            "eps_avg_yearly": 3.31,
            "eps_latest_yearly": 3.12,
            "eps_growth_yearly": 106.35
        },
        "20223": {
            "year_quarter": 20223,
            "year": 2022,
            "quarter": 3,
            "eps": 1.1,
            "eps_growth_year": -12.7,
            "eps_4q": 3.41,
            "eps_4q_growth_year": -8.19,
            "roe": 3.96,
            "gross_profit": 172818,
            "gross_margin": 22.92,
            "net_income": 97834,
            "revenue": 754108,
            "common_shares": 892000,
            "equity": 2523816,
            "current_ratio": 354.52,
            "debt_ratio": 25.41,
            "inventory_turnover_ratio": 0.51,
            "account_receivable_turnover_ratio": 1.59,
            "reinvestment_rate": -0.26,
            "research_to_sale_ratio": 3.91,
            "price_fair": 118.48,
            "eps_avg_yearly": 3.39,
            "eps_latest_yearly": 4.4,
            "eps_growth_yearly": 105.24
        },
        "20224": {
            "year_quarter": 20224,
            "year": 2022,
            "quarter": 4,
            "eps": 0.95,
            "eps_growth_year": 49.35,
            "eps_4q": 3.72,
            "eps_4q_growth_year": 10.15,
            "roe": 3.3,
            "gross_profit": 228284,
            "gross_margin": 27.2,
            "net_income": 85136,
            "revenue": 839155,
            "common_shares": 892000,
            "equity": 2640528,
            "current_ratio": 380.11,
            "debt_ratio": 22.6,
            "inventory_turnover_ratio": 0.56,
            "account_receivable_turnover_ratio": 1.63,
            "reinvestment_rate": -0.32,
            "research_to_sale_ratio": 3.18,
            "price_fair": 114.98,
            "eps_avg_yearly": 3.29,
            "eps_latest_yearly": 3.8,
            "eps_growth_yearly": 84.65
        },
        "20231": {
            "year_quarter": 20231,
            "year": 2023,
            "quarter": 1,
            "eps": 0.71,
            "eps_growth_year": -21.11,
            "eps_4q": 3.54,
            "eps_4q_growth_year": 4.51,
            "roe": 2.49,
            "gross_profit": 165662,
            "gross_margin": 24.35,
            "net_income": 63352,
            "revenue": 680292,
            "common_shares": 892000,
            "equity": 2444025,
            "current_ratio": 308.68,
            "debt_ratio": 27.41,
            "inventory_turnover_ratio": 0.52,
            "account_receivable_turnover_ratio": 1.33,
            "reinvestment_rate": -1.22,
            "research_to_sale_ratio": 3.77,
            "price_fair": 116.38,
            "eps_avg_yearly": 3.33,
            "eps_latest_yearly": 2.84,
            "eps_growth_yearly": 93.15
        }
    },
    "months": {
        "2002-12": {
            "month": "2002-12",
            "price": "55.33",
            "revenue": 298966
        },
        "2003-01": {
            "month": "2003-01",
            "price": "57.11",
            "revenue": 264060
        },
        "2003-02": {
            "month": "2003-02",
            "price": "60.00",
            "revenue": 190332
        },
        "2003-03": {
            "month": "2003-03",
            "price": "57.95",
            "revenue": 241101
        },
        "2003-04": {
            "month": "2003-04",
            "price": "57.43",
            "revenue": 264012
        },
        "2003-05": {
            "month": "2003-05",
            "price": "57.74",
            "revenue": 238930
        },
        "2003-06": {
            "month": "2003-06",
            "price": "65.95",
            "revenue": 301684
        },
        "2003-07": {
            "month": "2003-07",
            "price": "71.41",
            "revenue": 313559
        },
        "2003-08": {
            "month": "2003-08",
            "price": "66.93",
            "revenue": 317088
        },
        "2003-09": {
            "month": "2003-09",
            "price": "58.98",
            "revenue": 335837
        },
        "2003-10": {
            "month": "2003-10",
            "price": "53.66",
            "revenue": 426753
        },
        "2003-11": {
            "month": "2003-11",
            "price": "57.50",
            "revenue": 355921
        },
        "2003-12": {
            "month": "2003-12",
            "price": "57.17",
            "revenue": 361045
        },
        "2004-01": {
            "month": "2004-01",
            "price": "58.70",
            "revenue": 250958
        },
        "2004-02": {
            "month": "2004-02",
            "price": "60.42",
            "revenue": 253642
        },
        "2004-03": {
            "month": "2004-03",
            "price": "56.72",
            "revenue": 302091
        },
        "2004-04": {
            "month": "2004-04",
            "price": "53.37",
            "revenue": 296352
        },
        "2004-05": {
            "month": "2004-05",
            "price": "43.15",
            "revenue": 283495
        },
        "2004-06": {
            "month": "2004-06",
            "price": "40.15",
            "revenue": 307227
        },
        "2004-07": {
            "month": "2004-07",
            "price": "34.28",
            "revenue": 346312
        },
        "2004-08": {
            "month": "2004-08",
            "price": "28.80",
            "revenue": 350623
        },
        "2004-09": {
            "month": "2004-09",
            "price": "29.60",
            "revenue": 408055
        },
        "2004-10": {
            "month": "2004-10",
            "price": "29.51",
            "revenue": 379787
        },
        "2004-11": {
            "month": "2004-11",
            "price": "28.05",
            "revenue": 333258
        },
        "2004-12": {
            "month": "2004-12",
            "price": "27.07",
            "revenue": 370909
        },
        "2005-01": {
            "month": "2005-01",
            "price": "25.89",
            "revenue": 299295
        },
        "2005-02": {
            "month": "2005-02",
            "price": "26.26",
            "revenue": 210054
        },
        "2005-03": {
            "month": "2005-03",
            "price": "26.83",
            "revenue": 336074
        },
        "2005-04": {
            "month": "2005-04",
            "price": "24.35",
            "revenue": 335121
        },
        "2005-05": {
            "month": "2005-05",
            "price": "23.14",
            "revenue": 325869
        },
        "2005-06": {
            "month": "2005-06",
            "price": "23.67",
            "revenue": 318025
        },
        "2005-07": {
            "month": "2005-07",
            "price": "25.02",
            "revenue": 330760
        },
        "2005-08": {
            "month": "2005-08",
            "price": "23.78",
            "revenue": 417020
        },
        "2005-09": {
            "month": "2005-09",
            "price": "23.19",
            "revenue": 435729
        },
        "2005-10": {
            "month": "2005-10",
            "price": "23.94",
            "revenue": 440607
        },
        "2005-11": {
            "month": "2005-11",
            "price": "24.11",
            "revenue": 411115
        },
        "2005-12": {
            "month": "2005-12",
            "price": "26.49",
            "revenue": 359350
        },
        "2006-01": {
            "month": "2006-01",
            "price": "27.73",
            "revenue": 409405
        },
        "2006-02": {
            "month": "2006-02",
            "price": "28.08",
            "revenue": 310307
        },
        "2006-03": {
            "month": "2006-03",
            "price": "28.89",
            "revenue": 444581
        },
        "2006-04": {
            "month": "2006-04",
            "price": "30.63",
            "revenue": 372654
        },
        "2006-05": {
            "month": "2006-05",
            "price": "30.66",
            "revenue": 392665
        },
        "2006-06": {
            "month": "2006-06",
            "price": "28.57",
            "revenue": 400526
        },
        "2006-07": {
            "month": "2006-07",
            "price": "28.93",
            "revenue": 378148
        },
        "2006-08": {
            "month": "2006-08",
            "price": "27.62",
            "revenue": 426472
        },
        "2006-09": {
            "month": "2006-09",
            "price": "27.42",
            "revenue": 397202
        },
        "2006-10": {
            "month": "2006-10",
            "price": "28.08",
            "revenue": 420855
        },
        "2006-11": {
            "month": "2006-11",
            "price": "28.56",
            "revenue": 439203
        },
        "2006-12": {
            "month": "2006-12",
            "price": "30.42",
            "revenue": 429838
        },
        "2007-01": {
            "month": "2007-01",
            "price": "31.30",
            "revenue": 521156
        },
        "2007-02": {
            "month": "2007-02",
            "price": "31.21",
            "revenue": 430058
        },
        "2007-03": {
            "month": "2007-03",
            "price": "30.26",
            "revenue": 604293
        },
        "2007-04": {
            "month": "2007-04",
            "price": "32.46",
            "revenue": 538505
        },
        "2007-05": {
            "month": "2007-05",
            "price": "37.53",
            "revenue": 514080
        },
        "2007-06": {
            "month": "2007-06",
            "price": "40.74",
            "revenue": 471427
        },
        "2007-07": {
            "month": "2007-07",
            "price": "44.79",
            "revenue": 508468
        },
        "2007-08": {
            "month": "2007-08",
            "price": "42.41",
            "revenue": 548249
        },
        "2007-09": {
            "month": "2007-09",
            "price": "45.18",
            "revenue": 513051
        },
        "2007-10": {
            "month": "2007-10",
            "price": "42.70",
            "revenue": 494332
        },
        "2007-11": {
            "month": "2007-11",
            "price": "35.64",
            "revenue": 514216
        },
        "2007-12": {
            "month": "2007-12",
            "price": "34.99",
            "revenue": 426014
        },
        "2008-01": {
            "month": "2008-01",
            "price": "33.15",
            "revenue": 517656
        },
        "2008-02": {
            "month": "2008-02",
            "price": "32.64",
            "revenue": 423595
        },
        "2008-03": {
            "month": "2008-03",
            "price": "31.54",
            "revenue": 485820
        },
        "2008-04": {
            "month": "2008-04",
            "price": "31.37",
            "revenue": 464841
        },
        "2008-05": {
            "month": "2008-05",
            "price": "30.66",
            "revenue": 410233
        },
        "2008-06": {
            "month": "2008-06",
            "price": "27.80",
            "revenue": 489884
        },
        "2008-07": {
            "month": "2008-07",
            "price": "24.68",
            "revenue": 449350
        },
        "2008-08": {
            "month": "2008-08",
            "price": "23.22",
            "revenue": 520268
        },
        "2008-09": {
            "month": "2008-09",
            "price": "21.56",
            "revenue": 503094
        },
        "2008-10": {
            "month": "2008-10",
            "price": "19.35",
            "revenue": 476217
        },
        "2008-11": {
            "month": "2008-11",
            "price": "18.76",
            "revenue": 392837
        },
        "2008-12": {
            "month": "2008-12",
            "price": "18.54",
            "revenue": 324327
        },
        "2009-01": {
            "month": "2009-01",
            "price": "17.94",
            "revenue": 283328
        },
        "2009-02": {
            "month": "2009-02",
            "price": "18.03",
            "revenue": 250479
        },
        "2009-03": {
            "month": "2009-03",
            "price": "20.82",
            "revenue": 355370
        },
        "2009-04": {
            "month": "2009-04",
            "price": "23.25",
            "revenue": 330825
        },
        "2009-05": {
            "month": "2009-05",
            "price": "26.02",
            "revenue": 259623
        },
        "2009-06": {
            "month": "2009-06",
            "price": "25.06",
            "revenue": 311229
        },
        "2009-07": {
            "month": "2009-07",
            "price": "25.72",
            "revenue": 353732
        },
        "2009-08": {
            "month": "2009-08",
            "price": "26.03",
            "revenue": 346418
        },
        "2009-09": {
            "month": "2009-09",
            "price": "27.54",
            "revenue": 403605
        },
        "2009-10": {
            "month": "2009-10",
            "price": "27.58",
            "revenue": 434986
        },
        "2009-11": {
            "month": "2009-11",
            "price": "27.29",
            "revenue": 339277
        },
        "2009-12": {
            "month": "2009-12",
            "price": "28.60",
            "revenue": 325134
        },
        "2010-01": {
            "month": "2010-01",
            "price": "29.01",
            "revenue": 401317
        },
        "2010-02": {
            "month": "2010-02",
            "price": "26.78",
            "revenue": 285488
        },
        "2010-03": {
            "month": "2010-03",
            "price": "28.05",
            "revenue": 399940
        },
        "2010-04": {
            "month": "2010-04",
            "price": "31.22",
            "revenue": 394878
        },
        "2010-05": {
            "month": "2010-05",
            "price": "28.61",
            "revenue": 336360
        },
        "2010-06": {
            "month": "2010-06",
            "price": "28.59",
            "revenue": 326879
        },
        "2010-07": {
            "month": "2010-07",
            "price": "30.32",
            "revenue": 418119
        },
        "2010-08": {
            "month": "2010-08",
            "price": "28.88",
            "revenue": 443628
        },
        "2010-09": {
            "month": "2010-09",
            "price": "28.91",
            "revenue": 500996
        },
        "2010-10": {
            "month": "2010-10",
            "price": "29.68",
            "revenue": 340188
        },
        "2010-11": {
            "month": "2010-11",
            "price": "29.02",
            "revenue": 310837
        },
        "2010-12": {
            "month": "2010-12",
            "price": "28.83",
            "revenue": 295454
        },
        "2011-01": {
            "month": "2011-01",
            "price": "28.61",
            "revenue": 408344
        },
        "2011-02": {
            "month": "2011-02",
            "price": "28.00",
            "revenue": 227476
        },
        "2011-03": {
            "month": "2011-03",
            "price": "27.46",
            "revenue": 418548
        },
        "2011-04": {
            "month": "2011-04",
            "price": "27.72",
            "revenue": 358054
        },
        "2011-05": {
            "month": "2011-05",
            "price": "28.11",
            "revenue": 320236
        },
        "2011-06": {
            "month": "2011-06",
            "price": "27.94",
            "revenue": 366940
        },
        "2011-07": {
            "month": "2011-07",
            "price": "28.23",
            "revenue": 355849
        },
        "2011-08": {
            "month": "2011-08",
            "price": "26.85",
            "revenue": 387308
        },
        "2011-09": {
            "month": "2011-09",
            "price": "25.11",
            "revenue": 355509
        },
        "2011-10": {
            "month": "2011-10",
            "price": "24.98",
            "revenue": 335960
        },
        "2011-11": {
            "month": "2011-11",
            "price": "25.69",
            "revenue": 272367
        },
        "2011-12": {
            "month": "2011-12",
            "price": "25.30",
            "revenue": 278120
        },
        "2012-01": {
            "month": "2012-01",
            "price": "25.29",
            "revenue": 303062
        },
        "2012-02": {
            "month": "2012-02",
            "price": "26.69",
            "revenue": 329846
        },
        "2012-03": {
            "month": "2012-03",
            "price": "28.10",
            "revenue": 338214
        },
        "2012-04": {
            "month": "2012-04",
            "price": "28.39",
            "revenue": 384084
        },
        "2012-05": {
            "month": "2012-05",
            "price": "27.53",
            "revenue": 454769
        },
        "2012-06": {
            "month": "2012-06",
            "price": "27.65",
            "revenue": 410798
        },
        "2012-07": {
            "month": "2012-07",
            "price": "28.61",
            "revenue": 372628
        },
        "2012-08": {
            "month": "2012-08",
            "price": "27.36",
            "revenue": 334149
        },
        "2012-09": {
            "month": "2012-09",
            "price": "26.97",
            "revenue": 390686
        },
        "2012-10": {
            "month": "2012-10",
            "price": "26.97",
            "revenue": 342102
        },
        "2012-11": {
            "month": "2012-11",
            "price": "26.91",
            "revenue": 289445
        },
        "2012-12": {
            "month": "2012-12",
            "price": "27.15",
            "revenue": 246546
        },
        "2013-01": {
            "month": "2013-01",
            "price": "27.74",
            "revenue": 387985
        },
        "2013-02": {
            "month": "2013-02",
            "price": "29.52",
            "revenue": 176952
        },
        "2013-03": {
            "month": "2013-03",
            "price": "29.59",
            "revenue": 255198
        },
        "2013-04": {
            "month": "2013-04",
            "price": "28.94",
            "revenue": 321430
        },
        "2013-05": {
            "month": "2013-05",
            "price": "28.59",
            "revenue": 345124
        },
        "2013-06": {
            "month": "2013-06",
            "price": "28.22",
            "revenue": 311458
        },
        "2013-07": {
            "month": "2013-07",
            "price": "28.53",
            "revenue": 335838
        },
        "2013-08": {
            "month": "2013-08",
            "price": "25.90",
            "revenue": 313395
        },
        "2013-09": {
            "month": "2013-09",
            "price": "25.94",
            "revenue": 328758
        },
        "2013-10": {
            "month": "2013-10",
            "price": "26.12",
            "revenue": 305961
        },
        "2013-11": {
            "month": "2013-11",
            "price": "24.75",
            "revenue": 303695
        },
        "2013-12": {
            "month": "2013-12",
            "price": "23.64",
            "revenue": 256841
        },
        "2014-01": {
            "month": "2014-01",
            "price": "24.50",
            "revenue": 346373
        },
        "2014-02": {
            "month": "2014-02",
            "price": "23.78",
            "revenue": 235439
        },
        "2014-03": {
            "month": "2014-03",
            "price": "23.98",
            "revenue": 281717
        },
        "2014-04": {
            "month": "2014-04",
            "price": "24.58",
            "revenue": 330360
        },
        "2014-05": {
            "month": "2014-05",
            "price": "24.17",
            "revenue": 322864
        },
        "2014-06": {
            "month": "2014-06",
            "price": "25.20",
            "revenue": 266695
        },
        "2014-07": {
            "month": "2014-07",
            "price": "25.91",
            "revenue": 280362
        },
        "2014-08": {
            "month": "2014-08",
            "price": "24.56",
            "revenue": 321973
        },
        "2014-09": {
            "month": "2014-09",
            "price": "24.38",
            "revenue": 303497
        },
        "2014-10": {
            "month": "2014-10",
            "price": "23.97",
            "revenue": 300753
        },
        "2014-11": {
            "month": "2014-11",
            "price": "23.97",
            "revenue": 293031
        },
        "2014-12": {
            "month": "2014-12",
            "price": "24.40",
            "revenue": 284084
        },
        "2015-01": {
            "month": "2015-01",
            "price": "24.68",
            "revenue": 315698
        },
        "2015-02": {
            "month": "2015-02",
            "price": "25.55",
            "revenue": 221948
        },
        "2015-03": {
            "month": "2015-03",
            "price": "26.72",
            "revenue": 256804
        },
        "2015-04": {
            "month": "2015-04",
            "price": "26.40",
            "revenue": 275789
        },
        "2015-05": {
            "month": "2015-05",
            "price": "26.37",
            "revenue": 280346
        },
        "2015-06": {
            "month": "2015-06",
            "price": "26.00",
            "revenue": 274374
        },
        "2015-07": {
            "month": "2015-07",
            "price": "26.15",
            "revenue": 235097
        },
        "2015-08": {
            "month": "2015-08",
            "price": "24.18",
            "revenue": 283705
        },
        "2015-09": {
            "month": "2015-09",
            "price": "23.99",
            "revenue": 277187
        },
        "2015-10": {
            "month": "2015-10",
            "price": "24.50",
            "revenue": 238014
        },
        "2015-11": {
            "month": "2015-11",
            "price": "25.23",
            "revenue": 231730
        },
        "2015-12": {
            "month": "2015-12",
            "price": "25.38",
            "revenue": 245126
        },
        "2016-01": {
            "month": "2016-01",
            "price": "25.04",
            "revenue": 313332
        },
        "2016-02": {
            "month": "2016-02",
            "price": "26.02",
            "revenue": 160274
        },
        "2016-03": {
            "month": "2016-03",
            "price": "26.92",
            "revenue": 304118
        },
        "2016-04": {
            "month": "2016-04",
            "price": "27.11",
            "revenue": 274715
        },
        "2016-05": {
            "month": "2016-05",
            "price": "27.05",
            "revenue": 318489
        },
        "2016-06": {
            "month": "2016-06",
            "price": "27.42",
            "revenue": 289024
        },
        "2016-07": {
            "month": "2016-07",
            "price": "28.48",
            "revenue": 342469
        },
        "2016-08": {
            "month": "2016-08",
            "price": "32.95",
            "revenue": 326592
        },
        "2016-09": {
            "month": "2016-09",
            "price": "33.19",
            "revenue": 277395
        },
        "2016-10": {
            "month": "2016-10",
            "price": "31.22",
            "revenue": 305652
        },
        "2016-11": {
            "month": "2016-11",
            "price": "30.97",
            "revenue": 289745
        },
        "2016-12": {
            "month": "2016-12",
            "price": "31.60",
            "revenue": 278879
        },
        "2017-01": {
            "month": "2017-01",
            "price": "31.13",
            "revenue": 179724
        },
        "2017-02": {
            "month": "2017-02",
            "price": "31.34",
            "revenue": 179880
        },
        "2017-03": {
            "month": "2017-03",
            "price": "34.28",
            "revenue": 272359
        },
        "2017-04": {
            "month": "2017-04",
            "price": "34.33",
            "revenue": 219723
        },
        "2017-05": {
            "month": "2017-05",
            "price": "33.33",
            "revenue": 252291
        },
        "2017-06": {
            "month": "2017-06",
            "price": "33.42",
            "revenue": 270167
        },
        "2017-07": {
            "month": "2017-07",
            "price": "34.19",
            "revenue": 240235
        },
        "2017-08": {
            "month": "2017-08",
            "price": "30.93",
            "revenue": 316929
        },
        "2017-09": {
            "month": "2017-09",
            "price": "29.37",
            "revenue": 282689
        },
        "2017-10": {
            "month": "2017-10",
            "price": "29.57",
            "revenue": 287596
        },
        "2017-11": {
            "month": "2017-11",
            "price": "29.60",
            "revenue": 266001
        },
        "2017-12": {
            "month": "2017-12",
            "price": "29.04",
            "revenue": 281916
        },
        "2018-01": {
            "month": "2018-01",
            "price": "29.39",
            "revenue": 325033
        },
        "2018-02": {
            "month": "2018-02",
            "price": "30.02",
            "revenue": 158065
        },
        "2018-03": {
            "month": "2018-03",
            "price": "31.27",
            "revenue": 223160
        },
        "2018-04": {
            "month": "2018-04",
            "price": "31.05",
            "revenue": 240366
        },
        "2018-05": {
            "month": "2018-05",
            "price": "31.03",
            "revenue": 265111
        },
        "2018-06": {
            "month": "2018-06",
            "price": "31.37",
            "revenue": 277067
        },
        "2018-07": {
            "month": "2018-07",
            "price": "31.83",
            "revenue": 290668
        },
        "2018-08": {
            "month": "2018-08",
            "price": "30.39",
            "revenue": 344162
        },
        "2018-09": {
            "month": "2018-09",
            "price": "30.04",
            "revenue": 384527
        },
        "2018-10": {
            "month": "2018-10",
            "price": "29.54",
            "revenue": 318892
        },
        "2018-11": {
            "month": "2018-11",
            "price": "29.52",
            "revenue": 234366
        },
        "2018-12": {
            "month": "2018-12",
            "price": "29.50",
            "revenue": 199360
        },
        "2019-01": {
            "month": "2019-01",
            "price": "29.54",
            "revenue": 469208
        },
        "2019-02": {
            "month": "2019-02",
            "price": "31.38",
            "revenue": 90623
        },
        "2019-03": {
            "month": "2019-03",
            "price": "33.76",
            "revenue": 250815
        },
        "2019-04": {
            "month": "2019-04",
            "price": "34.14",
            "revenue": 288256
        },
        "2019-05": {
            "month": "2019-05",
            "price": "34.71",
            "revenue": 286686
        },
        "2019-06": {
            "month": "2019-06",
            "price": "35.33",
            "revenue": 303170
        },
        "2019-07": {
            "month": "2019-07",
            "price": "36.68",
            "revenue": 276500
        },
        "2019-08": {
            "month": "2019-08",
            "price": "34.40",
            "revenue": 300045
        },
        "2019-09": {
            "month": "2019-09",
            "price": "34.71",
            "revenue": 275937
        },
        "2019-10": {
            "month": "2019-10",
            "price": "34.54",
            "revenue": 269136
        },
        "2019-11": {
            "month": "2019-11",
            "price": "34.93",
            "revenue": 225167
        },
        "2019-12": {
            "month": "2019-12",
            "price": "35.30",
            "revenue": 199634
        },
        "2020-01": {
            "month": "2020-01",
            "price": "35.19",
            "revenue": 205706
        },
        "2020-02": {
            "month": "2020-02",
            "price": "34.82",
            "revenue": 138545
        },
        "2020-03": {
            "month": "2020-03",
            "price": "32.55",
            "revenue": 210280
        },
        "2020-04": {
            "month": "2020-04",
            "price": "32.80",
            "revenue": 247452
        },
        "2020-05": {
            "month": "2020-05",
            "price": "33.38",
            "revenue": 225132
        },
        "2020-06": {
            "month": "2020-06",
            "price": "34.27",
            "revenue": 293068
        },
        "2020-07": {
            "month": "2020-07",
            "price": "35.13",
            "revenue": 353332
        },
        "2020-08": {
            "month": "2020-08",
            "price": "33.62",
            "revenue": 388933
        },
        "2020-09": {
            "month": "2020-09",
            "price": "34.01",
            "revenue": 377839
        },
        "2020-10": {
            "month": "2020-10",
            "price": "34.65",
            "revenue": 269624
        },
        "2020-11": {
            "month": "2020-11",
            "price": "35.45",
            "revenue": 366130
        },
        "2020-12": {
            "month": "2020-12",
            "price": "37.54",
            "revenue": 435708
        },
        "2021-01": {
            "month": "2021-01",
            "price": "40.21",
            "revenue": 427298
        },
        "2021-02": {
            "month": "2021-02",
            "price": "45.96",
            "revenue": 238307
        },
        "2021-03": {
            "month": "2021-03",
            "price": "50.28",
            "revenue": 365873
        },
        "2021-04": {
            "month": "2021-04",
            "price": "51.91",
            "revenue": 294314
        },
        "2021-05": {
            "month": "2021-05",
            "price": "46.52",
            "revenue": 278877
        },
        "2021-06": {
            "month": "2021-06",
            "price": "46.10",
            "revenue": 330612
        },
        "2021-07": {
            "month": "2021-07",
            "price": "48.23",
            "revenue": 372846
        },
        "2021-08": {
            "month": "2021-08",
            "price": "44.02",
            "revenue": 328339
        },
        "2021-09": {
            "month": "2021-09",
            "price": "42.62",
            "revenue": 364624
        },
        "2021-10": {
            "month": "2021-10",
            "price": "41.96",
            "revenue": 253661
        },
        "2021-11": {
            "month": "2021-11",
            "price": "42.81",
            "revenue": 385728
        },
        "2021-12": {
            "month": "2021-12",
            "price": "43.65",
            "revenue": 276281
        },
        "2022-01": {
            "month": "2022-01",
            "price": "43.94",
            "revenue": 311242
        },
        "2022-02": {
            "month": "2022-02",
            "price": "43.87",
            "revenue": 160070
        },
        "2022-03": {
            "month": "2022-03",
            "price": "44.41",
            "revenue": 240013
        },
        "2022-04": {
            "month": "2022-04",
            "price": "43.81",
            "revenue": 226417
        },
        "2022-05": {
            "month": "2022-05",
            "price": "42.90",
            "revenue": 213508
        },
        "2022-06": {
            "month": "2022-06",
            "price": "42.56",
            "revenue": 263210
        },
        "2022-07": {
            "month": "2022-07",
            "price": "40.17",
            "revenue": 227171
        },
        "2022-08": {
            "month": "2022-08",
            "price": "40.14",
            "revenue": 284184
        },
        "2022-09": {
            "month": "2022-09",
            "price": "39.78",
            "revenue": 242753
        },
        "2022-10": {
            "month": "2022-10",
            "price": "38.61",
            "revenue": 230159
        },
        "2022-11": {
            "month": "2022-11",
            "price": "39.48",
            "revenue": 380423
        },
        "2022-12": {
            "month": "2022-12",
            "price": "39.29",
            "revenue": 228573
        },
        "2023-01": {
            "month": "2023-01",
            "price": "39.43",
            "revenue": 210015
        },
        "2023-02": {
            "month": "2023-02",
            "price": "40.34",
            "revenue": 213419
        },
        "2023-03": {
            "month": "2023-03",
            "price": "42.97",
            "revenue": 256858
        },
        "2023-04": {
            "month": "2023-04",
            "price": "43.29",
            "revenue": 161159
        }
    }
}
