{
    "summary": {
        "stock_name": "盛群",
        "stock_id": "6202",
        "category": "半導體",
        "main_business": "各種積體電路之研究、設計開發、製造及銷售。",
        "website_url": "http://www.holtek.com.tw",
        "ceo": "高國棟",
        "pe_ratio": 25,
        "report_year_from": 2001,
        "report_year_to": 2023,
        "age": 22,
        "eps_negative_percentage": 0,
        "eps_growth_avg": {
            "last_all": 11.93,
            "last_2y": 21.64,
            "last_4y": 13.15,
            "last_8y": 9.9,
            "last_12y": 9.24,
            "last_16y": 4.77,
            "last_20y": 11.93,
            "at_2006_last_3y": 26.66,
            "at_2007_last_3y": 13.83,
            "at_2008_last_3y": -7.54,
            "at_2009_last_3y": -9.79,
            "at_2010_last_3y": -6.11,
            "at_2011_last_3y": -9.36,
            "at_2012_last_3y": 0.26,
            "at_2013_last_3y": 7.76,
            "at_2014_last_3y": 2.73,
            "at_2015_last_3y": 11.4,
            "at_2016_last_3y": 9.18,
            "at_2017_last_3y": 5.85,
            "at_2018_last_3y": 7.99,
            "at_2019_last_3y": 4.11,
            "at_2020_last_3y": 7.89,
            "at_2021_last_3y": 27.91,
            "at_2022_last_3y": 12.78,
            "at_2023_last_3y": 12.78,
            "at_2006_last_all": 36.2,
            "at_2007_last_all": 26.84,
            "at_2008_last_all": 18.42,
            "at_2009_last_all": 16.3,
            "at_2010_last_all": 17.4,
            "at_2011_last_all": 12.36,
            "at_2012_last_all": 11.82,
            "at_2013_last_all": 13.45,
            "at_2014_last_all": 12.88,
            "at_2015_last_all": 12.09,
            "at_2016_last_all": 11.11,
            "at_2017_last_all": 11.55,
            "at_2018_last_all": 11.73,
            "at_2019_last_all": 10.31,
            "at_2020_last_all": 10.43,
            "at_2021_last_all": 14.82,
            "at_2022_last_all": 11.93,
            "at_2023_last_all": 11.93
        },
        "latest_eps": 2.79,
        "latest_price": 69.2,
        "latest_roe": 11.75,
        "latest_gross_margin": 48.16,
        "latest_equity": 4900772,
        "latest_revenue": 760834,
        "latest_gross_profit": 366394,
        "latest_net_income": 38064,
        "latest_debt_ratio": 25.71,
        "latest_current_ratio": 418.17,
        "latest_account_receivable_turnover_ratio": 0.96,
        "latest_inventory_turnover_ratio": 0.2,
        "latest_reinvestment_rate": -0.48,
        "latest_research_to_sale_ratio": 30.4
    },
    "eps_dividends": {
        "2000": {
            "cash": 0,
            "stock": 2,
            "eps": 0
        },
        "2001": {
            "cash": 2,
            "stock": 2,
            "eps": 1.17
        },
        "2002": {
            "cash": 0,
            "stock": 1,
            "eps": 2.04
        },
        "2003": {
            "cash": 1,
            "stock": 0,
            "eps": 2.68
        },
        "2004": {
            "cash": 2,
            "stock": 1,
            "eps": 4.11
        },
        "2005": {
            "cash": 3,
            "stock": 1,
            "eps": 4.54
        },
        "2006": {
            "cash": 3,
            "stock": 0,
            "eps": 5.06
        },
        "2007": {
            "cash": 4,
            "stock": 0,
            "eps": 4.05
        },
        "2008": {
            "cash": 3,
            "stock": 0,
            "eps": 2.75
        },
        "2009": {
            "cash": 2,
            "stock": 0,
            "eps": 2.79
        },
        "2010": {
            "cash": 3,
            "stock": 0,
            "eps": 3.52
        },
        "2011": {
            "cash": 5,
            "stock": 0,
            "eps": 2.36
        },
        "2012": {
            "cash": 0,
            "stock": 0,
            "eps": 2.51
        },
        "2013": {
            "cash": 3,
            "stock": 0,
            "eps": 3.3
        },
        "2014": {
            "cash": 3,
            "stock": 0,
            "eps": 3.5
        },
        "2015": {
            "cash": 4,
            "stock": 0,
            "eps": 3.56
        },
        "2016": {
            "cash": 4,
            "stock": 0,
            "eps": 3.47
        },
        "2017": {
            "cash": 4,
            "stock": 0,
            "eps": 4.1
        },
        "2018": {
            "cash": 4,
            "stock": 0,
            "eps": 4.7
        },
        "2019": {
            "cash": 5,
            "stock": 0,
            "eps": 4.05
        },
        "2020": {
            "cash": 4,
            "stock": 0,
            "eps": 4.56
        },
        "2021": {
            "cash": 5,
            "stock": 0,
            "eps": 9.04
        },
        "2022": {
            "cash": 8,
            "stock": 0,
            "eps": 4.89
        },
        "2023": {
            "cash": 4,
            "stock": 0,
            "eps": 0.16
        }
    },
    "dividends": {
        "2000-04-05": {
            "cash": 0,
            "stock": 1.86
        },
        "2001-03-02": {
            "cash": 1.8,
            "stock": 1.9
        },
        "2002-04-17": {
            "cash": 0.35,
            "stock": 1.15
        },
        "2003-04-24": {
            "cash": 1.06,
            "stock": 0.4
        },
        "2004-04-15": {
            "cash": 1.51,
            "stock": 0.5
        },
        "2005-04-19": {
            "cash": 2.51,
            "stock": 0.5
        },
        "2006-03-20": {
            "cash": 3.32,
            "stock": 0.1
        },
        "2007-03-20": {
            "cash": 3.69,
            "stock": 0.1
        },
        "2008-03-19": {
            "cash": 3,
            "stock": 0.04
        },
        "2009-03-23": {
            "cash": 2.41,
            "stock": 0.04
        },
        "2010-03-23": {
            "cash": 2.5,
            "stock": 0
        },
        "2011-01-01": {
            "cash": 2.3,
            "stock": 0
        },
        "2011-03-23": {
            "cash": 3.17,
            "stock": 0
        },
        "2013-03-20": {
            "cash": 2.5,
            "stock": 0
        },
        "2014-08-28": {
            "cash": 3.3,
            "stock": 0
        },
        "2015-08-28": {
            "cash": 3.5,
            "stock": 0
        },
        "2016-08-26": {
            "cash": 3.57,
            "stock": 0
        },
        "2017-08-25": {
            "cash": 3.5,
            "stock": 0
        },
        "2018-08-30": {
            "cash": 4.1,
            "stock": 0
        },
        "2019-08-29": {
            "cash": 4.7,
            "stock": 0
        },
        "2020-08-28": {
            "cash": 4.05,
            "stock": 0
        },
        "2021-08-27": {
            "cash": 4.56,
            "stock": 0
        },
        "2022-08-30": {
            "cash": 8.12,
            "stock": 0
        },
        "2023-03-08": {
            "cash": 4,
            "stock": 0
        }
    },
    "prices": {
        "200101": "無",
        "200102": "無",
        "200103": "無",
        "200104": "無",
        "200105": "無",
        "200106": "無",
        "200107": "無",
        "200108": "無",
        "200109": "無",
        "200110": "無",
        "200111": "無",
        "200112": "無",
        "200201": "無",
        "200202": "無",
        "200203": "無",
        "200204": "無",
        "200205": "無",
        "200206": "無",
        "200207": "無",
        "200208": "無",
        "200209": "無",
        "200210": "無",
        "200211": "28.86",
        "200212": "25.85",
        "200301": "24.92",
        "200302": "24.68",
        "200303": "24.26",
        "200304": "24.57",
        "200305": "25.91",
        "200306": "28.54",
        "200307": "28.43",
        "200308": "29.47",
        "200309": "28.50",
        "200310": "30.51",
        "200311": "29.92",
        "200312": "28.99",
        "200401": "30.05",
        "200402": "32.78",
        "200403": "34.98",
        "200404": "39.04",
        "200405": "36.24",
        "200406": "33.87",
        "200407": "30.29",
        "200408": "31.00",
        "200409": "34.70",
        "200410": "34.93",
        "200411": "34.67",
        "200412": "34.79",
        "200501": "34.57",
        "200502": "36.08",
        "200503": "37.73",
        "200504": "37.20",
        "200505": "34.96",
        "200506": "36.54",
        "200507": "38.93",
        "200508": "36.32",
        "200509": "36.05",
        "200510": "40.21",
        "200511": "43.72",
        "200512": "47.13",
        "200601": "47.31",
        "200602": "51.45",
        "200603": "53.07",
        "200604": "60.26",
        "200605": "63.96",
        "200606": "60.42",
        "200607": "61.37",
        "200608": "59.14",
        "200609": "56.20",
        "200610": "61.96",
        "200611": "65.17",
        "200612": "62.16",
        "200701": "65.42",
        "200702": "64.59",
        "200703": "66.48",
        "200704": "67.02",
        "200705": "62.18",
        "200706": "67.06",
        "200707": "84.84",
        "200708": "76.27",
        "200709": "65.40",
        "200710": "61.71",
        "200711": "51.22",
        "200712": "46.87",
        "200801": "44.73",
        "200802": "41.86",
        "200803": "44.58",
        "200804": "50.50",
        "200805": "51.59",
        "200806": "40.93",
        "200807": "36.03",
        "200808": "37.14",
        "200809": "29.15",
        "200810": "26.06",
        "200811": "23.32",
        "200812": "21.58",
        "200901": "21.64",
        "200902": "24.74",
        "200903": "28.45",
        "200904": "32.20",
        "200905": "37.38",
        "200906": "33.60",
        "200907": "36.75",
        "200908": "35.63",
        "200909": "38.36",
        "200910": "39.61",
        "200911": "38.60",
        "200912": "42.09",
        "201001": "41.95",
        "201002": "39.67",
        "201003": "42.59",
        "201004": "46.44",
        "201005": "47.63",
        "201006": "47.33",
        "201007": "46.15",
        "201008": "44.60",
        "201009": "46.03",
        "201010": "44.96",
        "201011": "45.12",
        "201012": "46.72",
        "201101": "44.70",
        "201102": "42.76",
        "201103": "41.74",
        "201104": "42.14",
        "201105": "43.17",
        "201106": "42.36",
        "201107": "40.05",
        "201108": "32.53",
        "201109": "29.67",
        "201110": "28.92",
        "201111": "28.20",
        "201112": "26.42",
        "201201": "27.01",
        "201202": "31.68",
        "201203": "34.66",
        "201204": "35.00",
        "201205": "33.17",
        "201206": "32.05",
        "201207": "31.89",
        "201208": "31.01",
        "201209": "31.39",
        "201210": "30.06",
        "201211": "29.17",
        "201212": "29.79",
        "201301": "30.27",
        "201302": "32.16",
        "201303": "34.87",
        "201304": "35.06",
        "201305": "36.20",
        "201306": "37.16",
        "201307": "37.34",
        "201308": "35.97",
        "201309": "35.96",
        "201310": "41.85",
        "201311": "44.93",
        "201312": "47.00",
        "201401": "56.12",
        "201402": "62.71",
        "201403": "61.75",
        "201404": "57.99",
        "201405": "54.88",
        "201406": "61.32",
        "201407": "61.58",
        "201408": "55.37",
        "201409": "54.98",
        "201410": "50.15",
        "201411": "54.46",
        "201412": "55.82",
        "201501": "58.82",
        "201502": "57.88",
        "201503": "59.28",
        "201504": "58.32",
        "201505": "54.51",
        "201506": "50.72",
        "201507": "48.07",
        "201508": "41.09",
        "201509": "42.30",
        "201510": "47.35",
        "201511": "49.64",
        "201512": "51.71",
        "201601": "49.18",
        "201602": "49.83",
        "201603": "52.58",
        "201604": "52.20",
        "201605": "53.20",
        "201606": "54.27",
        "201607": "53.99",
        "201608": "50.37",
        "201609": "49.88",
        "201610": "50.24",
        "201611": "48.68",
        "201612": "49.06",
        "201701": "49.75",
        "201702": "52.12",
        "201703": "54.55",
        "201704": "55.31",
        "201705": "57.48",
        "201706": "57.20",
        "201707": "56.56",
        "201708": "55.38",
        "201709": "55.92",
        "201710": "63.21",
        "201711": "77.12",
        "201712": "71.51",
        "201801": "73.28",
        "201802": "77.32",
        "201803": "80.40",
        "201804": "72.71",
        "201805": "73.82",
        "201806": "76.67",
        "201807": "72.51",
        "201808": "79.41",
        "201809": "80.29",
        "201810": "68.19",
        "201811": "58.10",
        "201812": "58.88",
        "201901": "62.90",
        "201902": "73.14",
        "201903": "72.04",
        "201904": "73.83",
        "201905": "67.66",
        "201906": "68.18",
        "201907": "73.65",
        "201908": "67.98",
        "201909": "66.46",
        "201910": "66.50",
        "201911": "67.40",
        "201912": "69.40",
        "202001": "68.37",
        "202002": "68.66",
        "202003": "63.34",
        "202004": "65.72",
        "202005": "65.50",
        "202006": "66.49",
        "202007": "71.18",
        "202008": "67.52",
        "202009": "64.88",
        "202010": "67.45",
        "202011": "70.83",
        "202012": "72.16",
        "202101": "72.32",
        "202102": "84.67",
        "202103": "87.72",
        "202104": "96.86",
        "202105": "91.63",
        "202106": "100.91",
        "202107": "123.26",
        "202108": "126.82",
        "202109": "118.60",
        "202110": "109.58",
        "202111": "106.98",
        "202112": "106.32",
        "202201": "104.78",
        "202202": "106.10",
        "202203": "116.39",
        "202204": "102.06",
        "202205": "97.22",
        "202206": "95.22",
        "202207": "81.31",
        "202208": "75.69",
        "202209": "69.62",
        "202210": "65.62",
        "202211": "69.46",
        "202212": "69.06",
        "202301": "70.21",
        "202302": "75.77",
        "202303": "74.45",
        "202304": "72.03",
        "202305": "68.04"
    },
    "quarters": {
        "20011": {
            "year_quarter": 20011,
            "year": 2001,
            "quarter": 1,
            "eps": 0.47,
            "eps_growth_year": null,
            "eps_4q": null,
            "eps_4q_growth_year": null,
            "roe": 2.99,
            "roe_4q": 2.99,
            "gross_profit": 214349,
            "gross_margin": 22.06,
            "gross_margin_4q_avg": 22.06,
            "net_income": 56830,
            "revenue": 971615,
            "common_shares": 1220000,
            "book_valuer_per_share": 15.78,
            "book_valuer_per_share_4q_avg": 15.78,
            "equity": 1925124,
            "current_ratio": 230.52,
            "debt_ratio": 37.72,
            "inventory_turnover_ratio": 1.19,
            "account_receivable_turnover_ratio": null,
            "reinvestment_rate": null,
            "research_to_sale_ratio": null,
            "price_fair": 0,
            "eps_avg_yearly": 0,
            "eps_latest_yearly": 0,
            "eps_growth_yearly": 0
        },
        "20012": {
            "year_quarter": 20012,
            "year": 2001,
            "quarter": 2,
            "eps": 0.7,
            "eps_growth_year": null,
            "eps_4q": null,
            "eps_4q_growth_year": null,
            "roe": 5.76,
            "roe_4q": 8.75,
            "gross_profit": 218712,
            "gross_margin": 26.6,
            "gross_margin_4q_avg": 24.33,
            "net_income": 107264,
            "revenue": 822129,
            "common_shares": 1533800,
            "book_valuer_per_share": 11.72,
            "book_valuer_per_share_4q_avg": 13.75,
            "equity": 1797960,
            "current_ratio": 216.43,
            "debt_ratio": 39.43,
            "inventory_turnover_ratio": 0.78,
            "account_receivable_turnover_ratio": null,
            "reinvestment_rate": null,
            "research_to_sale_ratio": null,
            "price_fair": 0,
            "eps_avg_yearly": 0,
            "eps_latest_yearly": 0,
            "eps_growth_yearly": 0
        },
        "20013": {
            "year_quarter": 20013,
            "year": 2001,
            "quarter": 3,
            "eps": null,
            "eps_growth_year": null,
            "eps_4q": null,
            "eps_4q_growth_year": null,
            "roe": null,
            "roe_4q": 8.75,
            "gross_profit": null,
            "gross_margin": null,
            "gross_margin_4q_avg": 16.22,
            "net_income": null,
            "revenue": null,
            "common_shares": null,
            "book_valuer_per_share": null,
            "book_valuer_per_share_4q_avg": 9.17,
            "equity": null,
            "current_ratio": null,
            "debt_ratio": null,
            "inventory_turnover_ratio": null,
            "account_receivable_turnover_ratio": null,
            "reinvestment_rate": null,
            "research_to_sale_ratio": null,
            "price_fair": 0,
            "eps_avg_yearly": 0,
            "eps_latest_yearly": 0,
            "eps_growth_yearly": 0
        },
        "20014": {
            "year_quarter": 20014,
            "year": 2001,
            "quarter": 4,
            "eps": null,
            "eps_growth_year": null,
            "eps_4q": null,
            "eps_4q_growth_year": null,
            "roe": null,
            "roe_4q": 8.75,
            "gross_profit": null,
            "gross_margin": null,
            "gross_margin_4q_avg": 12.17,
            "net_income": null,
            "revenue": null,
            "common_shares": 1533800,
            "book_valuer_per_share": 12.5,
            "book_valuer_per_share_4q_avg": 10,
            "equity": 1917617,
            "current_ratio": 316.95,
            "debt_ratio": 30.36,
            "inventory_turnover_ratio": null,
            "account_receivable_turnover_ratio": null,
            "reinvestment_rate": null,
            "research_to_sale_ratio": null,
            "price_fair": 0,
            "eps_avg_yearly": 0,
            "eps_latest_yearly": 0,
            "eps_growth_yearly": 0
        },
        "20021": {
            "year_quarter": 20021,
            "year": 2002,
            "quarter": 1,
            "eps": 0.31,
            "eps_growth_year": -34.04,
            "eps_4q": null,
            "eps_4q_growth_year": null,
            "roe": 2.47,
            "roe_4q": 8.23,
            "gross_profit": 181265,
            "gross_margin": 23.06,
            "gross_margin_4q_avg": 12.42,
            "net_income": 47929,
            "revenue": 785970,
            "common_shares": 1533800,
            "book_valuer_per_share": 12.8,
            "book_valuer_per_share_4q_avg": 9.26,
            "equity": 1962866,
            "current_ratio": 305.05,
            "debt_ratio": 28.95,
            "inventory_turnover_ratio": 1.12,
            "account_receivable_turnover_ratio": null,
            "reinvestment_rate": null,
            "research_to_sale_ratio": null,
            "price_fair": 0,
            "eps_avg_yearly": 0,
            "eps_latest_yearly": 0,
            "eps_growth_yearly": 0
        },
        "20022": {
            "year_quarter": 20022,
            "year": 2002,
            "quarter": 2,
            "eps": 0.52,
            "eps_growth_year": -25.71,
            "eps_4q": null,
            "eps_4q_growth_year": null,
            "roe": 4.58,
            "roe_4q": 7.050000000000001,
            "gross_profit": 243131,
            "gross_margin": 26.34,
            "gross_margin_4q_avg": 12.35,
            "net_income": 90363,
            "revenue": 922967,
            "common_shares": 1751187,
            "book_valuer_per_share": 11.31,
            "book_valuer_per_share_4q_avg": 9.15,
            "equity": 1980384,
            "current_ratio": 259.17,
            "debt_ratio": 34.29,
            "inventory_turnover_ratio": 1.27,
            "account_receivable_turnover_ratio": null,
            "reinvestment_rate": null,
            "research_to_sale_ratio": null,
            "price_fair": 72.8,
            "eps_avg_yearly": 2.08,
            "eps_latest_yearly": 2.08,
            "eps_growth_yearly": 270.97
        },
        "20023": {
            "year_quarter": 20023,
            "year": 2002,
            "quarter": 3,
            "eps": 0.55,
            "eps_growth_year": null,
            "eps_4q": null,
            "eps_4q_growth_year": null,
            "roe": 4.72,
            "roe_4q": 11.770000000000001,
            "gross_profit": 227284,
            "gross_margin": 30.32,
            "gross_margin_4q_avg": 19.93,
            "net_income": 96220,
            "revenue": 749618,
            "common_shares": 1751187,
            "book_valuer_per_share": 11.97,
            "book_valuer_per_share_4q_avg": 12.15,
            "equity": 2095357,
            "current_ratio": 290.53,
            "debt_ratio": 31.01,
            "inventory_turnover_ratio": 0.81,
            "account_receivable_turnover_ratio": null,
            "reinvestment_rate": null,
            "research_to_sale_ratio": null,
            "price_fair": 74.9,
            "eps_avg_yearly": 2.14,
            "eps_latest_yearly": 2.2,
            "eps_growth_yearly": 147.02
        },
        "20024": {
            "year_quarter": 20024,
            "year": 2002,
            "quarter": 4,
            "eps": 0.66,
            "eps_growth_year": null,
            "eps_4q": 1.99,
            "eps_4q_growth_year": null,
            "roe": 5.41,
            "roe_4q": 17.18,
            "gross_profit": 228812,
            "gross_margin": 28.7,
            "gross_margin_4q_avg": 27.11,
            "net_income": 116225,
            "revenue": 797349,
            "common_shares": 1751187,
            "book_valuer_per_share": 12.57,
            "book_valuer_per_share_4q_avg": 12.16,
            "equity": 2201447,
            "current_ratio": 328.19,
            "debt_ratio": 27.1,
            "inventory_turnover_ratio": 0.78,
            "account_receivable_turnover_ratio": null,
            "reinvestment_rate": null,
            "research_to_sale_ratio": null,
            "price_fair": 80.73,
            "eps_avg_yearly": 2.31,
            "eps_latest_yearly": 2.64,
            "eps_growth_yearly": 124.68
        },
        "20031": {
            "year_quarter": 20031,
            "year": 2003,
            "quarter": 1,
            "eps": 0.4,
            "eps_growth_year": 29.03,
            "eps_4q": 2.11,
            "eps_4q_growth_year": null,
            "roe": 3.17,
            "roe_4q": 17.880000000000003,
            "gross_profit": 219653,
            "gross_margin": 29.27,
            "gross_margin_4q_avg": 28.66,
            "net_income": 70896,
            "revenue": 750523,
            "common_shares": 1751187,
            "book_valuer_per_share": 12.98,
            "book_valuer_per_share_4q_avg": 12.21,
            "equity": 2272354,
            "current_ratio": 332.99,
            "debt_ratio": 22.37,
            "inventory_turnover_ratio": 0.76,
            "account_receivable_turnover_ratio": null,
            "reinvestment_rate": null,
            "research_to_sale_ratio": null,
            "price_fair": 74.55,
            "eps_avg_yearly": 2.13,
            "eps_latest_yearly": 1.6,
            "eps_growth_yearly": 54.12
        },
        "20032": {
            "year_quarter": 20032,
            "year": 2003,
            "quarter": 2,
            "eps": 0.77,
            "eps_growth_year": 48.08,
            "eps_4q": 2.38,
            "eps_4q_growth_year": null,
            "roe": 6.07,
            "roe_4q": 19.37,
            "gross_profit": 294826,
            "gross_margin": 32.95,
            "gross_margin_4q_avg": 30.31,
            "net_income": 135156,
            "revenue": 894688,
            "common_shares": 1751187,
            "book_valuer_per_share": 12.43,
            "book_valuer_per_share_4q_avg": 12.49,
            "equity": 2177335,
            "current_ratio": 225.65,
            "debt_ratio": 34.05,
            "inventory_turnover_ratio": 0.85,
            "account_receivable_turnover_ratio": null,
            "reinvestment_rate": null,
            "research_to_sale_ratio": null,
            "price_fair": 81.2,
            "eps_avg_yearly": 2.32,
            "eps_latest_yearly": 3.08,
            "eps_growth_yearly": 117.29
        },
        "20033": {
            "year_quarter": 20033,
            "year": 2003,
            "quarter": 3,
            "eps": 0.8,
            "eps_growth_year": 45.45,
            "eps_4q": 2.55,
            "eps_4q_growth_year": null,
            "roe": 6.52,
            "roe_4q": 21.17,
            "gross_profit": 325012,
            "gross_margin": 33.22,
            "gross_margin_4q_avg": 31.04,
            "net_income": 146992,
            "revenue": 978378,
            "common_shares": 1834000,
            "book_valuer_per_share": 12.71,
            "book_valuer_per_share_4q_avg": 12.67,
            "equity": 2331237,
            "current_ratio": 307.17,
            "debt_ratio": 24.88,
            "inventory_turnover_ratio": 0.92,
            "account_receivable_turnover_ratio": null,
            "reinvestment_rate": null,
            "research_to_sale_ratio": null,
            "price_fair": 86.33,
            "eps_avg_yearly": 2.47,
            "eps_latest_yearly": 3.2,
            "eps_growth_yearly": 100.34
        },
        "20034": {
            "year_quarter": 20034,
            "year": 2003,
            "quarter": 4,
            "eps": 0.71,
            "eps_growth_year": 7.58,
            "eps_4q": 2.64,
            "eps_4q_growth_year": 32.77,
            "roe": 5.42,
            "roe_4q": 21.18,
            "gross_profit": 351313,
            "gross_margin": 35.24,
            "gross_margin_4q_avg": 32.67,
            "net_income": 129583,
            "revenue": 997024,
            "common_shares": 1834000,
            "book_valuer_per_share": 13.39,
            "book_valuer_per_share_4q_avg": 12.88,
            "equity": 2454843,
            "current_ratio": 342.87,
            "debt_ratio": 26.42,
            "inventory_turnover_ratio": 1.03,
            "account_receivable_turnover_ratio": null,
            "reinvestment_rate": null,
            "research_to_sale_ratio": null,
            "price_fair": 88.2,
            "eps_avg_yearly": 2.52,
            "eps_latest_yearly": 2.84,
            "eps_growth_yearly": 79.58
        },
        "20041": {
            "year_quarter": 20041,
            "year": 2004,
            "quarter": 1,
            "eps": 0.82,
            "eps_growth_year": 105,
            "eps_4q": 3.06,
            "eps_4q_growth_year": 45.03,
            "roe": 5.97,
            "roe_4q": 23.98,
            "gross_profit": 339712,
            "gross_margin": 36.46,
            "gross_margin_4q_avg": 34.47,
            "net_income": 150864,
            "revenue": 931729,
            "common_shares": 1834000,
            "book_valuer_per_share": 14.19,
            "book_valuer_per_share_4q_avg": 13.18,
            "equity": 2602722,
            "current_ratio": 306.7,
            "debt_ratio": 27.24,
            "inventory_turnover_ratio": 0.96,
            "account_receivable_turnover_ratio": null,
            "reinvestment_rate": null,
            "research_to_sale_ratio": null,
            "price_fair": 91.53,
            "eps_avg_yearly": 2.62,
            "eps_latest_yearly": 3.28,
            "eps_growth_yearly": 77.38
        },
        "20042": {
            "year_quarter": 20042,
            "year": 2004,
            "quarter": 2,
            "eps": 1.11,
            "eps_growth_year": 44.16,
            "eps_4q": 3.45,
            "eps_4q_growth_year": 44.54,
            "roe": 7.98,
            "roe_4q": 25.889999999999997,
            "gross_profit": 409522,
            "gross_margin": 40.61,
            "gross_margin_4q_avg": 36.38,
            "net_income": 203086,
            "revenue": 1008435,
            "common_shares": 1834000,
            "book_valuer_per_share": 13.57,
            "book_valuer_per_share_4q_avg": 13.47,
            "equity": 2489173,
            "current_ratio": 254.87,
            "debt_ratio": 32.96,
            "inventory_turnover_ratio": 0.88,
            "account_receivable_turnover_ratio": null,
            "reinvestment_rate": null,
            "research_to_sale_ratio": null,
            "price_fair": 98.62,
            "eps_avg_yearly": 2.82,
            "eps_latest_yearly": 4.44,
            "eps_growth_yearly": 84.5
        },
        "20043": {
            "year_quarter": 20043,
            "year": 2004,
            "quarter": 3,
            "eps": 1.19,
            "eps_growth_year": 48.75,
            "eps_4q": 3.68,
            "eps_4q_growth_year": 43.91,
            "roe": 8.9,
            "roe_4q": 28.270000000000003,
            "gross_profit": 423700,
            "gross_margin": 42.04,
            "gross_margin_4q_avg": 38.59,
            "net_income": 231501,
            "revenue": 1007900,
            "common_shares": 1941000,
            "book_valuer_per_share": 13.99,
            "book_valuer_per_share_4q_avg": 13.79,
            "equity": 2716048,
            "current_ratio": 352.57,
            "debt_ratio": 24.56,
            "inventory_turnover_ratio": 0.79,
            "account_receivable_turnover_ratio": null,
            "reinvestment_rate": null,
            "research_to_sale_ratio": null,
            "price_fair": 105.42,
            "eps_avg_yearly": 3.01,
            "eps_latest_yearly": 4.76,
            "eps_growth_yearly": 78.93
        },
        "20044": {
            "year_quarter": 20044,
            "year": 2004,
            "quarter": 4,
            "eps": 0.99,
            "eps_growth_year": 39.44,
            "eps_4q": 4.01,
            "eps_4q_growth_year": 51.55,
            "roe": 6.84,
            "roe_4q": 29.689999999999998,
            "gross_profit": 348909,
            "gross_margin": 39.22,
            "gross_margin_4q_avg": 39.58,
            "net_income": 192077,
            "revenue": 889670,
            "common_shares": 1941000,
            "book_valuer_per_share": 14.93,
            "book_valuer_per_share_4q_avg": 14.17,
            "equity": 2898409,
            "current_ratio": 546.92,
            "debt_ratio": 17.81,
            "inventory_turnover_ratio": 0.76,
            "account_receivable_turnover_ratio": null,
            "reinvestment_rate": null,
            "research_to_sale_ratio": null,
            "price_fair": 108.44,
            "eps_avg_yearly": 3.1,
            "eps_latest_yearly": 3.96,
            "eps_growth_yearly": 65.64
        },
        "20051": {
            "year_quarter": 20051,
            "year": 2005,
            "quarter": 1,
            "eps": 0.52,
            "eps_growth_year": -36.59,
            "eps_4q": 3.73,
            "eps_4q_growth_year": 21.91,
            "roe": 3.43,
            "roe_4q": 27.150000000000002,
            "gross_profit": 305341,
            "gross_margin": 41.19,
            "gross_margin_4q_avg": 40.77,
            "net_income": 101585,
            "revenue": 741378,
            "common_shares": 1941000,
            "book_valuer_per_share": 15.54,
            "book_valuer_per_share_4q_avg": 14.51,
            "equity": 3016722,
            "current_ratio": 478,
            "debt_ratio": 19.46,
            "inventory_turnover_ratio": 0.67,
            "account_receivable_turnover_ratio": null,
            "reinvestment_rate": null,
            "research_to_sale_ratio": null,
            "price_fair": 105.47,
            "eps_avg_yearly": 3.01,
            "eps_latest_yearly": 2.08,
            "eps_growth_yearly": 44.35
        },
        "20052": {
            "year_quarter": 20052,
            "year": 2005,
            "quarter": 2,
            "eps": 1.23,
            "eps_growth_year": 10.81,
            "eps_4q": 3.93,
            "eps_4q_growth_year": 14.12,
            "roe": 8.36,
            "roe_4q": 27.53,
            "gross_profit": 378994,
            "gross_margin": 41.83,
            "gross_margin_4q_avg": 41.07,
            "net_income": 238974,
            "revenue": 905978,
            "common_shares": 1941000,
            "book_valuer_per_share": 13.91,
            "book_valuer_per_share_4q_avg": 14.59,
            "equity": 2700436,
            "current_ratio": 265.33,
            "debt_ratio": 33.15,
            "inventory_turnover_ratio": 0.82,
            "account_receivable_turnover_ratio": null,
            "reinvestment_rate": null,
            "research_to_sale_ratio": null,
            "price_fair": 110.6,
            "eps_avg_yearly": 3.16,
            "eps_latest_yearly": 4.92,
            "eps_growth_yearly": 82.95
        },
        "20053": {
            "year_quarter": 20053,
            "year": 2005,
            "quarter": 3,
            "eps": 1.42,
            "eps_growth_year": 19.33,
            "eps_4q": 4,
            "eps_4q_growth_year": 8.72,
            "roe": 10.29,
            "roe_4q": 28.919999999999998,
            "gross_profit": 454298,
            "gross_margin": 43.15,
            "gross_margin_4q_avg": 41.35,
            "net_income": 293613,
            "revenue": 1052840,
            "common_shares": 2066145,
            "book_valuer_per_share": 14.55,
            "book_valuer_per_share_4q_avg": 14.73,
            "equity": 3005965,
            "current_ratio": 416.04,
            "debt_ratio": 21.27,
            "inventory_turnover_ratio": 1,
            "account_receivable_turnover_ratio": null,
            "reinvestment_rate": null,
            "research_to_sale_ratio": null,
            "price_fair": 116.9,
            "eps_avg_yearly": 3.34,
            "eps_latest_yearly": 5.68,
            "eps_growth_yearly": 81.44
        },
        "20054": {
            "year_quarter": 20054,
            "year": 2005,
            "quarter": 4,
            "eps": 1.37,
            "eps_growth_year": 38.38,
            "eps_4q": 4.44,
            "eps_4q_growth_year": 10.78,
            "roe": 8.97,
            "roe_4q": 31.049999999999997,
            "gross_profit": 465084,
            "gross_margin": 45.69,
            "gross_margin_4q_avg": 42.97,
            "net_income": 283054,
            "revenue": 1017948,
            "common_shares": 2066950,
            "book_valuer_per_share": 15.96,
            "book_valuer_per_share_4q_avg": 14.99,
            "equity": 3305347,
            "current_ratio": 486.75,
            "debt_ratio": 19.77,
            "inventory_turnover_ratio": 0.97,
            "account_receivable_turnover_ratio": null,
            "reinvestment_rate": -4.44,
            "research_to_sale_ratio": null,
            "price_fair": 121.89,
            "eps_avg_yearly": 3.48,
            "eps_latest_yearly": 5.48,
            "eps_growth_yearly": 75.07
        },
        "20061": {
            "year_quarter": 20061,
            "year": 2006,
            "quarter": 1,
            "eps": 1.15,
            "eps_growth_year": 121.15,
            "eps_4q": 5.09,
            "eps_4q_growth_year": 36.57,
            "roe": 6.95,
            "roe_4q": 34.57,
            "gross_profit": 406079,
            "gross_margin": 45.1,
            "gross_margin_4q_avg": 43.94,
            "net_income": 237994,
            "revenue": 900319,
            "common_shares": 2072445,
            "book_valuer_per_share": 17.1,
            "book_valuer_per_share_4q_avg": 15.38,
            "equity": 3543089,
            "current_ratio": 465.15,
            "debt_ratio": 18.01,
            "inventory_turnover_ratio": 0.84,
            "account_receivable_turnover_ratio": null,
            "reinvestment_rate": -3.88,
            "research_to_sale_ratio": null,
            "price_fair": 124.34,
            "eps_avg_yearly": 3.55,
            "eps_latest_yearly": 4.6,
            "eps_growth_yearly": 66.36
        },
        "20062": {
            "year_quarter": 20062,
            "year": 2006,
            "quarter": 2,
            "eps": 1.35,
            "eps_growth_year": 9.76,
            "eps_4q": 5.27,
            "eps_4q_growth_year": 33.96,
            "roe": 8.52,
            "roe_4q": 34.73,
            "gross_profit": 478816,
            "gross_margin": 45.78,
            "gross_margin_4q_avg": 44.93,
            "net_income": 280663,
            "revenue": 1045826,
            "common_shares": 2074515,
            "book_valuer_per_share": 14.67,
            "book_valuer_per_share_4q_avg": 15.57,
            "equity": 3043681,
            "current_ratio": 231.93,
            "debt_ratio": 35.63,
            "inventory_turnover_ratio": 0.9,
            "account_receivable_turnover_ratio": null,
            "reinvestment_rate": -2.96,
            "research_to_sale_ratio": null,
            "price_fair": 131.6,
            "eps_avg_yearly": 3.76,
            "eps_latest_yearly": 5.4,
            "eps_growth_yearly": 53.78
        },
        "20063": {
            "year_quarter": 20063,
            "year": 2006,
            "quarter": 3,
            "eps": 1.41,
            "eps_growth_year": -0.7,
            "eps_4q": 5.22,
            "eps_4q_growth_year": 30.51,
            "roe": 9.29,
            "roe_4q": 33.73,
            "gross_profit": 480714,
            "gross_margin": 45.58,
            "gross_margin_4q_avg": 45.54,
            "net_income": 297074,
            "revenue": 1054738,
            "common_shares": 2121001,
            "book_valuer_per_share": 15.79,
            "book_valuer_per_share_4q_avg": 15.88,
            "equity": 3348952,
            "current_ratio": 432.21,
            "debt_ratio": 18.93,
            "inventory_turnover_ratio": 0.91,
            "account_receivable_turnover_ratio": null,
            "reinvestment_rate": -2.39,
            "research_to_sale_ratio": null,
            "price_fair": 139.13,
            "eps_avg_yearly": 3.98,
            "eps_latest_yearly": 5.64,
            "eps_growth_yearly": 53.44
        },
        "20064": {
            "year_quarter": 20064,
            "year": 2006,
            "quarter": 4,
            "eps": 1.15,
            "eps_growth_year": -16.06,
            "eps_4q": 5.02,
            "eps_4q_growth_year": 12.99,
            "roe": 6.98,
            "roe_4q": 31.74,
            "gross_profit": 416365,
            "gross_margin": 46.76,
            "gross_margin_4q_avg": 45.81,
            "net_income": 242640,
            "revenue": 890413,
            "common_shares": 2122104,
            "book_valuer_per_share": 16.94,
            "book_valuer_per_share_4q_avg": 16.13,
            "equity": 3601707,
            "current_ratio": 477.49,
            "debt_ratio": 18.71,
            "inventory_turnover_ratio": 0.77,
            "account_receivable_turnover_ratio": null,
            "reinvestment_rate": -1.85,
            "research_to_sale_ratio": null,
            "price_fair": 143.41,
            "eps_avg_yearly": 4.1,
            "eps_latest_yearly": 4.6,
            "eps_growth_yearly": 43.83
        },
        "20071": {
            "year_quarter": 20071,
            "year": 2007,
            "quarter": 1,
            "eps": 0.94,
            "eps_growth_year": -18.26,
            "eps_4q": 4.81,
            "eps_4q_growth_year": -5.48,
            "roe": 5.38,
            "roe_4q": 30.169999999999998,
            "gross_profit": 371253,
            "gross_margin": 45.61,
            "gross_margin_4q_avg": 45.93,
            "net_income": 199163,
            "revenue": 813909,
            "common_shares": 2124701,
            "book_valuer_per_share": 17.92,
            "book_valuer_per_share_4q_avg": 16.33,
            "equity": 3806480,
            "current_ratio": 514.94,
            "debt_ratio": 16.27,
            "inventory_turnover_ratio": 0.7,
            "account_receivable_turnover_ratio": null,
            "reinvestment_rate": -2.23,
            "research_to_sale_ratio": null,
            "price_fair": 148.14,
            "eps_avg_yearly": 4.23,
            "eps_latest_yearly": 3.76,
            "eps_growth_yearly": 49.12
        },
        "20072": {
            "year_quarter": 20072,
            "year": 2007,
            "quarter": 2,
            "eps": 0.99,
            "eps_growth_year": -26.67,
            "eps_4q": 4.46,
            "eps_4q_growth_year": -15.38,
            "roe": 6.09,
            "roe_4q": 27.74,
            "gross_profit": 462740,
            "gross_margin": 47.15,
            "gross_margin_4q_avg": 46.28,
            "net_income": 210919,
            "revenue": 981479,
            "common_shares": 2127594,
            "book_valuer_per_share": 14.65,
            "book_valuer_per_share_4q_avg": 16.33,
            "equity": 3116948,
            "current_ratio": 233.19,
            "debt_ratio": 34.58,
            "inventory_turnover_ratio": 0.86,
            "account_receivable_turnover_ratio": null,
            "reinvestment_rate": -2,
            "research_to_sale_ratio": null,
            "price_fair": 150.06,
            "eps_avg_yearly": 4.29,
            "eps_latest_yearly": 3.96,
            "eps_growth_yearly": 27.32
        },
        "20073": {
            "year_quarter": 20073,
            "year": 2007,
            "quarter": 3,
            "eps": 1.15,
            "eps_growth_year": -18.44,
            "eps_4q": 4.17,
            "eps_4q_growth_year": -20.05,
            "roe": 7.66,
            "roe_4q": 26.11,
            "gross_profit": 448860,
            "gross_margin": 45,
            "gross_margin_4q_avg": 46.13,
            "net_income": 248607,
            "revenue": 997359,
            "common_shares": 2175508,
            "book_valuer_per_share": 15.5,
            "book_valuer_per_share_4q_avg": 16.25,
            "equity": 3371486,
            "current_ratio": 404.5,
            "debt_ratio": 19.78,
            "inventory_turnover_ratio": 1.04,
            "account_receivable_turnover_ratio": null,
            "reinvestment_rate": -2,
            "research_to_sale_ratio": null,
            "price_fair": 153.13,
            "eps_avg_yearly": 4.38,
            "eps_latest_yearly": 4.6,
            "eps_growth_yearly": 30.39
        },
        "20074": {
            "year_quarter": 20074,
            "year": 2007,
            "quarter": 4,
            "eps": 0.97,
            "eps_growth_year": -15.65,
            "eps_4q": 3.99,
            "eps_4q_growth_year": -20.47,
            "roe": 6.08,
            "roe_4q": 25.209999999999997,
            "gross_profit": 412437,
            "gross_margin": 45.72,
            "gross_margin_4q_avg": 45.87,
            "net_income": 211624,
            "revenue": 902009,
            "common_shares": 2178433,
            "book_valuer_per_share": 16.47,
            "book_valuer_per_share_4q_avg": 16.14,
            "equity": 3594931,
            "current_ratio": 457.62,
            "debt_ratio": 19.18,
            "inventory_turnover_ratio": 0.9,
            "account_receivable_turnover_ratio": null,
            "reinvestment_rate": -1.26,
            "research_to_sale_ratio": null,
            "price_fair": 155.4,
            "eps_avg_yearly": 4.44,
            "eps_latest_yearly": 3.88,
            "eps_growth_yearly": 29.29
        },
        "20081": {
            "year_quarter": 20081,
            "year": 2008,
            "quarter": 1,
            "eps": 0.64,
            "eps_growth_year": -31.91,
            "eps_4q": 3.71,
            "eps_4q_growth_year": -22.9,
            "roe": 3.83,
            "roe_4q": 23.66,
            "gross_profit": 406567,
            "gross_margin": 45.68,
            "gross_margin_4q_avg": 45.89,
            "net_income": 139928,
            "revenue": 890067,
            "common_shares": 2180053,
            "book_valuer_per_share": 17.03,
            "book_valuer_per_share_4q_avg": 15.91,
            "equity": 3718915,
            "current_ratio": 506.17,
            "debt_ratio": 17.38,
            "inventory_turnover_ratio": 0.81,
            "account_receivable_turnover_ratio": null,
            "reinvestment_rate": 0.87,
            "research_to_sale_ratio": null,
            "price_fair": 118.27,
            "eps_avg_yearly": 4.4,
            "eps_latest_yearly": 2.56,
            "eps_growth_yearly": 16.91
        },
        "20082": {
            "year_quarter": 20082,
            "year": 2008,
            "quarter": 2,
            "eps": 1.01,
            "eps_growth_year": 2.02,
            "eps_4q": 3.77,
            "eps_4q_growth_year": -15.44,
            "roe": 6.36,
            "roe_4q": 23.930000000000003,
            "gross_profit": 428811,
            "gross_margin": 45.72,
            "gross_margin_4q_avg": 45.53,
            "net_income": 219780,
            "revenue": 937878,
            "common_shares": 2182973,
            "book_valuer_per_share": 14.58,
            "book_valuer_per_share_4q_avg": 15.9,
            "equity": 3189147,
            "current_ratio": 246.71,
            "debt_ratio": 33.4,
            "inventory_turnover_ratio": 0.84,
            "account_receivable_turnover_ratio": null,
            "reinvestment_rate": 1.15,
            "research_to_sale_ratio": null,
            "price_fair": 142.12,
            "eps_avg_yearly": 4.37,
            "eps_latest_yearly": 4.04,
            "eps_growth_yearly": 22.52
        },
        "20083": {
            "year_quarter": 20083,
            "year": 2008,
            "quarter": 3,
            "eps": 0.88,
            "eps_growth_year": -23.48,
            "eps_4q": 3.48,
            "eps_4q_growth_year": -16.5,
            "roe": 5.87,
            "roe_4q": 22.14,
            "gross_profit": 405452,
            "gross_margin": 44.83,
            "gross_margin_4q_avg": 45.49,
            "net_income": 193434,
            "revenue": 904464,
            "common_shares": 2209104,
            "book_valuer_per_share": 15.37,
            "book_valuer_per_share_4q_avg": 15.86,
            "equity": 3400955,
            "current_ratio": 425.66,
            "debt_ratio": 19.25,
            "inventory_turnover_ratio": 0.84,
            "account_receivable_turnover_ratio": null,
            "reinvestment_rate": 1.91,
            "research_to_sale_ratio": null,
            "price_fair": 118.05,
            "eps_avg_yearly": 4.29,
            "eps_latest_yearly": 3.52,
            "eps_growth_yearly": 17.5
        },
        "20084": {
            "year_quarter": 20084,
            "year": 2008,
            "quarter": 4,
            "eps": 0.22,
            "eps_growth_year": -77.32,
            "eps_4q": 2.78,
            "eps_4q_growth_year": -30.38,
            "roe": 1.39,
            "roe_4q": 17.450000000000003,
            "gross_profit": 342814,
            "gross_margin": 48.23,
            "gross_margin_4q_avg": 46.12,
            "net_income": 47673,
            "revenue": 710776,
            "common_shares": 2209552,
            "book_valuer_per_share": 15.6,
            "book_valuer_per_share_4q_avg": 15.65,
            "equity": 3453340,
            "current_ratio": 501.28,
            "debt_ratio": 16.91,
            "inventory_turnover_ratio": 0.67,
            "account_receivable_turnover_ratio": 3.79,
            "reinvestment_rate": 1.1,
            "research_to_sale_ratio": null,
            "price_fair": 53.11,
            "eps_avg_yearly": 4.1,
            "eps_latest_yearly": 0.88,
            "eps_growth_yearly": 2.95
        },
        "20091": {
            "year_quarter": 20091,
            "year": 2009,
            "quarter": 1,
            "eps": 0.35,
            "eps_growth_year": -45.31,
            "eps_4q": 2.47,
            "eps_4q_growth_year": -33.47,
            "roe": 2.18,
            "roe_4q": 15.8,
            "gross_profit": 277997,
            "gross_margin": 50.98,
            "gross_margin_4q_avg": 47.44,
            "net_income": 76355,
            "revenue": 545344,
            "common_shares": 2209974,
            "book_valuer_per_share": 15.99,
            "book_valuer_per_share_4q_avg": 15.39,
            "equity": 3539311,
            "current_ratio": 591.96,
            "debt_ratio": 14.64,
            "inventory_turnover_ratio": 0.57,
            "account_receivable_turnover_ratio": 1.56,
            "reinvestment_rate": 2.29,
            "research_to_sale_ratio": null,
            "price_fair": 142.01,
            "eps_avg_yearly": 4.06,
            "eps_latest_yearly": 1.4,
            "eps_growth_yearly": 29.6
        },
        "20092": {
            "year_quarter": 20092,
            "year": 2009,
            "quarter": 2,
            "eps": 0.62,
            "eps_growth_year": -38.61,
            "eps_4q": 2.06,
            "eps_4q_growth_year": -45.4,
            "roe": 4.12,
            "roe_4q": 13.56,
            "gross_profit": 375334,
            "gross_margin": 49.68,
            "gross_margin_4q_avg": 48.43,
            "net_income": 137497,
            "revenue": 755440,
            "common_shares": 2211809,
            "book_valuer_per_share": 14.16,
            "book_valuer_per_share_4q_avg": 15.28,
            "equity": 3137143,
            "current_ratio": 274.95,
            "debt_ratio": 30.04,
            "inventory_turnover_ratio": 0.86,
            "account_receivable_turnover_ratio": 1.93,
            "reinvestment_rate": 2,
            "research_to_sale_ratio": null,
            "price_fair": 96.63,
            "eps_avg_yearly": 3.91,
            "eps_latest_yearly": 2.48,
            "eps_growth_yearly": 14.75
        },
        "20093": {
            "year_quarter": 20093,
            "year": 2009,
            "quarter": 3,
            "eps": 0.95,
            "eps_growth_year": 7.95,
            "eps_4q": 2.13,
            "eps_4q_growth_year": -38.68,
            "roe": 6.49,
            "roe_4q": 14.18,
            "gross_profit": 474495,
            "gross_margin": 50.54,
            "gross_margin_4q_avg": 49.86,
            "net_income": 210438,
            "revenue": 938866,
            "common_shares": 2222175,
            "book_valuer_per_share": 15.03,
            "book_valuer_per_share_4q_avg": 15.2,
            "equity": 3344493,
            "current_ratio": 394.17,
            "debt_ratio": 21.31,
            "inventory_turnover_ratio": 0.94,
            "account_receivable_turnover_ratio": 1.9,
            "reinvestment_rate": 2,
            "research_to_sale_ratio": null,
            "price_fair": 129.5,
            "eps_avg_yearly": 3.79,
            "eps_latest_yearly": 3.8,
            "eps_growth_yearly": 24.19
        },
        "20094": {
            "year_quarter": 20094,
            "year": 2009,
            "quarter": 4,
            "eps": 0.87,
            "eps_growth_year": 295.45,
            "eps_4q": 2.78,
            "eps_4q_growth_year": -0.04,
            "roe": 5.63,
            "roe_4q": 18.42,
            "gross_profit": 429262,
            "gross_margin": 48.81,
            "gross_margin_4q_avg": 50,
            "net_income": 193702,
            "revenue": 879431,
            "common_shares": 2223015,
            "book_valuer_per_share": 15.87,
            "book_valuer_per_share_4q_avg": 15.26,
            "equity": 3534013,
            "current_ratio": 464.35,
            "debt_ratio": 19.15,
            "inventory_turnover_ratio": 0.87,
            "account_receivable_turnover_ratio": 3.32,
            "reinvestment_rate": 16.25,
            "research_to_sale_ratio": null,
            "price_fair": 120.74,
            "eps_avg_yearly": 3.66,
            "eps_latest_yearly": 3.48,
            "eps_growth_yearly": 22.97
        },
        "20101": {
            "year_quarter": 20101,
            "year": 2010,
            "quarter": 1,
            "eps": 0.86,
            "eps_growth_year": 145.71,
            "eps_4q": 3.29,
            "eps_4q_growth_year": 33.29,
            "roe": 5.31,
            "roe_4q": 21.55,
            "gross_profit": 440533,
            "gross_margin": 48.78,
            "gross_margin_4q_avg": 49.45,
            "net_income": 192574,
            "revenue": 903069,
            "common_shares": 2223475,
            "book_valuer_per_share": 16.71,
            "book_valuer_per_share_4q_avg": 15.44,
            "equity": 3718934,
            "current_ratio": 459.6,
            "debt_ratio": 19.49,
            "inventory_turnover_ratio": 0.93,
            "account_receivable_turnover_ratio": 1.72,
            "reinvestment_rate": 17.99,
            "research_to_sale_ratio": 14.17,
            "price_fair": 125.65,
            "eps_avg_yearly": 3.59,
            "eps_latest_yearly": 3.44,
            "eps_growth_yearly": 26.69
        },
        "20102": {
            "year_quarter": 20102,
            "year": 2010,
            "quarter": 2,
            "eps": 1.22,
            "eps_growth_year": 95.99,
            "eps_4q": 3.88,
            "eps_4q_growth_year": 88.63,
            "roe": 7.57,
            "roe_4q": 25,
            "gross_profit": 552703,
            "gross_margin": 46.43,
            "gross_margin_4q_avg": 48.64,
            "net_income": 271001,
            "revenue": 1190406,
            "common_shares": 2225562,
            "book_valuer_per_share": 15.47,
            "book_valuer_per_share_4q_avg": 15.77,
            "equity": 3444867,
            "current_ratio": 272.17,
            "debt_ratio": 32.43,
            "inventory_turnover_ratio": 1.31,
            "account_receivable_turnover_ratio": 1.86,
            "reinvestment_rate": 18.53,
            "research_to_sale_ratio": 14.66,
            "price_fair": 124.51,
            "eps_avg_yearly": 3.56,
            "eps_latest_yearly": 4.88,
            "eps_growth_yearly": 32.81
        },
        "20103": {
            "year_quarter": 20103,
            "year": 2010,
            "quarter": 3,
            "eps": 0.96,
            "eps_growth_year": 1.32,
            "eps_4q": 3.9,
            "eps_4q_growth_year": 82.72,
            "roe": 6.05,
            "roe_4q": 24.56,
            "gross_profit": 500558,
            "gross_margin": 45,
            "gross_margin_4q_avg": 47.26,
            "net_income": 214833,
            "revenue": 1112378,
            "common_shares": 2226662,
            "book_valuer_per_share": 16.42,
            "book_valuer_per_share_4q_avg": 16.12,
            "equity": 3657955,
            "current_ratio": 385.92,
            "debt_ratio": 23.38,
            "inventory_turnover_ratio": 1.22,
            "account_receivable_turnover_ratio": 1.6,
            "reinvestment_rate": 19.42,
            "research_to_sale_ratio": 14.18,
            "price_fair": 120.58,
            "eps_avg_yearly": 3.45,
            "eps_latest_yearly": 3.84,
            "eps_growth_yearly": 26.37
        },
        "20104": {
            "year_quarter": 20104,
            "year": 2010,
            "quarter": 4,
            "eps": 0.48,
            "eps_growth_year": -44.42,
            "eps_4q": 3.51,
            "eps_4q_growth_year": 26.53,
            "roe": 2.91,
            "roe_4q": 21.84,
            "gross_profit": 360399,
            "gross_margin": 42.81,
            "gross_margin_4q_avg": 45.76,
            "net_income": 108196,
            "revenue": 841890,
            "common_shares": 2227987,
            "book_valuer_per_share": 16.9,
            "book_valuer_per_share_4q_avg": 16.38,
            "equity": 3768680,
            "current_ratio": 415.17,
            "debt_ratio": 21.98,
            "inventory_turnover_ratio": 0.81,
            "account_receivable_turnover_ratio": 1.55,
            "reinvestment_rate": 17.95,
            "research_to_sale_ratio": 18.98,
            "price_fair": 93.35,
            "eps_avg_yearly": 3.28,
            "eps_latest_yearly": 1.92,
            "eps_growth_yearly": 18.48
        },
        "20111": {
            "year_quarter": 20111,
            "year": 2011,
            "quarter": 1,
            "eps": 0.5,
            "eps_growth_year": -41.86,
            "eps_4q": 3.15,
            "eps_4q_growth_year": -4.31,
            "roe": 2.92,
            "roe_4q": 19.45,
            "gross_profit": 367045,
            "gross_margin": 43.45,
            "gross_margin_4q_avg": 44.42,
            "net_income": 111895,
            "revenue": 844782,
            "common_shares": 2230442,
            "book_valuer_per_share": 17.39,
            "book_valuer_per_share_4q_avg": 16.55,
            "equity": 3884588,
            "current_ratio": 527.98,
            "debt_ratio": 17.83,
            "inventory_turnover_ratio": 0.75,
            "account_receivable_turnover_ratio": 1.82,
            "reinvestment_rate": 19.68,
            "research_to_sale_ratio": 16.37,
            "price_fair": 107.98,
            "eps_avg_yearly": 3.17,
            "eps_latest_yearly": 2,
            "eps_growth_yearly": 24.09
        },
        "20112": {
            "year_quarter": 20112,
            "year": 2011,
            "quarter": 2,
            "eps": 0.73,
            "eps_growth_year": -40.15,
            "eps_4q": 2.67,
            "eps_4q_growth_year": -31.33,
            "roe": 4.49,
            "roe_4q": 16.37,
            "gross_profit": 430875,
            "gross_margin": 42.31,
            "gross_margin_4q_avg": 43.39,
            "net_income": 162744,
            "revenue": 1018427,
            "common_shares": 2233397,
            "book_valuer_per_share": 14.99,
            "book_valuer_per_share_4q_avg": 16.43,
            "equity": 3359971,
            "current_ratio": 256.03,
            "debt_ratio": 33.35,
            "inventory_turnover_ratio": 1,
            "account_receivable_turnover_ratio": 1.8,
            "reinvestment_rate": 22.48,
            "research_to_sale_ratio": 15.15,
            "price_fair": 108.59,
            "eps_avg_yearly": 3.1,
            "eps_latest_yearly": 2.92,
            "eps_growth_yearly": 34.26
        },
        "20113": {
            "year_quarter": 20113,
            "year": 2011,
            "quarter": 3,
            "eps": 0.7,
            "eps_growth_year": -27.21,
            "eps_4q": 2.41,
            "eps_4q_growth_year": -38.1,
            "roe": 4.54,
            "roe_4q": 14.860000000000001,
            "gross_profit": 379820,
            "gross_margin": 43.21,
            "gross_margin_4q_avg": 42.95,
            "net_income": 156539,
            "revenue": 879024,
            "common_shares": 2235985,
            "book_valuer_per_share": 15.79,
            "book_valuer_per_share_4q_avg": 16.27,
            "equity": 3539041,
            "current_ratio": 432.93,
            "debt_ratio": 19.85,
            "inventory_turnover_ratio": 0.86,
            "account_receivable_turnover_ratio": 1.41,
            "reinvestment_rate": 24.83,
            "research_to_sale_ratio": 15.54,
            "price_fair": 104.65,
            "eps_avg_yearly": 2.99,
            "eps_latest_yearly": 2.8,
            "eps_growth_yearly": 29.19
        },
        "20114": {
            "year_quarter": 20114,
            "year": 2011,
            "quarter": 4,
            "eps": 0.43,
            "eps_growth_year": -12.07,
            "eps_4q": 2.36,
            "eps_4q_growth_year": -32.94,
            "roe": 2.66,
            "roe_4q": 14.610000000000001,
            "gross_profit": 344174,
            "gross_margin": 44.29,
            "gross_margin_4q_avg": 43.32,
            "net_income": 95509,
            "revenue": 777138,
            "common_shares": 2235985,
            "book_valuer_per_share": 16.22,
            "book_valuer_per_share_4q_avg": 16.1,
            "equity": 3635607,
            "current_ratio": 468.71,
            "debt_ratio": 18.88,
            "inventory_turnover_ratio": 0.76,
            "account_receivable_turnover_ratio": 1.44,
            "reinvestment_rate": 27.68,
            "research_to_sale_ratio": 18.81,
            "price_fair": 95.53,
            "eps_avg_yearly": 2.86,
            "eps_latest_yearly": 1.72,
            "eps_growth_yearly": 23.46
        },
        "20121": {
            "year_quarter": 20121,
            "year": 2012,
            "quarter": 1,
            "eps": 0.43,
            "eps_growth_year": -14,
            "eps_4q": 2.28,
            "eps_4q_growth_year": -27.49,
            "roe": 2.59,
            "roe_4q": 14.28,
            "gross_profit": 334052,
            "gross_margin": 43.88,
            "gross_margin_4q_avg": 43.42,
            "net_income": 95288,
            "revenue": 761204,
            "common_shares": 2235985,
            "book_valuer_per_share": 16.61,
            "book_valuer_per_share_4q_avg": 15.9,
            "equity": 3721608,
            "current_ratio": 484,
            "debt_ratio": 18.59,
            "inventory_turnover_ratio": 0.75,
            "account_receivable_turnover_ratio": 1.53,
            "reinvestment_rate": 25.97,
            "research_to_sale_ratio": 17.58,
            "price_fair": 98.09,
            "eps_avg_yearly": 2.8,
            "eps_latest_yearly": 1.72,
            "eps_growth_yearly": 31.97
        },
        "20122": {
            "year_quarter": 20122,
            "year": 2012,
            "quarter": 2,
            "eps": 0.82,
            "eps_growth_year": 12.49,
            "eps_4q": 2.37,
            "eps_4q_growth_year": -11.05,
            "roe": 5.15,
            "roe_4q": 14.940000000000001,
            "gross_profit": 429559,
            "gross_margin": 43.12,
            "gross_margin_4q_avg": 43.63,
            "net_income": 183346,
            "revenue": 996170,
            "common_shares": 2235985,
            "book_valuer_per_share": 15.14,
            "book_valuer_per_share_4q_avg": 15.94,
            "equity": 3392723,
            "current_ratio": 267.31,
            "debt_ratio": 31.51,
            "inventory_turnover_ratio": 0.91,
            "account_receivable_turnover_ratio": 1.77,
            "reinvestment_rate": 26.08,
            "research_to_sale_ratio": 14.24,
            "price_fair": 96.43,
            "eps_avg_yearly": 2.76,
            "eps_latest_yearly": 3.28,
            "eps_growth_yearly": 40.19
        },
        "20123": {
            "year_quarter": 20123,
            "year": 2012,
            "quarter": 3,
            "eps": 0.73,
            "eps_growth_year": 4.33,
            "eps_4q": 2.4,
            "eps_4q_growth_year": -0.54,
            "roe": 4.72,
            "roe_4q": 15.120000000000001,
            "gross_profit": 414983,
            "gross_margin": 44.36,
            "gross_margin_4q_avg": 43.91,
            "net_income": 163934,
            "revenue": 935518,
            "common_shares": 2235985,
            "book_valuer_per_share": 15.84,
            "book_valuer_per_share_4q_avg": 15.95,
            "equity": 3550554,
            "current_ratio": 408.17,
            "debt_ratio": 19.88,
            "inventory_turnover_ratio": 0.82,
            "account_receivable_turnover_ratio": 1.61,
            "reinvestment_rate": 33.22,
            "research_to_sale_ratio": 15.86,
            "price_fair": 95.11,
            "eps_avg_yearly": 2.72,
            "eps_latest_yearly": 2.92,
            "eps_growth_yearly": 40.66
        },
        "20124": {
            "year_quarter": 20124,
            "year": 2012,
            "quarter": 4,
            "eps": 0.53,
            "eps_growth_year": 24.42,
            "eps_4q": 2.51,
            "eps_4q_growth_year": 6.34,
            "roe": 3.28,
            "roe_4q": 15.74,
            "gross_profit": 390418,
            "gross_margin": 45.24,
            "gross_margin_4q_avg": 44.15,
            "net_income": 118481,
            "revenue": 863060,
            "common_shares": 2235985,
            "book_valuer_per_share": 16.36,
            "book_valuer_per_share_4q_avg": 15.99,
            "equity": 3667164,
            "current_ratio": 425.64,
            "debt_ratio": 19.66,
            "inventory_turnover_ratio": 0.8,
            "account_receivable_turnover_ratio": 1.61,
            "reinvestment_rate": 33.48,
            "research_to_sale_ratio": 17.48,
            "price_fair": 97.83,
            "eps_avg_yearly": 2.8,
            "eps_latest_yearly": 2.12,
            "eps_growth_yearly": 52.56
        },
        "20131": {
            "year_quarter": 20131,
            "year": 2013,
            "quarter": 1,
            "eps": 0.67,
            "eps_growth_year": 55.81,
            "eps_4q": 2.75,
            "eps_4q_growth_year": 20.5,
            "roe": 4.03,
            "roe_4q": 17.18,
            "gross_profit": 398671,
            "gross_margin": 44.65,
            "gross_margin_4q_avg": 44.34,
            "net_income": 151125,
            "revenue": 892829,
            "common_shares": 2235985,
            "book_valuer_per_share": 17.12,
            "book_valuer_per_share_4q_avg": 16.12,
            "equity": 3837283,
            "current_ratio": 409.83,
            "debt_ratio": 20.32,
            "inventory_turnover_ratio": 0.88,
            "account_receivable_turnover_ratio": 1.7,
            "reinvestment_rate": 33.21,
            "research_to_sale_ratio": 16.44,
            "price_fair": 100.63,
            "eps_avg_yearly": 2.88,
            "eps_latest_yearly": 2.68,
            "eps_growth_yearly": 44.39
        },
        "20132": {
            "year_quarter": 20132,
            "year": 2013,
            "quarter": 2,
            "eps": 0.97,
            "eps_growth_year": 18.58,
            "eps_4q": 2.9,
            "eps_4q_growth_year": 22.45,
            "roe": 5.97,
            "roe_4q": 18,
            "gross_profit": 483091,
            "gross_margin": 46.17,
            "gross_margin_4q_avg": 45.11,
            "net_income": 219225,
            "revenue": 1046284,
            "common_shares": 2235985,
            "book_valuer_per_share": 15.65,
            "book_valuer_per_share_4q_avg": 16.24,
            "equity": 3510341,
            "current_ratio": 249.83,
            "debt_ratio": 32.17,
            "inventory_turnover_ratio": 1.01,
            "account_receivable_turnover_ratio": 1.74,
            "reinvestment_rate": 33.34,
            "research_to_sale_ratio": 15.24,
            "price_fair": 103.69,
            "eps_avg_yearly": 2.96,
            "eps_latest_yearly": 3.88,
            "eps_growth_yearly": 36.3
        },
        "20133": {
            "year_quarter": 20133,
            "year": 2013,
            "quarter": 3,
            "eps": 0.87,
            "eps_growth_year": 19.02,
            "eps_4q": 3.03,
            "eps_4q_growth_year": 26.19,
            "roe": 5.42,
            "roe_4q": 18.700000000000003,
            "gross_profit": 464870,
            "gross_margin": 47.96,
            "gross_margin_4q_avg": 46.01,
            "net_income": 195761,
            "revenue": 969322,
            "common_shares": 2236805,
            "book_valuer_per_share": 16.53,
            "book_valuer_per_share_4q_avg": 16.42,
            "equity": 3709746,
            "current_ratio": 381.76,
            "debt_ratio": 21.43,
            "inventory_turnover_ratio": 0.89,
            "account_receivable_turnover_ratio": 1.53,
            "reinvestment_rate": 34,
            "research_to_sale_ratio": 16.09,
            "price_fair": 89.5,
            "eps_avg_yearly": 2.94,
            "eps_latest_yearly": 3.48,
            "eps_growth_yearly": 20.42
        },
        "20134": {
            "year_quarter": 20134,
            "year": 2013,
            "quarter": 4,
            "eps": 0.79,
            "eps_growth_year": 50.17,
            "eps_4q": 3.25,
            "eps_4q_growth_year": 29.86,
            "roe": 4.73,
            "roe_4q": 20.150000000000002,
            "gross_profit": 456591,
            "gross_margin": 46.31,
            "gross_margin_4q_avg": 46.27,
            "net_income": 181689,
            "revenue": 985926,
            "common_shares": 2249412,
            "book_valuer_per_share": 17.52,
            "book_valuer_per_share_4q_avg": 16.71,
            "equity": 3974368,
            "current_ratio": 448.45,
            "debt_ratio": 19.38,
            "inventory_turnover_ratio": 0.97,
            "account_receivable_turnover_ratio": 1.62,
            "reinvestment_rate": 14.45,
            "research_to_sale_ratio": 16.34,
            "price_fair": 88.33,
            "eps_avg_yearly": 2.92,
            "eps_latest_yearly": 3.16,
            "eps_growth_yearly": 20.22
        },
        "20141": {
            "year_quarter": 20141,
            "year": 2014,
            "quarter": 1,
            "eps": 0.73,
            "eps_growth_year": 8.96,
            "eps_4q": 3.36,
            "eps_4q_growth_year": 22.09,
            "roe": 4.09,
            "roe_4q": 20.21,
            "gross_profit": 416501,
            "gross_margin": 47.1,
            "gross_margin_4q_avg": 46.89,
            "net_income": 165833,
            "revenue": 884215,
            "common_shares": 2261682,
            "book_valuer_per_share": 18.24,
            "book_valuer_per_share_4q_avg": 16.99,
            "equity": 4138787,
            "current_ratio": 470.89,
            "debt_ratio": 18.7,
            "inventory_turnover_ratio": 0.86,
            "account_receivable_turnover_ratio": 1.5,
            "reinvestment_rate": 13.71,
            "research_to_sale_ratio": 16.56,
            "price_fair": 82.69,
            "eps_avg_yearly": 2.89,
            "eps_latest_yearly": 2.92,
            "eps_growth_yearly": 18.61
        },
        "20142": {
            "year_quarter": 20142,
            "year": 2014,
            "quarter": 2,
            "eps": 0.92,
            "eps_growth_year": -5.15,
            "eps_4q": 3.31,
            "eps_4q_growth_year": 14.12,
            "roe": 5.41,
            "roe_4q": 19.65,
            "gross_profit": 491458,
            "gross_margin": 47.66,
            "gross_margin_4q_avg": 47.26,
            "net_income": 209055,
            "revenue": 1031154,
            "common_shares": 2261682,
            "book_valuer_per_share": 15.8,
            "book_valuer_per_share_4q_avg": 17.02,
            "equity": 3586586,
            "current_ratio": 258.73,
            "debt_ratio": 32.4,
            "inventory_turnover_ratio": 0.96,
            "account_receivable_turnover_ratio": 1.65,
            "reinvestment_rate": 12.41,
            "research_to_sale_ratio": 16.47,
            "price_fair": 69.4,
            "eps_avg_yearly": 2.82,
            "eps_latest_yearly": 3.68,
            "eps_growth_yearly": 14.65
        },
        "20143": {
            "year_quarter": 20143,
            "year": 2014,
            "quarter": 3,
            "eps": 0.9,
            "eps_growth_year": 3.45,
            "eps_4q": 3.35,
            "eps_4q_growth_year": 10.68,
            "roe": 5.59,
            "roe_4q": 19.82,
            "gross_profit": 466844,
            "gross_margin": 47.64,
            "gross_margin_4q_avg": 47.18,
            "net_income": 206691,
            "revenue": 979845,
            "common_shares": 2261682,
            "book_valuer_per_share": 16.78,
            "book_valuer_per_share_4q_avg": 17.09,
            "equity": 3811988,
            "current_ratio": 443.02,
            "debt_ratio": 19.47,
            "inventory_turnover_ratio": 0.94,
            "account_receivable_turnover_ratio": 1.47,
            "reinvestment_rate": 12.58,
            "research_to_sale_ratio": 16.76,
            "price_fair": 82.43,
            "eps_avg_yearly": 2.8,
            "eps_latest_yearly": 3.6,
            "eps_growth_yearly": 19.44
        },
        "20144": {
            "year_quarter": 20144,
            "year": 2014,
            "quarter": 4,
            "eps": 0.95,
            "eps_growth_year": 19.56,
            "eps_4q": 3.5,
            "eps_4q_growth_year": 7.58,
            "roe": 5.52,
            "roe_4q": 20.61,
            "gross_profit": 509129,
            "gross_margin": 49.18,
            "gross_margin_4q_avg": 47.9,
            "net_income": 217005,
            "revenue": 1035305,
            "common_shares": 2261682,
            "book_valuer_per_share": 17.86,
            "book_valuer_per_share_4q_avg": 17.17,
            "equity": 4057607,
            "current_ratio": 446.36,
            "debt_ratio": 19.8,
            "inventory_turnover_ratio": 1.01,
            "account_receivable_turnover_ratio": 1.56,
            "reinvestment_rate": 14.13,
            "research_to_sale_ratio": 17.15,
            "price_fair": 102.11,
            "eps_avg_yearly": 2.92,
            "eps_latest_yearly": 3.8,
            "eps_growth_yearly": 33.33
        },
        "20151": {
            "year_quarter": 20151,
            "year": 2015,
            "quarter": 1,
            "eps": 0.71,
            "eps_growth_year": -2.74,
            "eps_4q": 3.48,
            "eps_4q_growth_year": 3.61,
            "roe": 3.91,
            "roe_4q": 20.43,
            "gross_profit": 429025,
            "gross_margin": 48.85,
            "gross_margin_4q_avg": 48.33,
            "net_income": 161707,
            "revenue": 878241,
            "common_shares": 2261682,
            "book_valuer_per_share": 18.55,
            "book_valuer_per_share_4q_avg": 17.25,
            "equity": 4214868,
            "current_ratio": 490.34,
            "debt_ratio": 18.38,
            "inventory_turnover_ratio": 0.86,
            "account_receivable_turnover_ratio": 1.42,
            "reinvestment_rate": 14.47,
            "research_to_sale_ratio": 17.17,
            "price_fair": 103.95,
            "eps_avg_yearly": 2.97,
            "eps_latest_yearly": 2.84,
            "eps_growth_yearly": 25.97
        },
        "20152": {
            "year_quarter": 20152,
            "year": 2015,
            "quarter": 2,
            "eps": 0.97,
            "eps_growth_year": 5.43,
            "eps_4q": 3.54,
            "eps_4q_growth_year": 6.73,
            "roe": 5.67,
            "roe_4q": 20.689999999999998,
            "gross_profit": 497865,
            "gross_margin": 48.05,
            "gross_margin_4q_avg": 48.43,
            "net_income": 222220,
            "revenue": 1036154,
            "common_shares": 2261682,
            "book_valuer_per_share": 15.96,
            "book_valuer_per_share_4q_avg": 17.29,
            "equity": 3629013,
            "current_ratio": 257.36,
            "debt_ratio": 32.87,
            "inventory_turnover_ratio": 1.01,
            "account_receivable_turnover_ratio": 1.64,
            "reinvestment_rate": 11.13,
            "research_to_sale_ratio": 15.26,
            "price_fair": 101.88,
            "eps_avg_yearly": 3.03,
            "eps_latest_yearly": 3.88,
            "eps_growth_yearly": 23.63
        },
        "20153": {
            "year_quarter": 20153,
            "year": 2015,
            "quarter": 3,
            "eps": 0.97,
            "eps_growth_year": 7.78,
            "eps_4q": 3.6,
            "eps_4q_growth_year": 7.43,
            "roe": 6.04,
            "roe_4q": 21.14,
            "gross_profit": 506427,
            "gross_margin": 49.95,
            "gross_margin_4q_avg": 49.01,
            "net_income": 227002,
            "revenue": 1013868,
            "common_shares": 2261682,
            "book_valuer_per_share": 17.07,
            "book_valuer_per_share_4q_avg": 17.36,
            "equity": 3887056,
            "current_ratio": 406.11,
            "debt_ratio": 21.37,
            "inventory_turnover_ratio": 0.92,
            "account_receivable_turnover_ratio": 1.48,
            "reinvestment_rate": 10.96,
            "research_to_sale_ratio": 17.45,
            "price_fair": 107.34,
            "eps_avg_yearly": 3.1,
            "eps_latest_yearly": 3.88,
            "eps_growth_yearly": 24.65
        },
        "20154": {
            "year_quarter": 20154,
            "year": 2015,
            "quarter": 4,
            "eps": 0.91,
            "eps_growth_year": -3.81,
            "eps_4q": 3.57,
            "eps_4q_growth_year": 1.93,
            "roe": 5.23,
            "roe_4q": 20.849999999999998,
            "gross_profit": 515419,
            "gross_margin": 49.58,
            "gross_margin_4q_avg": 49.11,
            "net_income": 207392,
            "revenue": 1039577,
            "common_shares": 2261682,
            "book_valuer_per_share": 17.81,
            "book_valuer_per_share_4q_avg": 17.35,
            "equity": 4046196,
            "current_ratio": 447.47,
            "debt_ratio": 20.1,
            "inventory_turnover_ratio": 0.9,
            "account_receivable_turnover_ratio": 1.53,
            "reinvestment_rate": 6.83,
            "research_to_sale_ratio": 16.7,
            "price_fair": 112.61,
            "eps_avg_yearly": 3.22,
            "eps_latest_yearly": 3.64,
            "eps_growth_yearly": 32.75
        },
        "20161": {
            "year_quarter": 20161,
            "year": 2016,
            "quarter": 1,
            "eps": 0.74,
            "eps_growth_year": 4.23,
            "eps_4q": 3.6,
            "eps_4q_growth_year": 3.47,
            "roe": 4.09,
            "roe_4q": 21.03,
            "gross_profit": 441675,
            "gross_margin": 48.64,
            "gross_margin_4q_avg": 49.06,
            "net_income": 169120,
            "revenue": 908086,
            "common_shares": 2261682,
            "book_valuer_per_share": 18.61,
            "book_valuer_per_share_4q_avg": 17.36,
            "equity": 4227922,
            "current_ratio": 510.88,
            "debt_ratio": 18.08,
            "inventory_turnover_ratio": 0.76,
            "account_receivable_turnover_ratio": 1.41,
            "reinvestment_rate": 7.38,
            "research_to_sale_ratio": 18.73,
            "price_fair": 115.33,
            "eps_avg_yearly": 3.3,
            "eps_latest_yearly": 2.96,
            "eps_growth_yearly": 28.08
        },
        "20162": {
            "year_quarter": 20162,
            "year": 2016,
            "quarter": 2,
            "eps": 0.89,
            "eps_growth_year": -8.25,
            "eps_4q": 3.52,
            "eps_4q_growth_year": -0.44,
            "roe": 5.22,
            "roe_4q": 20.58,
            "gross_profit": 536786,
            "gross_margin": 49.08,
            "gross_margin_4q_avg": 49.31,
            "net_income": 204220,
            "revenue": 1093602,
            "common_shares": 2261682,
            "book_valuer_per_share": 15.83,
            "book_valuer_per_share_4q_avg": 17.33,
            "equity": 3594824,
            "current_ratio": 248.73,
            "debt_ratio": 34.21,
            "inventory_turnover_ratio": 0.92,
            "account_receivable_turnover_ratio": 1.67,
            "reinvestment_rate": 6.79,
            "research_to_sale_ratio": 18.39,
            "price_fair": 67.81,
            "eps_avg_yearly": 3.31,
            "eps_latest_yearly": 3.56,
            "eps_growth_yearly": 10.47
        },
        "20163": {
            "year_quarter": 20163,
            "year": 2016,
            "quarter": 3,
            "eps": 0.92,
            "eps_growth_year": -5.15,
            "eps_4q": 3.46,
            "eps_4q_growth_year": -3.84,
            "roe": 5.67,
            "roe_4q": 20.21,
            "gross_profit": 520139,
            "gross_margin": 48.56,
            "gross_margin_4q_avg": 48.97,
            "net_income": 209077,
            "revenue": 1071178,
            "common_shares": 2261682,
            "book_valuer_per_share": 16.62,
            "book_valuer_per_share_4q_avg": 17.22,
            "equity": 3774976,
            "current_ratio": 437.79,
            "debt_ratio": 20.46,
            "inventory_turnover_ratio": 0.97,
            "account_receivable_turnover_ratio": 1.52,
            "reinvestment_rate": 0.48,
            "research_to_sale_ratio": 17.33,
            "price_fair": 80.84,
            "eps_avg_yearly": 3.36,
            "eps_latest_yearly": 3.68,
            "eps_growth_yearly": 14.06
        },
        "20164": {
            "year_quarter": 20164,
            "year": 2016,
            "quarter": 4,
            "eps": 0.92,
            "eps_growth_year": 0.27,
            "eps_4q": 3.47,
            "eps_4q_growth_year": -2.8,
            "roe": 5.42,
            "roe_4q": 20.4,
            "gross_profit": 517108,
            "gross_margin": 47.66,
            "gross_margin_4q_avg": 48.49,
            "net_income": 210305,
            "revenue": 1084922,
            "common_shares": 2261682,
            "book_valuer_per_share": 17.53,
            "book_valuer_per_share_4q_avg": 17.15,
            "equity": 3984123,
            "current_ratio": 401.96,
            "debt_ratio": 22.41,
            "inventory_turnover_ratio": 1.07,
            "account_receivable_turnover_ratio": 1.52,
            "reinvestment_rate": 0.01,
            "research_to_sale_ratio": 16.62,
            "price_fair": 106.86,
            "eps_avg_yearly": 3.46,
            "eps_latest_yearly": 3.68,
            "eps_growth_yearly": 20.91
        },
        "20171": {
            "year_quarter": 20171,
            "year": 2017,
            "quarter": 1,
            "eps": 0.82,
            "eps_growth_year": 10.81,
            "eps_4q": 3.54,
            "eps_4q_growth_year": -1.6,
            "roe": 4.61,
            "roe_4q": 20.92,
            "gross_profit": 497692,
            "gross_margin": 45.82,
            "gross_margin_4q_avg": 47.78,
            "net_income": 186746,
            "revenue": 1086306,
            "common_shares": 2261682,
            "book_valuer_per_share": 18.11,
            "book_valuer_per_share_4q_avg": 17.02,
            "equity": 4115549,
            "current_ratio": 434.42,
            "debt_ratio": 21.3,
            "inventory_turnover_ratio": 1.07,
            "account_receivable_turnover_ratio": 1.46,
            "reinvestment_rate": -2.35,
            "research_to_sale_ratio": 16.28,
            "price_fair": 75.45,
            "eps_avg_yearly": 3.5,
            "eps_latest_yearly": 3.28,
            "eps_growth_yearly": 11.59
        },
        "20172": {
            "year_quarter": 20172,
            "year": 2017,
            "quarter": 2,
            "eps": 1.01,
            "eps_growth_year": 13.48,
            "eps_4q": 3.66,
            "eps_4q_growth_year": 3.93,
            "roe": 6.02,
            "roe_4q": 21.72,
            "gross_profit": 524522,
            "gross_margin": 45.43,
            "gross_margin_4q_avg": 46.87,
            "net_income": 231208,
            "revenue": 1154619,
            "common_shares": 2261682,
            "book_valuer_per_share": 15.68,
            "book_valuer_per_share_4q_avg": 16.99,
            "equity": 3569108,
            "current_ratio": 243.43,
            "debt_ratio": 35.68,
            "inventory_turnover_ratio": 1.01,
            "account_receivable_turnover_ratio": 1.46,
            "reinvestment_rate": -2.6,
            "research_to_sale_ratio": 16.13,
            "price_fair": 56.73,
            "eps_avg_yearly": 3.51,
            "eps_latest_yearly": 4.04,
            "eps_growth_yearly": 6.19
        },
        "20173": {
            "year_quarter": 20173,
            "year": 2017,
            "quarter": 3,
            "eps": 1.05,
            "eps_growth_year": 14.13,
            "eps_4q": 3.79,
            "eps_4q_growth_year": 9.39,
            "roe": 6.47,
            "roe_4q": 22.519999999999996,
            "gross_profit": 541365,
            "gross_margin": 48.13,
            "gross_margin_4q_avg": 46.76,
            "net_income": 239079,
            "revenue": 1124736,
            "common_shares": 2261682,
            "book_valuer_per_share": 16.78,
            "book_valuer_per_share_4q_avg": 17.03,
            "equity": 3820576,
            "current_ratio": 386.1,
            "debt_ratio": 23.31,
            "inventory_turnover_ratio": 0.89,
            "account_receivable_turnover_ratio": 1.37,
            "reinvestment_rate": -1.81,
            "research_to_sale_ratio": 17.29,
            "price_fair": 70.12,
            "eps_avg_yearly": 3.55,
            "eps_latest_yearly": 4.2,
            "eps_growth_yearly": 9.75
        },
        "20174": {
            "year_quarter": 20174,
            "year": 2017,
            "quarter": 4,
            "eps": 1.22,
            "eps_growth_year": 33.26,
            "eps_4q": 4.1,
            "eps_4q_growth_year": 18.1,
            "roe": 7.04,
            "roe_4q": 24.14,
            "gross_profit": 598507,
            "gross_margin": 47.91,
            "gross_margin_4q_avg": 46.82,
            "net_income": 278954,
            "revenue": 1249256,
            "common_shares": 2261682,
            "book_valuer_per_share": 18,
            "book_valuer_per_share_4q_avg": 17.14,
            "equity": 4098846,
            "current_ratio": 391.01,
            "debt_ratio": 23.59,
            "inventory_turnover_ratio": 1.04,
            "account_receivable_turnover_ratio": 1.48,
            "reinvestment_rate": -0.16,
            "research_to_sale_ratio": 14.84,
            "price_fair": 95.46,
            "eps_avg_yearly": 3.66,
            "eps_latest_yearly": 4.88,
            "eps_growth_yearly": 16.1
        },
        "20181": {
            "year_quarter": 20181,
            "year": 2018,
            "quarter": 1,
            "eps": 1,
            "eps_growth_year": 21.95,
            "eps_4q": 4.27,
            "eps_4q_growth_year": 20.66,
            "roe": 5.34,
            "roe_4q": 24.869999999999997,
            "gross_profit": 536989,
            "gross_margin": 49.46,
            "gross_margin_4q_avg": 47.73,
            "net_income": 227010,
            "revenue": 1085701,
            "common_shares": 2261682,
            "book_valuer_per_share": 19.37,
            "book_valuer_per_share_4q_avg": 17.46,
            "equity": 4409003,
            "current_ratio": 404.28,
            "debt_ratio": 22.81,
            "inventory_turnover_ratio": 0.85,
            "account_receivable_turnover_ratio": 1.38,
            "reinvestment_rate": -7.48,
            "research_to_sale_ratio": 17.34,
            "price_fair": 87.5,
            "eps_avg_yearly": 3.73,
            "eps_latest_yearly": 4,
            "eps_growth_yearly": 13.49
        },
        "20182": {
            "year_quarter": 20182,
            "year": 2018,
            "quarter": 2,
            "eps": 1.38,
            "eps_growth_year": 36.63,
            "eps_4q": 4.65,
            "eps_4q_growth_year": 27.01,
            "roe": 7.68,
            "roe_4q": 26.529999999999998,
            "gross_profit": 668200,
            "gross_margin": 50.25,
            "gross_margin_4q_avg": 48.94,
            "net_income": 314346,
            "revenue": 1329873,
            "common_shares": 2261682,
            "book_valuer_per_share": 16.59,
            "book_valuer_per_share_4q_avg": 17.69,
            "equity": 3773974,
            "current_ratio": 226.9,
            "debt_ratio": 38.27,
            "inventory_turnover_ratio": 0.95,
            "account_receivable_turnover_ratio": 1.71,
            "reinvestment_rate": -6.72,
            "research_to_sale_ratio": 15.39,
            "price_fair": 101.69,
            "eps_avg_yearly": 3.84,
            "eps_latest_yearly": 5.52,
            "eps_growth_yearly": 16.48
        },
        "20183": {
            "year_quarter": 20183,
            "year": 2018,
            "quarter": 3,
            "eps": 1.16,
            "eps_growth_year": 10.48,
            "eps_4q": 4.76,
            "eps_4q_growth_year": 25.59,
            "roe": 6.79,
            "roe_4q": 26.849999999999998,
            "gross_profit": 621369,
            "gross_margin": 49.36,
            "gross_margin_4q_avg": 49.25,
            "net_income": 264082,
            "revenue": 1258959,
            "common_shares": 2261682,
            "book_valuer_per_share": 17.62,
            "book_valuer_per_share_4q_avg": 17.9,
            "equity": 4009481,
            "current_ratio": 374.22,
            "debt_ratio": 24.07,
            "inventory_turnover_ratio": 0.92,
            "account_receivable_turnover_ratio": 1.46,
            "reinvestment_rate": -7.55,
            "research_to_sale_ratio": 15.82,
            "price_fair": 89.97,
            "eps_avg_yearly": 3.91,
            "eps_latest_yearly": 4.64,
            "eps_growth_yearly": 13.04
        },
        "20184": {
            "year_quarter": 20184,
            "year": 2018,
            "quarter": 4,
            "eps": 1.16,
            "eps_growth_year": -4.6,
            "eps_4q": 4.7,
            "eps_4q_growth_year": 14.88,
            "roe": 6.44,
            "roe_4q": 26.25,
            "gross_profit": 580416,
            "gross_margin": 48.85,
            "gross_margin_4q_avg": 49.48,
            "net_income": 264928,
            "revenue": 1188274,
            "common_shares": 2261682,
            "book_valuer_per_share": 18.57,
            "book_valuer_per_share_4q_avg": 18.04,
            "equity": 4224099,
            "current_ratio": 400.39,
            "debt_ratio": 23.97,
            "inventory_turnover_ratio": 0.9,
            "account_receivable_turnover_ratio": 1.38,
            "reinvestment_rate": -7.52,
            "research_to_sale_ratio": 16.07,
            "price_fair": 85.69,
            "eps_avg_yearly": 3.96,
            "eps_latest_yearly": 4.64,
            "eps_growth_yearly": 11.65
        },
        "20191": {
            "year_quarter": 20191,
            "year": 2019,
            "quarter": 1,
            "eps": 0.9,
            "eps_growth_year": -10,
            "eps_4q": 4.61,
            "eps_4q_growth_year": 7.73,
            "roe": 4.72,
            "roe_4q": 25.63,
            "gross_profit": 509214,
            "gross_margin": 49.06,
            "gross_margin_4q_avg": 49.38,
            "net_income": 204832,
            "revenue": 1037856,
            "common_shares": 2261682,
            "book_valuer_per_share": 19.6,
            "book_valuer_per_share_4q_avg": 18.1,
            "equity": 4460126,
            "current_ratio": 407.65,
            "debt_ratio": 24.55,
            "inventory_turnover_ratio": 0.76,
            "account_receivable_turnover_ratio": 1.31,
            "reinvestment_rate": -7.03,
            "research_to_sale_ratio": 19.28,
            "price_fair": 89.57,
            "eps_avg_yearly": 4.01,
            "eps_latest_yearly": 3.6,
            "eps_growth_yearly": 12.36
        },
        "20192": {
            "year_quarter": 20192,
            "year": 2019,
            "quarter": 2,
            "eps": 1.13,
            "eps_growth_year": -18.12,
            "eps_4q": 4.35,
            "eps_4q_growth_year": -6.38,
            "roe": 6.35,
            "roe_4q": 24.3,
            "gross_profit": 594154,
            "gross_margin": 49.31,
            "gross_margin_4q_avg": 49.15,
            "net_income": 257382,
            "revenue": 1204932,
            "common_shares": 2261682,
            "book_valuer_per_share": 16,
            "book_valuer_per_share_4q_avg": 17.95,
            "equity": 3642823,
            "current_ratio": 219.7,
            "debt_ratio": 40.84,
            "inventory_turnover_ratio": 0.84,
            "account_receivable_turnover_ratio": 1.57,
            "reinvestment_rate": -7.25,
            "research_to_sale_ratio": 16.25,
            "price_fair": 79.28,
            "eps_avg_yearly": 4.05,
            "eps_latest_yearly": 4.52,
            "eps_growth_yearly": 9.6
        },
        "20193": {
            "year_quarter": 20193,
            "year": 2019,
            "quarter": 3,
            "eps": 0.98,
            "eps_growth_year": -15.52,
            "eps_4q": 4.17,
            "eps_4q_growth_year": -12.37,
            "roe": 5.94,
            "roe_4q": 23.45,
            "gross_profit": 551339,
            "gross_margin": 49.2,
            "gross_margin_4q_avg": 49.11,
            "net_income": 222662,
            "revenue": 1120656,
            "common_shares": 2261682,
            "book_valuer_per_share": 16.93,
            "book_valuer_per_share_4q_avg": 17.78,
            "equity": 3853600,
            "current_ratio": 369.37,
            "debt_ratio": 26.22,
            "inventory_turnover_ratio": 0.78,
            "account_receivable_turnover_ratio": 1.47,
            "reinvestment_rate": -8.36,
            "research_to_sale_ratio": 18.34,
            "price_fair": 65.89,
            "eps_avg_yearly": 4.05,
            "eps_latest_yearly": 3.92,
            "eps_growth_yearly": 6.28
        },
        "20194": {
            "year_quarter": 20194,
            "year": 2019,
            "quarter": 4,
            "eps": 1.04,
            "eps_growth_year": -10.87,
            "eps_4q": 4.05,
            "eps_4q_growth_year": -14.01,
            "roe": 5.99,
            "roe_4q": 23,
            "gross_profit": 581008,
            "gross_margin": 47.6,
            "gross_margin_4q_avg": 48.79,
            "net_income": 237437,
            "revenue": 1220661,
            "common_shares": 2261682,
            "book_valuer_per_share": 17.92,
            "book_valuer_per_share_4q_avg": 17.61,
            "equity": 4079423,
            "current_ratio": 427.24,
            "debt_ratio": 24.08,
            "inventory_turnover_ratio": 0.9,
            "account_receivable_turnover_ratio": 1.61,
            "reinvestment_rate": -8.03,
            "research_to_sale_ratio": 15.7,
            "price_fair": 78.98,
            "eps_avg_yearly": 4.08,
            "eps_latest_yearly": 4.16,
            "eps_growth_yearly": 9.36
        },
        "20201": {
            "year_quarter": 20201,
            "year": 2020,
            "quarter": 1,
            "eps": 0.64,
            "eps_growth_year": -28.89,
            "eps_4q": 3.79,
            "eps_4q_growth_year": -17.69,
            "roe": 3.59,
            "roe_4q": 21.869999999999997,
            "gross_profit": 484023,
            "gross_margin": 46.94,
            "gross_margin_4q_avg": 48.26,
            "net_income": 148180,
            "revenue": 1031149,
            "common_shares": 2261682,
            "book_valuer_per_share": 18.34,
            "book_valuer_per_share_4q_avg": 17.3,
            "equity": 4175906,
            "current_ratio": 442.43,
            "debt_ratio": 23.56,
            "inventory_turnover_ratio": 0.78,
            "account_receivable_turnover_ratio": 1.35,
            "reinvestment_rate": -8.28,
            "research_to_sale_ratio": 18.74,
            "price_fair": 58.44,
            "eps_avg_yearly": 4.06,
            "eps_latest_yearly": 2.56,
            "eps_growth_yearly": 4.41
        },
        "20202": {
            "year_quarter": 20202,
            "year": 2020,
            "quarter": 2,
            "eps": 1.06,
            "eps_growth_year": -6.19,
            "eps_4q": 3.72,
            "eps_4q_growth_year": -14.55,
            "roe": 6.31,
            "roe_4q": 21.83,
            "gross_profit": 655394,
            "gross_margin": 46.1,
            "gross_margin_4q_avg": 47.46,
            "net_income": 242848,
            "revenue": 1421659,
            "common_shares": 2261682,
            "book_valuer_per_share": 15.41,
            "book_valuer_per_share_4q_avg": 17.15,
            "equity": 3515955,
            "current_ratio": 220.91,
            "debt_ratio": 40.7,
            "inventory_turnover_ratio": 1.11,
            "account_receivable_turnover_ratio": 1.67,
            "reinvestment_rate": -7.96,
            "research_to_sale_ratio": 15.99,
            "price_fair": 105.51,
            "eps_avg_yearly": 4.1,
            "eps_latest_yearly": 4.24,
            "eps_growth_yearly": 15.75
        },
        "20203": {
            "year_quarter": 20203,
            "year": 2020,
            "quarter": 3,
            "eps": 1.27,
            "eps_growth_year": 29.59,
            "eps_4q": 4.01,
            "eps_4q_growth_year": -3.92,
            "roe": 7.84,
            "roe_4q": 23.729999999999997,
            "gross_profit": 703339,
            "gross_margin": 46.69,
            "gross_margin_4q_avg": 46.83,
            "net_income": 292451,
            "revenue": 1506273,
            "common_shares": 2261682,
            "book_valuer_per_share": 17.3,
            "book_valuer_per_share_4q_avg": 17.24,
            "equity": 3947194,
            "current_ratio": 338.58,
            "debt_ratio": 28.02,
            "inventory_turnover_ratio": 1.23,
            "account_receivable_turnover_ratio": 1.51,
            "reinvestment_rate": -6.84,
            "research_to_sale_ratio": 17.1,
            "price_fair": 124.97,
            "eps_avg_yearly": 4.19,
            "eps_latest_yearly": 5.08,
            "eps_growth_yearly": 19.86
        },
        "20204": {
            "year_quarter": 20204,
            "year": 2020,
            "quarter": 4,
            "eps": 1.59,
            "eps_growth_year": 53.04,
            "eps_4q": 4.56,
            "eps_4q_growth_year": 12.7,
            "roe": 8.65,
            "roe_4q": 26.39,
            "gross_profit": 784179,
            "gross_margin": 47.37,
            "gross_margin_4q_avg": 46.78,
            "net_income": 364638,
            "revenue": 1655458,
            "common_shares": 2261682,
            "book_valuer_per_share": 19.64,
            "book_valuer_per_share_4q_avg": 17.67,
            "equity": 4482403,
            "current_ratio": 358.62,
            "debt_ratio": 27.56,
            "inventory_turnover_ratio": 1.41,
            "account_receivable_turnover_ratio": 1.6,
            "reinvestment_rate": -6.04,
            "research_to_sale_ratio": 15.15,
            "price_fair": 152.34,
            "eps_avg_yearly": 4.35,
            "eps_latest_yearly": 6.36,
            "eps_growth_yearly": 26.16
        },
        "20211": {
            "year_quarter": 20211,
            "year": 2021,
            "quarter": 1,
            "eps": 1.54,
            "eps_growth_year": 140.62,
            "eps_4q": 5.45,
            "eps_4q_growth_year": 43.76,
            "roe": 7.52,
            "roe_4q": 30.32,
            "gross_profit": 707277,
            "gross_margin": 48.29,
            "gross_margin_4q_avg": 47.11,
            "net_income": 351467,
            "revenue": 1464698,
            "common_shares": 2261682,
            "book_valuer_per_share": 21.3,
            "book_valuer_per_share_4q_avg": 18.41,
            "equity": 4862590,
            "current_ratio": 377.02,
            "debt_ratio": 26.54,
            "inventory_turnover_ratio": 1.35,
            "account_receivable_turnover_ratio": 1.52,
            "reinvestment_rate": -3.83,
            "research_to_sale_ratio": 16.56,
            "price_fair": 158.64,
            "eps_avg_yearly": 4.53,
            "eps_latest_yearly": 6.16,
            "eps_growth_yearly": 28.09
        },
        "20212": {
            "year_quarter": 20212,
            "year": 2021,
            "quarter": 2,
            "eps": 2.26,
            "eps_growth_year": 113.21,
            "eps_4q": 6.66,
            "eps_4q_growth_year": 79.24,
            "roe": 10.1,
            "roe_4q": 34.11,
            "gross_profit": 883728,
            "gross_margin": 52.92,
            "gross_margin_4q_avg": 48.82,
            "net_income": 518135,
            "revenue": 1670080,
            "common_shares": 2261682,
            "book_valuer_per_share": 23.68,
            "book_valuer_per_share_4q_avg": 20.48,
            "equity": 5400123,
            "current_ratio": 339.05,
            "debt_ratio": 28.45,
            "inventory_turnover_ratio": 1.36,
            "account_receivable_turnover_ratio": 2.01,
            "reinvestment_rate": -2.98,
            "research_to_sale_ratio": 16.75,
            "price_fair": 169.58,
            "eps_avg_yearly": 4.85,
            "eps_latest_yearly": 9.04,
            "eps_growth_yearly": 33.99
        },
        "20213": {
            "year_quarter": 20213,
            "year": 2021,
            "quarter": 3,
            "eps": 3.17,
            "eps_growth_year": 149.61,
            "eps_4q": 8.56,
            "eps_4q_growth_year": 113.54,
            "roe": 13.69,
            "roe_4q": 39.96,
            "gross_profit": 1191194,
            "gross_margin": 56.2,
            "gross_margin_4q_avg": 51.2,
            "net_income": 723973,
            "revenue": 2119607,
            "common_shares": 2261682,
            "book_valuer_per_share": 22.68,
            "book_valuer_per_share_4q_avg": 21.83,
            "equity": 5174520,
            "current_ratio": 284.26,
            "debt_ratio": 32.26,
            "inventory_turnover_ratio": 1.47,
            "account_receivable_turnover_ratio": 2.28,
            "reinvestment_rate": -2.62,
            "research_to_sale_ratio": 15.87,
            "price_fair": 188.13,
            "eps_avg_yearly": 5.38,
            "eps_latest_yearly": 12.68,
            "eps_growth_yearly": 43.06
        },
        "20214": {
            "year_quarter": 20214,
            "year": 2021,
            "quarter": 4,
            "eps": 2.07,
            "eps_growth_year": 30.14,
            "eps_4q": 9.04,
            "eps_4q_growth_year": 98.25,
            "roe": 8.74,
            "roe_4q": 40.05,
            "gross_profit": 1033647,
            "gross_margin": 55.18,
            "gross_margin_4q_avg": 53.15,
            "net_income": 475427,
            "revenue": 1873365,
            "common_shares": 2261682,
            "book_valuer_per_share": 25.01,
            "book_valuer_per_share_4q_avg": 23.17,
            "equity": 5710248,
            "current_ratio": 287.55,
            "debt_ratio": 33.17,
            "inventory_turnover_ratio": 1.11,
            "account_receivable_turnover_ratio": 1.9,
            "reinvestment_rate": -2.65,
            "research_to_sale_ratio": 18.63,
            "price_fair": 195.56,
            "eps_avg_yearly": 5.59,
            "eps_latest_yearly": 8.28,
            "eps_growth_yearly": 30.34
        },
        "20221": {
            "year_quarter": 20221,
            "year": 2022,
            "quarter": 1,
            "eps": 2.27,
            "eps_growth_year": 47.4,
            "eps_4q": 9.77,
            "eps_4q_growth_year": 79.25,
            "roe": 8.77,
            "roe_4q": 41.3,
            "gross_profit": 1048191,
            "gross_margin": 54.64,
            "gross_margin_4q_avg": 54.74,
            "net_income": 520526,
            "revenue": 1918345,
            "common_shares": 2261682,
            "book_valuer_per_share": 26.99,
            "book_valuer_per_share_4q_avg": 24.59,
            "equity": 6163281,
            "current_ratio": 314.71,
            "debt_ratio": 31.58,
            "inventory_turnover_ratio": 0.94,
            "account_receivable_turnover_ratio": 1.96,
            "reinvestment_rate": 1.55,
            "research_to_sale_ratio": 16.22,
            "price_fair": 206.68,
            "eps_avg_yearly": 5.91,
            "eps_latest_yearly": 9.08,
            "eps_growth_yearly": 37.26
        },
        "20222": {
            "year_quarter": 20222,
            "year": 2022,
            "quarter": 2,
            "eps": 1.57,
            "eps_growth_year": -30.53,
            "eps_4q": 9.07,
            "eps_4q_growth_year": 36.1,
            "roe": 6.82,
            "roe_4q": 38.019999999999996,
            "gross_profit": 898728,
            "gross_margin": 53.96,
            "gross_margin_4q_avg": 55,
            "net_income": 363651,
            "revenue": 1665409,
            "common_shares": 2261682,
            "book_valuer_per_share": 19.66,
            "book_valuer_per_share_4q_avg": 23.59,
            "equity": 4504483,
            "current_ratio": 186.19,
            "debt_ratio": 50.05,
            "inventory_turnover_ratio": 0.67,
            "account_receivable_turnover_ratio": 1.6,
            "reinvestment_rate": -1.1,
            "research_to_sale_ratio": 17.45,
            "price_fair": 178.9,
            "eps_avg_yearly": 5.95,
            "eps_latest_yearly": 6.28,
            "eps_growth_yearly": 20.05
        },
        "20223": {
            "year_quarter": 20223,
            "year": 2022,
            "quarter": 3,
            "eps": 0.99,
            "eps_growth_year": -68.77,
            "eps_4q": 6.9,
            "eps_4q_growth_year": -19.44,
            "roe": 4.98,
            "roe_4q": 29.310000000000002,
            "gross_profit": 645799,
            "gross_margin": 47.95,
            "gross_margin_4q_avg": 52.93,
            "net_income": 229437,
            "revenue": 1346904,
            "common_shares": 2261682,
            "book_valuer_per_share": 20.55,
            "book_valuer_per_share_4q_avg": 23.05,
            "equity": 4711281,
            "current_ratio": 317.19,
            "debt_ratio": 32.45,
            "inventory_turnover_ratio": 0.47,
            "account_receivable_turnover_ratio": 1.37,
            "reinvestment_rate": -1.2,
            "research_to_sale_ratio": 19.6,
            "price_fair": 146.59,
            "eps_avg_yearly": 5.91,
            "eps_latest_yearly": 3.96,
            "eps_growth_yearly": 14.8
        },
        "20224": {
            "year_quarter": 20224,
            "year": 2022,
            "quarter": 4,
            "eps": 0.06,
            "eps_growth_year": -96.9,
            "eps_4q": 4.89,
            "eps_4q_growth_year": -45.87,
            "roe": 0.4,
            "roe_4q": 20.97,
            "gross_profit": 493477,
            "gross_margin": 45.47,
            "gross_margin_4q_avg": 50.51,
            "net_income": 18693,
            "revenue": 1085310,
            "common_shares": 2261682,
            "book_valuer_per_share": 20.69,
            "book_valuer_per_share_4q_avg": 21.97,
            "equity": 4744641,
            "current_ratio": 344.97,
            "debt_ratio": 30.43,
            "inventory_turnover_ratio": 0.33,
            "account_receivable_turnover_ratio": 1.16,
            "reinvestment_rate": -1.95,
            "research_to_sale_ratio": 24.98,
            "price_fair": 16.91,
            "eps_avg_yearly": 5.64,
            "eps_latest_yearly": 0.24,
            "eps_growth_yearly": -8.68
        },
        "20231": {
            "year_quarter": 20231,
            "year": 2023,
            "quarter": 1,
            "eps": 0.16,
            "eps_growth_year": -92.95,
            "eps_4q": 2.79,
            "eps_4q_growth_year": -71.44,
            "roe": 0.79,
            "roe_4q": 12.99,
            "gross_profit": 366394,
            "gross_margin": 48.16,
            "gross_margin_4q_avg": 48.89,
            "net_income": 38064,
            "revenue": 760834,
            "common_shares": 2261682,
            "book_valuer_per_share": 21.37,
            "book_valuer_per_share_4q_avg": 20.57,
            "equity": 4900772,
            "current_ratio": 418.17,
            "debt_ratio": 25.71,
            "inventory_turnover_ratio": 0.2,
            "account_receivable_turnover_ratio": 0.96,
            "reinvestment_rate": -0.48,
            "research_to_sale_ratio": 30.4,
            "price_fair": 190.75,
            "eps_avg_yearly": 5.45,
            "eps_latest_yearly": 0.64,
            "eps_growth_yearly": 38.59
        }
    },
    "months": {
        "2002-11": {
            "month": "2002-11",
            "price": "28.86",
            "revenue": 268132
        },
        "2002-12": {
            "month": "2002-12",
            "price": "25.85",
            "revenue": 248102
        },
        "2003-01": {
            "month": "2003-01",
            "price": "24.92",
            "revenue": 242262
        },
        "2003-02": {
            "month": "2003-02",
            "price": "24.68",
            "revenue": 197424
        },
        "2003-03": {
            "month": "2003-03",
            "price": "24.26",
            "revenue": 310837
        },
        "2003-04": {
            "month": "2003-04",
            "price": "24.57",
            "revenue": 302121
        },
        "2003-05": {
            "month": "2003-05",
            "price": "25.91",
            "revenue": 303808
        },
        "2003-06": {
            "month": "2003-06",
            "price": "28.54",
            "revenue": 288759
        },
        "2003-07": {
            "month": "2003-07",
            "price": "28.43",
            "revenue": 305951
        },
        "2003-08": {
            "month": "2003-08",
            "price": "29.47",
            "revenue": 319367
        },
        "2003-09": {
            "month": "2003-09",
            "price": "28.50",
            "revenue": 353059
        },
        "2003-10": {
            "month": "2003-10",
            "price": "30.51",
            "revenue": 336740
        },
        "2003-11": {
            "month": "2003-11",
            "price": "29.92",
            "revenue": 342886
        },
        "2003-12": {
            "month": "2003-12",
            "price": "28.99",
            "revenue": 317399
        },
        "2004-01": {
            "month": "2004-01",
            "price": "30.05",
            "revenue": 258421
        },
        "2004-02": {
            "month": "2004-02",
            "price": "32.78",
            "revenue": 305539
        },
        "2004-03": {
            "month": "2004-03",
            "price": "34.98",
            "revenue": 367769
        },
        "2004-04": {
            "month": "2004-04",
            "price": "39.04",
            "revenue": 347813
        },
        "2004-05": {
            "month": "2004-05",
            "price": "36.24",
            "revenue": 334014
        },
        "2004-06": {
            "month": "2004-06",
            "price": "33.87",
            "revenue": 326608
        },
        "2004-07": {
            "month": "2004-07",
            "price": "30.29",
            "revenue": 340804
        },
        "2004-08": {
            "month": "2004-08",
            "price": "31.00",
            "revenue": 341990
        },
        "2004-09": {
            "month": "2004-09",
            "price": "34.70",
            "revenue": 325106
        },
        "2004-10": {
            "month": "2004-10",
            "price": "34.93",
            "revenue": 316828
        },
        "2004-11": {
            "month": "2004-11",
            "price": "34.67",
            "revenue": 301239
        },
        "2004-12": {
            "month": "2004-12",
            "price": "34.79",
            "revenue": 271603
        },
        "2005-01": {
            "month": "2005-01",
            "price": "34.57",
            "revenue": 252498
        },
        "2005-02": {
            "month": "2005-02",
            "price": "36.08",
            "revenue": 181043
        },
        "2005-03": {
            "month": "2005-03",
            "price": "37.73",
            "revenue": 307837
        },
        "2005-04": {
            "month": "2005-04",
            "price": "37.20",
            "revenue": 313462
        },
        "2005-05": {
            "month": "2005-05",
            "price": "34.96",
            "revenue": 309892
        },
        "2005-06": {
            "month": "2005-06",
            "price": "36.54",
            "revenue": 282624
        },
        "2005-07": {
            "month": "2005-07",
            "price": "38.93",
            "revenue": 292351
        },
        "2005-08": {
            "month": "2005-08",
            "price": "36.32",
            "revenue": 382406
        },
        "2005-09": {
            "month": "2005-09",
            "price": "36.05",
            "revenue": 397420
        },
        "2005-10": {
            "month": "2005-10",
            "price": "40.21",
            "revenue": 368498
        },
        "2005-11": {
            "month": "2005-11",
            "price": "43.72",
            "revenue": 373780
        },
        "2005-12": {
            "month": "2005-12",
            "price": "47.13",
            "revenue": 312685
        },
        "2006-01": {
            "month": "2006-01",
            "price": "47.31",
            "revenue": 271303
        },
        "2006-02": {
            "month": "2006-02",
            "price": "51.45",
            "revenue": 278363
        },
        "2006-03": {
            "month": "2006-03",
            "price": "53.07",
            "revenue": 372791
        },
        "2006-04": {
            "month": "2006-04",
            "price": "60.26",
            "revenue": 376265
        },
        "2006-05": {
            "month": "2006-05",
            "price": "63.96",
            "revenue": 339177
        },
        "2006-06": {
            "month": "2006-06",
            "price": "60.42",
            "revenue": 346123
        },
        "2006-07": {
            "month": "2006-07",
            "price": "61.37",
            "revenue": 346383
        },
        "2006-08": {
            "month": "2006-08",
            "price": "59.14",
            "revenue": 385487
        },
        "2006-09": {
            "month": "2006-09",
            "price": "56.20",
            "revenue": 357755
        },
        "2006-10": {
            "month": "2006-10",
            "price": "61.96",
            "revenue": 331783
        },
        "2006-11": {
            "month": "2006-11",
            "price": "65.17",
            "revenue": 328831
        },
        "2006-12": {
            "month": "2006-12",
            "price": "62.16",
            "revenue": 255892
        },
        "2007-01": {
            "month": "2007-01",
            "price": "65.42",
            "revenue": 332180
        },
        "2007-02": {
            "month": "2007-02",
            "price": "64.59",
            "revenue": 175784
        },
        "2007-03": {
            "month": "2007-03",
            "price": "66.48",
            "revenue": 332392
        },
        "2007-04": {
            "month": "2007-04",
            "price": "67.02",
            "revenue": 339767
        },
        "2007-05": {
            "month": "2007-05",
            "price": "62.18",
            "revenue": 353560
        },
        "2007-06": {
            "month": "2007-06",
            "price": "67.06",
            "revenue": 312338
        },
        "2007-07": {
            "month": "2007-07",
            "price": "84.84",
            "revenue": 351636
        },
        "2007-08": {
            "month": "2007-08",
            "price": "76.27",
            "revenue": 349073
        },
        "2007-09": {
            "month": "2007-09",
            "price": "65.40",
            "revenue": 317460
        },
        "2007-10": {
            "month": "2007-10",
            "price": "61.71",
            "revenue": 329340
        },
        "2007-11": {
            "month": "2007-11",
            "price": "51.22",
            "revenue": 328264
        },
        "2007-12": {
            "month": "2007-12",
            "price": "46.87",
            "revenue": 259145
        },
        "2008-01": {
            "month": "2008-01",
            "price": "44.73",
            "revenue": 330636
        },
        "2008-02": {
            "month": "2008-02",
            "price": "41.86",
            "revenue": 216731
        },
        "2008-03": {
            "month": "2008-03",
            "price": "44.58",
            "revenue": 342699
        },
        "2008-04": {
            "month": "2008-04",
            "price": "50.50",
            "revenue": 329430
        },
        "2008-05": {
            "month": "2008-05",
            "price": "51.59",
            "revenue": 320182
        },
        "2008-06": {
            "month": "2008-06",
            "price": "40.93",
            "revenue": 288267
        },
        "2008-07": {
            "month": "2008-07",
            "price": "36.03",
            "revenue": 313322
        },
        "2008-08": {
            "month": "2008-08",
            "price": "37.14",
            "revenue": 289310
        },
        "2008-09": {
            "month": "2008-09",
            "price": "29.15",
            "revenue": 301832
        },
        "2008-10": {
            "month": "2008-10",
            "price": "26.06",
            "revenue": 302716
        },
        "2008-11": {
            "month": "2008-11",
            "price": "23.32",
            "revenue": 238669
        },
        "2008-12": {
            "month": "2008-12",
            "price": "21.58",
            "revenue": 169391
        },
        "2009-01": {
            "month": "2009-01",
            "price": "21.64",
            "revenue": 142681
        },
        "2009-02": {
            "month": "2009-02",
            "price": "24.74",
            "revenue": 185356
        },
        "2009-03": {
            "month": "2009-03",
            "price": "28.45",
            "revenue": 217306
        },
        "2009-04": {
            "month": "2009-04",
            "price": "32.20",
            "revenue": 257905
        },
        "2009-05": {
            "month": "2009-05",
            "price": "37.38",
            "revenue": 229158
        },
        "2009-06": {
            "month": "2009-06",
            "price": "33.60",
            "revenue": 268378
        },
        "2009-07": {
            "month": "2009-07",
            "price": "36.75",
            "revenue": 321357
        },
        "2009-08": {
            "month": "2009-08",
            "price": "35.63",
            "revenue": 297734
        },
        "2009-09": {
            "month": "2009-09",
            "price": "38.36",
            "revenue": 319775
        },
        "2009-10": {
            "month": "2009-10",
            "price": "39.61",
            "revenue": 289962
        },
        "2009-11": {
            "month": "2009-11",
            "price": "38.60",
            "revenue": 293734
        },
        "2009-12": {
            "month": "2009-12",
            "price": "42.09",
            "revenue": 297367
        },
        "2010-01": {
            "month": "2010-01",
            "price": "41.95",
            "revenue": 329723
        },
        "2010-02": {
            "month": "2010-02",
            "price": "39.67",
            "revenue": 211578
        },
        "2010-03": {
            "month": "2010-03",
            "price": "42.59",
            "revenue": 361768
        },
        "2010-04": {
            "month": "2010-04",
            "price": "46.44",
            "revenue": 373547
        },
        "2010-05": {
            "month": "2010-05",
            "price": "47.63",
            "revenue": 408374
        },
        "2010-06": {
            "month": "2010-06",
            "price": "47.33",
            "revenue": 408524
        },
        "2010-07": {
            "month": "2010-07",
            "price": "46.15",
            "revenue": 384551
        },
        "2010-08": {
            "month": "2010-08",
            "price": "44.60",
            "revenue": 392852
        },
        "2010-09": {
            "month": "2010-09",
            "price": "46.03",
            "revenue": 335219
        },
        "2010-10": {
            "month": "2010-10",
            "price": "44.96",
            "revenue": 304805
        },
        "2010-11": {
            "month": "2010-11",
            "price": "45.12",
            "revenue": 302947
        },
        "2010-12": {
            "month": "2010-12",
            "price": "46.72",
            "revenue": 234138
        },
        "2011-01": {
            "month": "2011-01",
            "price": "44.70",
            "revenue": 284195
        },
        "2011-02": {
            "month": "2011-02",
            "price": "42.76",
            "revenue": 232473
        },
        "2011-03": {
            "month": "2011-03",
            "price": "41.74",
            "revenue": 328114
        },
        "2011-04": {
            "month": "2011-04",
            "price": "42.14",
            "revenue": 346796
        },
        "2011-05": {
            "month": "2011-05",
            "price": "43.17",
            "revenue": 353668
        },
        "2011-06": {
            "month": "2011-06",
            "price": "42.36",
            "revenue": 317963
        },
        "2011-07": {
            "month": "2011-07",
            "price": "40.05",
            "revenue": 303625
        },
        "2011-08": {
            "month": "2011-08",
            "price": "32.53",
            "revenue": 311714
        },
        "2011-09": {
            "month": "2011-09",
            "price": "29.67",
            "revenue": 263685
        },
        "2011-10": {
            "month": "2011-10",
            "price": "28.92",
            "revenue": 251827
        },
        "2011-11": {
            "month": "2011-11",
            "price": "28.20",
            "revenue": 276646
        },
        "2011-12": {
            "month": "2011-12",
            "price": "26.42",
            "revenue": 248665
        },
        "2012-01": {
            "month": "2012-01",
            "price": "27.01",
            "revenue": 197961
        },
        "2012-02": {
            "month": "2012-02",
            "price": "31.68",
            "revenue": 257697
        },
        "2012-03": {
            "month": "2012-03",
            "price": "34.66",
            "revenue": 305546
        },
        "2012-04": {
            "month": "2012-04",
            "price": "35.00",
            "revenue": 334900
        },
        "2012-05": {
            "month": "2012-05",
            "price": "33.17",
            "revenue": 330641
        },
        "2012-06": {
            "month": "2012-06",
            "price": "32.05",
            "revenue": 330629
        },
        "2012-07": {
            "month": "2012-07",
            "price": "31.89",
            "revenue": 330945
        },
        "2012-08": {
            "month": "2012-08",
            "price": "31.01",
            "revenue": 320796
        },
        "2012-09": {
            "month": "2012-09",
            "price": "31.39",
            "revenue": 283777
        },
        "2012-10": {
            "month": "2012-10",
            "price": "30.06",
            "revenue": 281930
        },
        "2012-11": {
            "month": "2012-11",
            "price": "29.17",
            "revenue": 328041
        },
        "2012-12": {
            "month": "2012-12",
            "price": "29.79",
            "revenue": 253089
        },
        "2013-01": {
            "month": "2013-01",
            "price": "30.27",
            "revenue": 343060
        },
        "2013-02": {
            "month": "2013-02",
            "price": "32.16",
            "revenue": 213229
        },
        "2013-03": {
            "month": "2013-03",
            "price": "34.87",
            "revenue": 336540
        },
        "2013-04": {
            "month": "2013-04",
            "price": "35.06",
            "revenue": 345430
        },
        "2013-05": {
            "month": "2013-05",
            "price": "36.20",
            "revenue": 373755
        },
        "2013-06": {
            "month": "2013-06",
            "price": "37.16",
            "revenue": 327099
        },
        "2013-07": {
            "month": "2013-07",
            "price": "37.34",
            "revenue": 340474
        },
        "2013-08": {
            "month": "2013-08",
            "price": "35.97",
            "revenue": 320767
        },
        "2013-09": {
            "month": "2013-09",
            "price": "35.96",
            "revenue": 308081
        },
        "2013-10": {
            "month": "2013-10",
            "price": "41.85",
            "revenue": 320126
        },
        "2013-11": {
            "month": "2013-11",
            "price": "44.93",
            "revenue": 347195
        },
        "2013-12": {
            "month": "2013-12",
            "price": "47.00",
            "revenue": 318605
        },
        "2014-01": {
            "month": "2014-01",
            "price": "56.12",
            "revenue": 279722
        },
        "2014-02": {
            "month": "2014-02",
            "price": "62.71",
            "revenue": 264871
        },
        "2014-03": {
            "month": "2014-03",
            "price": "61.75",
            "revenue": 339622
        },
        "2014-04": {
            "month": "2014-04",
            "price": "57.99",
            "revenue": 365284
        },
        "2014-05": {
            "month": "2014-05",
            "price": "54.88",
            "revenue": 345795
        },
        "2014-06": {
            "month": "2014-06",
            "price": "61.32",
            "revenue": 320075
        },
        "2014-07": {
            "month": "2014-07",
            "price": "61.58",
            "revenue": 324968
        },
        "2014-08": {
            "month": "2014-08",
            "price": "55.37",
            "revenue": 325621
        },
        "2014-09": {
            "month": "2014-09",
            "price": "54.98",
            "revenue": 329256
        },
        "2014-10": {
            "month": "2014-10",
            "price": "50.15",
            "revenue": 350438
        },
        "2014-11": {
            "month": "2014-11",
            "price": "54.46",
            "revenue": 343778
        },
        "2014-12": {
            "month": "2014-12",
            "price": "55.82",
            "revenue": 341089
        },
        "2015-01": {
            "month": "2015-01",
            "price": "58.82",
            "revenue": 351106
        },
        "2015-02": {
            "month": "2015-02",
            "price": "57.88",
            "revenue": 192617
        },
        "2015-03": {
            "month": "2015-03",
            "price": "59.28",
            "revenue": 334518
        },
        "2015-04": {
            "month": "2015-04",
            "price": "58.32",
            "revenue": 344357
        },
        "2015-05": {
            "month": "2015-05",
            "price": "54.51",
            "revenue": 355394
        },
        "2015-06": {
            "month": "2015-06",
            "price": "50.72",
            "revenue": 336403
        },
        "2015-07": {
            "month": "2015-07",
            "price": "48.07",
            "revenue": 348001
        },
        "2015-08": {
            "month": "2015-08",
            "price": "41.09",
            "revenue": 332122
        },
        "2015-09": {
            "month": "2015-09",
            "price": "42.30",
            "revenue": 333745
        },
        "2015-10": {
            "month": "2015-10",
            "price": "47.35",
            "revenue": 340655
        },
        "2015-11": {
            "month": "2015-11",
            "price": "49.64",
            "revenue": 357780
        },
        "2015-12": {
            "month": "2015-12",
            "price": "51.71",
            "revenue": 341142
        },
        "2016-01": {
            "month": "2016-01",
            "price": "49.18",
            "revenue": 326276
        },
        "2016-02": {
            "month": "2016-02",
            "price": "49.83",
            "revenue": 211861
        },
        "2016-03": {
            "month": "2016-03",
            "price": "52.58",
            "revenue": 369949
        },
        "2016-04": {
            "month": "2016-04",
            "price": "52.20",
            "revenue": 371453
        },
        "2016-05": {
            "month": "2016-05",
            "price": "53.20",
            "revenue": 358738
        },
        "2016-06": {
            "month": "2016-06",
            "price": "54.27",
            "revenue": 363411
        },
        "2016-07": {
            "month": "2016-07",
            "price": "53.99",
            "revenue": 348987
        },
        "2016-08": {
            "month": "2016-08",
            "price": "50.37",
            "revenue": 351831
        },
        "2016-09": {
            "month": "2016-09",
            "price": "49.88",
            "revenue": 370360
        },
        "2016-10": {
            "month": "2016-10",
            "price": "50.24",
            "revenue": 355582
        },
        "2016-11": {
            "month": "2016-11",
            "price": "48.68",
            "revenue": 386913
        },
        "2016-12": {
            "month": "2016-12",
            "price": "49.06",
            "revenue": 342427
        },
        "2017-01": {
            "month": "2017-01",
            "price": "49.75",
            "revenue": 303775
        },
        "2017-02": {
            "month": "2017-02",
            "price": "52.12",
            "revenue": 336274
        },
        "2017-03": {
            "month": "2017-03",
            "price": "54.55",
            "revenue": 446257
        },
        "2017-04": {
            "month": "2017-04",
            "price": "55.31",
            "revenue": 380554
        },
        "2017-05": {
            "month": "2017-05",
            "price": "57.48",
            "revenue": 388610
        },
        "2017-06": {
            "month": "2017-06",
            "price": "57.20",
            "revenue": 385455
        },
        "2017-07": {
            "month": "2017-07",
            "price": "56.56",
            "revenue": 339472
        },
        "2017-08": {
            "month": "2017-08",
            "price": "55.38",
            "revenue": 400968
        },
        "2017-09": {
            "month": "2017-09",
            "price": "55.92",
            "revenue": 384296
        },
        "2017-10": {
            "month": "2017-10",
            "price": "63.21",
            "revenue": 409979
        },
        "2017-11": {
            "month": "2017-11",
            "price": "77.12",
            "revenue": 462909
        },
        "2017-12": {
            "month": "2017-12",
            "price": "71.51",
            "revenue": 376368
        },
        "2018-01": {
            "month": "2018-01",
            "price": "73.28",
            "revenue": 440027
        },
        "2018-02": {
            "month": "2018-02",
            "price": "77.32",
            "revenue": 236977
        },
        "2018-03": {
            "month": "2018-03",
            "price": "80.40",
            "revenue": 408697
        },
        "2018-04": {
            "month": "2018-04",
            "price": "72.71",
            "revenue": 423248
        },
        "2018-05": {
            "month": "2018-05",
            "price": "73.82",
            "revenue": 444456
        },
        "2018-06": {
            "month": "2018-06",
            "price": "76.67",
            "revenue": 462169
        },
        "2018-07": {
            "month": "2018-07",
            "price": "72.51",
            "revenue": 415323
        },
        "2018-08": {
            "month": "2018-08",
            "price": "79.41",
            "revenue": 442938
        },
        "2018-09": {
            "month": "2018-09",
            "price": "80.29",
            "revenue": 400698
        },
        "2018-10": {
            "month": "2018-10",
            "price": "68.19",
            "revenue": 393143
        },
        "2018-11": {
            "month": "2018-11",
            "price": "58.10",
            "revenue": 415341
        },
        "2018-12": {
            "month": "2018-12",
            "price": "58.88",
            "revenue": 379790
        },
        "2019-01": {
            "month": "2019-01",
            "price": "62.90",
            "revenue": 414955
        },
        "2019-02": {
            "month": "2019-02",
            "price": "73.14",
            "revenue": 241563
        },
        "2019-03": {
            "month": "2019-03",
            "price": "72.04",
            "revenue": 381338
        },
        "2019-04": {
            "month": "2019-04",
            "price": "73.83",
            "revenue": 402155
        },
        "2019-05": {
            "month": "2019-05",
            "price": "67.66",
            "revenue": 422684
        },
        "2019-06": {
            "month": "2019-06",
            "price": "68.18",
            "revenue": 380093
        },
        "2019-07": {
            "month": "2019-07",
            "price": "73.65",
            "revenue": 388875
        },
        "2019-08": {
            "month": "2019-08",
            "price": "67.98",
            "revenue": 383796
        },
        "2019-09": {
            "month": "2019-09",
            "price": "66.46",
            "revenue": 347985
        },
        "2019-10": {
            "month": "2019-10",
            "price": "66.50",
            "revenue": 403031
        },
        "2019-11": {
            "month": "2019-11",
            "price": "67.40",
            "revenue": 433382
        },
        "2019-12": {
            "month": "2019-12",
            "price": "69.40",
            "revenue": 384248
        },
        "2020-01": {
            "month": "2020-01",
            "price": "68.37",
            "revenue": 268934
        },
        "2020-02": {
            "month": "2020-02",
            "price": "68.66",
            "revenue": 329567
        },
        "2020-03": {
            "month": "2020-03",
            "price": "63.34",
            "revenue": 432648
        },
        "2020-04": {
            "month": "2020-04",
            "price": "65.72",
            "revenue": 464227
        },
        "2020-05": {
            "month": "2020-05",
            "price": "65.50",
            "revenue": 478689
        },
        "2020-06": {
            "month": "2020-06",
            "price": "66.49",
            "revenue": 478743
        },
        "2020-07": {
            "month": "2020-07",
            "price": "71.18",
            "revenue": 487632
        },
        "2020-08": {
            "month": "2020-08",
            "price": "67.52",
            "revenue": 482528
        },
        "2020-09": {
            "month": "2020-09",
            "price": "64.88",
            "revenue": 536113
        },
        "2020-10": {
            "month": "2020-10",
            "price": "67.45",
            "revenue": 567529
        },
        "2020-11": {
            "month": "2020-11",
            "price": "70.83",
            "revenue": 586993
        },
        "2020-12": {
            "month": "2020-12",
            "price": "72.16",
            "revenue": 500936
        },
        "2021-01": {
            "month": "2021-01",
            "price": "72.32",
            "revenue": 491349
        },
        "2021-02": {
            "month": "2021-02",
            "price": "84.67",
            "revenue": 390656
        },
        "2021-03": {
            "month": "2021-03",
            "price": "87.72",
            "revenue": 582693
        },
        "2021-04": {
            "month": "2021-04",
            "price": "96.86",
            "revenue": 523085
        },
        "2021-05": {
            "month": "2021-05",
            "price": "91.63",
            "revenue": 555724
        },
        "2021-06": {
            "month": "2021-06",
            "price": "100.91",
            "revenue": 591271
        },
        "2021-07": {
            "month": "2021-07",
            "price": "123.26",
            "revenue": 622585
        },
        "2021-08": {
            "month": "2021-08",
            "price": "126.82",
            "revenue": 715735
        },
        "2021-09": {
            "month": "2021-09",
            "price": "118.60",
            "revenue": 781287
        },
        "2021-10": {
            "month": "2021-10",
            "price": "109.58",
            "revenue": 681537
        },
        "2021-11": {
            "month": "2021-11",
            "price": "106.98",
            "revenue": 647460
        },
        "2021-12": {
            "month": "2021-12",
            "price": "106.32",
            "revenue": 544368
        },
        "2022-01": {
            "month": "2022-01",
            "price": "104.78",
            "revenue": 646206
        },
        "2022-02": {
            "month": "2022-02",
            "price": "106.10",
            "revenue": 710156
        },
        "2022-03": {
            "month": "2022-03",
            "price": "116.39",
            "revenue": 561983
        },
        "2022-04": {
            "month": "2022-04",
            "price": "102.06",
            "revenue": 612653
        },
        "2022-05": {
            "month": "2022-05",
            "price": "97.22",
            "revenue": 540040
        },
        "2022-06": {
            "month": "2022-06",
            "price": "95.22",
            "revenue": 512716
        },
        "2022-07": {
            "month": "2022-07",
            "price": "81.31",
            "revenue": 495274
        },
        "2022-08": {
            "month": "2022-08",
            "price": "75.69",
            "revenue": 469580
        },
        "2022-09": {
            "month": "2022-09",
            "price": "69.62",
            "revenue": 382050
        },
        "2022-10": {
            "month": "2022-10",
            "price": "65.62",
            "revenue": 409412
        },
        "2022-11": {
            "month": "2022-11",
            "price": "69.46",
            "revenue": 328412
        },
        "2022-12": {
            "month": "2022-12",
            "price": "69.06",
            "revenue": 347486
        },
        "2023-01": {
            "month": "2023-01",
            "price": "70.21",
            "revenue": 250632
        },
        "2023-02": {
            "month": "2023-02",
            "price": "75.77",
            "revenue": 263123
        },
        "2023-03": {
            "month": "2023-03",
            "price": "74.45",
            "revenue": 247079
        },
        "2023-04": {
            "month": "2023-04",
            "price": "72.03",
            "revenue": 230579
        }
    }
}
