{
    "summary": {
        "stock_name": "海韻電",
        "stock_id": "6203",
        "category": "電子零組件",
        "main_business": "交換式電源供應器(Switching Power Supplies,SPS)之生產與銷售",
        "website_url": "http://www.seasonic.com",
        "ceo": "藍建銅",
        "pe_ratio": 13,
        "report_year_from": 2001,
        "report_year_to": 2023,
        "age": 23,
        "eps_negative_percentage": 0,
        "eps_growth_avg": {
            "last_all": 19.79,
            "last_2y": 2.13,
            "last_4y": 20.9,
            "last_8y": 12.8,
            "last_12y": 9.55,
            "last_16y": 9.29,
            "last_20y": 15.98,
            "at_2006_last_3y": 44.39,
            "at_2007_last_3y": 90.12,
            "at_2008_last_3y": 54.84,
            "at_2009_last_3y": 32.41,
            "at_2010_last_3y": 8.43,
            "at_2011_last_3y": -16.39,
            "at_2012_last_3y": -11.45,
            "at_2013_last_3y": -12.6,
            "at_2014_last_3y": 2.26,
            "at_2015_last_3y": -8.91,
            "at_2016_last_3y": -2.86,
            "at_2017_last_3y": -16.33,
            "at_2018_last_3y": 2.67,
            "at_2019_last_3y": 13.19,
            "at_2020_last_3y": 37.48,
            "at_2021_last_3y": 55.33,
            "at_2022_last_3y": 20.26,
            "at_2023_last_3y": 26.59,
            "at_2024_last_3y": 26.59,
            "at_2006_last_all": 55.51,
            "at_2007_last_all": 62.93,
            "at_2008_last_all": 48.06,
            "at_2009_last_all": 43.34,
            "at_2010_last_all": 34.59,
            "at_2011_last_all": 31.2,
            "at_2012_last_all": 26.42,
            "at_2013_last_all": 24.69,
            "at_2014_last_all": 24.64,
            "at_2015_last_all": 19.74,
            "at_2016_last_all": 18.61,
            "at_2017_last_all": 14.44,
            "at_2018_last_all": 19.47,
            "at_2019_last_all": 18.28,
            "at_2020_last_all": 22.58,
            "at_2021_last_all": 22.61,
            "at_2022_last_all": 19.62,
            "at_2023_last_all": 19.79,
            "at_2024_last_all": 19.79
        },
        "latest_eps": 7.59,
        "latest_price": 98.8,
        "latest_roe": 22.39,
        "latest_gross_margin": 32.3,
        "latest_equity": 3004452,
        "latest_revenue": 982851,
        "latest_gross_profit": 317443,
        "latest_net_income": 231516,
        "latest_debt_ratio": 38.05,
        "latest_current_ratio": 313.84,
        "latest_account_receivable_turnover_ratio": 1.28,
        "latest_inventory_turnover_ratio": 0.56,
        "latest_reinvestment_rate": -0.04,
        "latest_research_to_sale_ratio": 1.5
    },
    "eps_dividends": {
        "2000": {
            "cash": 0,
            "stock": 3.1,
            "eps": 0
        },
        "2001": {
            "cash": 0,
            "stock": 0.62,
            "eps": 1.21
        },
        "2002": {
            "cash": 1.55,
            "stock": 1.6,
            "eps": 3.4
        },
        "2003": {
            "cash": 1.2,
            "stock": 1.2,
            "eps": 0.58
        },
        "2004": {
            "cash": 0.15,
            "stock": 0.33,
            "eps": 1.34
        },
        "2005": {
            "cash": 1.1,
            "stock": 0,
            "eps": 2.81
        },
        "2006": {
            "cash": 2.4,
            "stock": 0,
            "eps": 4.51
        },
        "2007": {
            "cash": 3.83,
            "stock": 0,
            "eps": 10.09
        },
        "2008": {
            "cash": 8.59,
            "stock": 0,
            "eps": 5.94
        },
        "2009": {
            "cash": 5.09,
            "stock": 0,
            "eps": 6.55
        },
        "2010": {
            "cash": 3.21,
            "stock": 3,
            "eps": 4.23
        },
        "2011": {
            "cash": 3.5,
            "stock": 0,
            "eps": 4.26
        },
        "2012": {
            "cash": 2.7,
            "stock": 0,
            "eps": 3.35
        },
        "2013": {
            "cash": 2.3,
            "stock": 0.5,
            "eps": 3.54
        },
        "2014": {
            "cash": 3,
            "stock": 0,
            "eps": 4.39
        },
        "2015": {
            "cash": 3.5,
            "stock": 0,
            "eps": 2.46
        },
        "2016": {
            "cash": 2,
            "stock": 0,
            "eps": 2.53
        },
        "2017": {
            "cash": 2,
            "stock": 0,
            "eps": 1.31
        },
        "2018": {
            "cash": 1.2,
            "stock": 0,
            "eps": 3.76
        },
        "2019": {
            "cash": 2.5,
            "stock": 0,
            "eps": 3.69
        },
        "2020": {
            "cash": 2.5,
            "stock": 0,
            "eps": 7.64
        },
        "2021": {
            "cash": 5,
            "stock": 0,
            "eps": 9.41
        },
        "2022": {
            "cash": 5,
            "stock": 0,
            "eps": 5.62
        },
        "2023": {
            "cash": 5,
            "stock": 0,
            "eps": 6.94
        }
    },
    "dividends": {
        "2000-06-30": {
            "cash": 0,
            "stock": 3.1
        },
        "2001-06-15": {
            "cash": 0,
            "stock": 0.62
        },
        "2002-06-28": {
            "cash": 1.55,
            "stock": 1.6
        },
        "2003-06-24": {
            "cash": 1.2,
            "stock": 1.2
        },
        "2004-04-29": {
            "cash": 0.15,
            "stock": 0.33
        },
        "2005-03-25": {
            "cash": 1.1,
            "stock": 0
        },
        "2006-04-03": {
            "cash": 2.4,
            "stock": 0
        },
        "2007-03-23": {
            "cash": 3.83,
            "stock": 0
        },
        "2008-03-31": {
            "cash": 8.59,
            "stock": 0
        },
        "2009-03-19": {
            "cash": 5.09,
            "stock": 0
        },
        "2010-03-19": {
            "cash": 3.21,
            "stock": 3
        },
        "2011-03-21": {
            "cash": 3.5,
            "stock": 0
        },
        "2012-06-18": {
            "cash": 2.7,
            "stock": 0
        },
        "2013-06-21": {
            "cash": 2.3,
            "stock": 0.5
        },
        "2014-09-15": {
            "cash": 3,
            "stock": 0
        },
        "2015-09-24": {
            "cash": 3.5,
            "stock": 0
        },
        "2016-09-23": {
            "cash": 2,
            "stock": 0
        },
        "2017-09-26": {
            "cash": 2,
            "stock": 0
        },
        "2018-09-25": {
            "cash": 1.2,
            "stock": 0
        },
        "2019-09-24": {
            "cash": 2.5,
            "stock": 0
        },
        "2020-09-22": {
            "cash": 2.5,
            "stock": 0
        },
        "2021-09-17": {
            "cash": 5,
            "stock": 0
        },
        "2022-10-07": {
            "cash": 5,
            "stock": 0
        },
        "2023-08-16": {
            "cash": 5,
            "stock": 0
        }
    },
    "prices": {
        "200101": "無",
        "200102": "無",
        "200103": "無",
        "200104": "無",
        "200105": "無",
        "200106": "無",
        "200107": "無",
        "200108": "無",
        "200109": "無",
        "200110": "無",
        "200111": "無",
        "200112": "無",
        "200201": "無",
        "200202": "無",
        "200203": "無",
        "200204": "無",
        "200205": "無",
        "200206": "無",
        "200207": "無",
        "200208": "無",
        "200209": "無",
        "200210": "無",
        "200211": "無",
        "200212": "35.42",
        "200301": "35.15",
        "200302": "31.40",
        "200303": "29.78",
        "200304": "29.34",
        "200305": "30.04",
        "200306": "33.85",
        "200307": "37.36",
        "200308": "30.22",
        "200309": "26.51",
        "200310": "22.70",
        "200311": "23.22",
        "200312": "24.12",
        "200401": "23.62",
        "200402": "24.09",
        "200403": "22.08",
        "200404": "22.74",
        "200405": "24.82",
        "200406": "24.69",
        "200407": "23.79",
        "200408": "22.40",
        "200409": "22.47",
        "200410": "22.68",
        "200411": "22.18",
        "200412": "20.87",
        "200501": "19.72",
        "200502": "19.41",
        "200503": "21.63",
        "200504": "31.85",
        "200505": "34.30",
        "200506": "35.33",
        "200507": "35.90",
        "200508": "41.07",
        "200509": "44.80",
        "200510": "44.57",
        "200511": "45.38",
        "200512": "49.94",
        "200601": "51.70",
        "200602": "51.34",
        "200603": "50.43",
        "200604": "50.64",
        "200605": "52.65",
        "200606": "57.69",
        "200607": "56.92",
        "200608": "55.88",
        "200609": "59.07",
        "200610": "61.08",
        "200611": "60.69",
        "200612": "80.14",
        "200701": "112.66",
        "200702": "109.42",
        "200703": "123.02",
        "200704": "132.92",
        "200705": "130.18",
        "200706": "129.05",
        "200707": "137.59",
        "200708": "139.02",
        "200709": "143.75",
        "200710": "194.36",
        "200711": "232.91",
        "200712": "210.43",
        "200801": "217.11",
        "200802": "223.25",
        "200803": "226.52",
        "200804": "230.67",
        "200805": "127.09",
        "200806": "90.54",
        "200807": "71.41",
        "200808": "75.94",
        "200809": "52.12",
        "200810": "37.55",
        "200811": "34.51",
        "200812": "34.55",
        "200901": "33.04",
        "200902": "33.18",
        "200903": "43.11",
        "200904": "54.42",
        "200905": "65.98",
        "200906": "62.69",
        "200907": "66.12",
        "200908": "68.42",
        "200909": "67.98",
        "200910": "65.45",
        "200911": "64.77",
        "200912": "67.51",
        "201001": "71.70",
        "201002": "66.36",
        "201003": "73.84",
        "201004": "84.76",
        "201005": "82.07",
        "201006": "81.09",
        "201007": "81.39",
        "201008": "68.67",
        "201009": "59.26",
        "201010": "57.92",
        "201011": "54.19",
        "201012": "56.24",
        "201101": "54.22",
        "201102": "53.67",
        "201103": "51.05",
        "201104": "50.19",
        "201105": "43.65",
        "201106": "42.47",
        "201107": "41.34",
        "201108": "38.79",
        "201109": "33.30",
        "201110": "31.47",
        "201111": "34.55",
        "201112": "30.93",
        "201201": "32.08",
        "201202": "37.51",
        "201203": "40.17",
        "201204": "38.50",
        "201205": "36.52",
        "201206": "34.48",
        "201207": "35.02",
        "201208": "36.36",
        "201209": "34.56",
        "201210": "33.13",
        "201211": "32.05",
        "201212": "32.81",
        "201301": "32.74",
        "201302": "33.50",
        "201303": "34.90",
        "201304": "35.51",
        "201305": "36.87",
        "201306": "36.18",
        "201307": "36.04",
        "201308": "37.07",
        "201309": "35.50",
        "201310": "35.05",
        "201311": "33.40",
        "201312": "35.04",
        "201401": "37.20",
        "201402": "45.86",
        "201403": "54.46",
        "201404": "56.50",
        "201405": "53.36",
        "201406": "59.20",
        "201407": "67.42",
        "201408": "61.19",
        "201409": "53.82",
        "201410": "49.19",
        "201411": "47.83",
        "201412": "49.68",
        "201501": "49.45",
        "201502": "48.44",
        "201503": "47.95",
        "201504": "46.50",
        "201505": "40.52",
        "201506": "36.71",
        "201507": "33.92",
        "201508": "30.01",
        "201509": "29.22",
        "201510": "31.11",
        "201511": "31.13",
        "201512": "30.91",
        "201601": "29.86",
        "201602": "31.17",
        "201603": "33.17",
        "201604": "32.20",
        "201605": "29.94",
        "201606": "31.47",
        "201607": "33.03",
        "201608": "33.75",
        "201609": "31.79",
        "201610": "31.09",
        "201611": "30.40",
        "201612": "30.86",
        "201701": "30.99",
        "201702": "31.78",
        "201703": "31.97",
        "201704": "31.48",
        "201705": "30.51",
        "201706": "29.94",
        "201707": "30.40",
        "201708": "30.52",
        "201709": "29.49",
        "201710": "29.81",
        "201711": "29.81",
        "201712": "29.56",
        "201801": "30.29",
        "201802": "32.83",
        "201803": "42.74",
        "201804": "36.26",
        "201805": "36.21",
        "201806": "39.36",
        "201807": "36.43",
        "201808": "36.63",
        "201809": "34.76",
        "201810": "29.59",
        "201811": "29.64",
        "201812": "30.60",
        "201901": "30.67",
        "201902": "31.21",
        "201903": "32.47",
        "201904": "32.88",
        "201905": "31.68",
        "201906": "32.56",
        "201907": "34.22",
        "201908": "34.16",
        "201909": "34.52",
        "201910": "37.74",
        "201911": "39.48",
        "201912": "38.61",
        "202001": "37.87",
        "202002": "40.28",
        "202003": "36.03",
        "202004": "38.07",
        "202005": "50.62",
        "202006": "58.25",
        "202007": "74.26",
        "202008": "74.59",
        "202009": "70.84",
        "202010": "70.63",
        "202011": "76.10",
        "202012": "79.02",
        "202101": "79.61",
        "202102": "91.36",
        "202103": "107.16",
        "202104": "118.21",
        "202105": "103.68",
        "202106": "108.26",
        "202107": "106.32",
        "202108": "97.52",
        "202109": "89.51",
        "202110": "77.07",
        "202111": "82.66",
        "202112": "83.83",
        "202201": "78.36",
        "202202": "73.05",
        "202203": "65.90",
        "202204": "56.48",
        "202205": "54.35",
        "202206": "56.48",
        "202207": "52.49",
        "202208": "56.06",
        "202209": "50.94",
        "202210": "45.34",
        "202211": "48.91",
        "202212": "51.97",
        "202301": "51.78",
        "202302": "54.66",
        "202303": "57.69",
        "202304": "70.04",
        "202305": "79.09",
        "202306": "96.66",
        "202307": "100.98",
        "202308": "103.58",
        "202309": "97.75",
        "202310": "93.56",
        "202311": "93.28",
        "202312": "93.43"
    },
    "quarters": {
        "20011": {
            "year_quarter": 20011,
            "year": 2001,
            "quarter": 1,
            "eps": 0.61,
            "eps_growth_year": null,
            "eps_4q": null,
            "eps_4q_growth_year": null,
            "roe": 5.14,
            "roe_4q": 5.14,
            "gross_profit": 45025,
            "gross_margin": 26.69,
            "gross_margin_4q_avg": 26.69,
            "net_income": 24458,
            "net_income_4q": null,
            "revenue": 168720,
            "revenue_4q": null,
            "common_shares": 403333,
            "book_valuer_per_share": 12.09,
            "book_valuer_per_share_4q_avg": 12.09,
            "equity": 487725,
            "current_ratio": 245.05,
            "debt_ratio": 26.58,
            "inventory_turnover_ratio": 1.15,
            "account_receivable_turnover_ratio": null,
            "reinvestment_rate": null,
            "research_to_sale_ratio": null,
            "price_fair": 0,
            "eps_avg_yearly": 0,
            "eps_latest_yearly": 0,
            "eps_growth_yearly": 0
        },
        "20012": {
            "year_quarter": 20012,
            "year": 2001,
            "quarter": 2,
            "eps": 0.6,
            "eps_growth_year": null,
            "eps_4q": null,
            "eps_4q_growth_year": null,
            "roe": 5.19,
            "roe_4q": 10.33,
            "gross_profit": 53335,
            "gross_margin": 29.47,
            "gross_margin_4q_avg": 28.08,
            "net_income": 26079,
            "net_income_4q": null,
            "revenue": 181007,
            "revenue_4q": null,
            "common_shares": 403333,
            "book_valuer_per_share": 12.8,
            "book_valuer_per_share_4q_avg": 12.45,
            "equity": 516336,
            "current_ratio": 227.41,
            "debt_ratio": 30.2,
            "inventory_turnover_ratio": 1.18,
            "account_receivable_turnover_ratio": null,
            "reinvestment_rate": null,
            "research_to_sale_ratio": null,
            "price_fair": 0,
            "eps_avg_yearly": 0,
            "eps_latest_yearly": 0,
            "eps_growth_yearly": 0
        },
        "20013": {
            "year_quarter": 20013,
            "year": 2001,
            "quarter": 3,
            "eps": null,
            "eps_growth_year": null,
            "eps_4q": null,
            "eps_4q_growth_year": null,
            "roe": null,
            "roe_4q": 10.33,
            "gross_profit": null,
            "gross_margin": null,
            "gross_margin_4q_avg": 18.72,
            "net_income": null,
            "net_income_4q": null,
            "revenue": null,
            "revenue_4q": null,
            "common_shares": null,
            "book_valuer_per_share": null,
            "book_valuer_per_share_4q_avg": 8.3,
            "equity": null,
            "current_ratio": null,
            "debt_ratio": null,
            "inventory_turnover_ratio": null,
            "account_receivable_turnover_ratio": null,
            "reinvestment_rate": null,
            "research_to_sale_ratio": null,
            "price_fair": 0,
            "eps_avg_yearly": 0,
            "eps_latest_yearly": 0,
            "eps_growth_yearly": 0
        },
        "20014": {
            "year_quarter": 20014,
            "year": 2001,
            "quarter": 4,
            "eps": null,
            "eps_growth_year": null,
            "eps_4q": null,
            "eps_4q_growth_year": null,
            "roe": null,
            "roe_4q": 10.33,
            "gross_profit": null,
            "gross_margin": null,
            "gross_margin_4q_avg": 14.04,
            "net_income": null,
            "net_income_4q": null,
            "revenue": null,
            "revenue_4q": null,
            "common_shares": 431193,
            "book_valuer_per_share": 14.68,
            "book_valuer_per_share_4q_avg": 9.89,
            "equity": 633115,
            "current_ratio": 222.65,
            "debt_ratio": 34.33,
            "inventory_turnover_ratio": null,
            "account_receivable_turnover_ratio": null,
            "reinvestment_rate": null,
            "research_to_sale_ratio": null,
            "price_fair": 0,
            "eps_avg_yearly": 0,
            "eps_latest_yearly": 0,
            "eps_growth_yearly": 0
        },
        "20021": {
            "year_quarter": 20021,
            "year": 2002,
            "quarter": 1,
            "eps": 0.74,
            "eps_growth_year": 21.31,
            "eps_4q": null,
            "eps_4q_growth_year": null,
            "roe": 4.89,
            "roe_4q": 10.08,
            "gross_profit": 56512,
            "gross_margin": 34.74,
            "gross_margin_4q_avg": 16.05,
            "net_income": 31742,
            "net_income_4q": null,
            "revenue": 162660,
            "revenue_4q": null,
            "common_shares": 431193,
            "book_valuer_per_share": 15.41,
            "book_valuer_per_share_4q_avg": 10.72,
            "equity": 664268,
            "current_ratio": 299.83,
            "debt_ratio": 25.32,
            "inventory_turnover_ratio": 0.77,
            "account_receivable_turnover_ratio": null,
            "reinvestment_rate": null,
            "research_to_sale_ratio": null,
            "price_fair": 0,
            "eps_avg_yearly": 0,
            "eps_latest_yearly": 0,
            "eps_growth_yearly": 0
        },
        "20022": {
            "year_quarter": 20022,
            "year": 2002,
            "quarter": 2,
            "eps": 0.34,
            "eps_growth_year": -43.33,
            "eps_4q": null,
            "eps_4q_growth_year": null,
            "roe": 2.33,
            "roe_4q": 7.22,
            "gross_profit": 52039,
            "gross_margin": 34.19,
            "gross_margin_4q_avg": 17.23,
            "net_income": 14771,
            "net_income_4q": null,
            "revenue": 152195,
            "revenue_4q": null,
            "common_shares": 431193,
            "book_valuer_per_share": 14.04,
            "book_valuer_per_share_4q_avg": 11.03,
            "equity": 605268,
            "current_ratio": 246.19,
            "debt_ratio": 29.24,
            "inventory_turnover_ratio": 0.59,
            "account_receivable_turnover_ratio": null,
            "reinvestment_rate": null,
            "research_to_sale_ratio": null,
            "price_fair": 4.08,
            "eps_avg_yearly": 1.36,
            "eps_latest_yearly": 1.36,
            "eps_growth_yearly": -216.22
        },
        "20023": {
            "year_quarter": 20023,
            "year": 2002,
            "quarter": 3,
            "eps": 1.32,
            "eps_growth_year": null,
            "eps_4q": null,
            "eps_4q_growth_year": null,
            "roe": 8.96,
            "roe_4q": 16.18,
            "gross_profit": 87859,
            "gross_margin": 33.32,
            "gross_margin_4q_avg": 25.56,
            "net_income": 56745,
            "net_income_4q": null,
            "revenue": 263694,
            "revenue_4q": null,
            "common_shares": 431193,
            "book_valuer_per_share": 15.33,
            "book_valuer_per_share_4q_avg": 14.87,
            "equity": 661146,
            "current_ratio": 251.25,
            "debt_ratio": 30.08,
            "inventory_turnover_ratio": 0.95,
            "account_receivable_turnover_ratio": null,
            "reinvestment_rate": null,
            "research_to_sale_ratio": null,
            "price_fair": 116.2,
            "eps_avg_yearly": 3.32,
            "eps_latest_yearly": 5.28,
            "eps_growth_yearly": 468.36
        },
        "20024": {
            "year_quarter": 20024,
            "year": 2002,
            "quarter": 4,
            "eps": 1,
            "eps_growth_year": null,
            "eps_4q": 3.02,
            "eps_4q_growth_year": null,
            "roe": 7.43,
            "roe_4q": 23.61,
            "gross_profit": 93231,
            "gross_margin": 35.59,
            "gross_margin_4q_avg": 34.46,
            "net_income": 51016,
            "net_income_4q": null,
            "revenue": 261922,
            "revenue_4q": null,
            "common_shares": 507764,
            "book_valuer_per_share": 14.02,
            "book_valuer_per_share_4q_avg": 14.7,
            "equity": 711785,
            "current_ratio": 308.42,
            "debt_ratio": 24.72,
            "inventory_turnover_ratio": 1.03,
            "account_receivable_turnover_ratio": null,
            "reinvestment_rate": null,
            "research_to_sale_ratio": null,
            "price_fair": 124.13,
            "eps_avg_yearly": 3.55,
            "eps_latest_yearly": 4,
            "eps_growth_yearly": 279.92
        },
        "20031": {
            "year_quarter": 20031,
            "year": 2003,
            "quarter": 1,
            "eps": 0.53,
            "eps_growth_year": -28.38,
            "eps_4q": 2.95,
            "eps_4q_growth_year": null,
            "roe": 3.7,
            "roe_4q": 22.42,
            "gross_profit": 68750,
            "gross_margin": 34.1,
            "gross_margin_4q_avg": 34.3,
            "net_income": 26832,
            "net_income_4q": null,
            "revenue": 201628,
            "revenue_4q": null,
            "common_shares": 507764,
            "book_valuer_per_share": 14.55,
            "book_valuer_per_share_4q_avg": 14.49,
            "equity": 738566,
            "current_ratio": 315.55,
            "debt_ratio": 25.12,
            "inventory_turnover_ratio": 0.77,
            "account_receivable_turnover_ratio": null,
            "reinvestment_rate": null,
            "research_to_sale_ratio": null,
            "price_fair": 111.65,
            "eps_avg_yearly": 3.19,
            "eps_latest_yearly": 2.12,
            "eps_growth_yearly": 162.94
        },
        "20032": {
            "year_quarter": 20032,
            "year": 2003,
            "quarter": 2,
            "eps": 0.72,
            "eps_growth_year": 111.76,
            "eps_4q": 3.05,
            "eps_4q_growth_year": null,
            "roe": 5.73,
            "roe_4q": 25.82,
            "gross_profit": 74529,
            "gross_margin": 33.51,
            "gross_margin_4q_avg": 34.13,
            "net_income": 41566,
            "net_income_4q": null,
            "revenue": 222425,
            "revenue_4q": null,
            "common_shares": 507764,
            "book_valuer_per_share": 14.01,
            "book_valuer_per_share_4q_avg": 14.48,
            "equity": 711228,
            "current_ratio": 275.06,
            "debt_ratio": 28.95,
            "inventory_turnover_ratio": 0.79,
            "account_receivable_turnover_ratio": null,
            "reinvestment_rate": null,
            "research_to_sale_ratio": null,
            "price_fair": 109.48,
            "eps_avg_yearly": 3.13,
            "eps_latest_yearly": 2.88,
            "eps_growth_yearly": 159.03
        },
        "20033": {
            "year_quarter": 20033,
            "year": 2003,
            "quarter": 3,
            "eps": 0.25,
            "eps_growth_year": -81.06,
            "eps_4q": 2.32,
            "eps_4q_growth_year": null,
            "roe": 2.01,
            "roe_4q": 18.87,
            "gross_profit": 48329,
            "gross_margin": 29.39,
            "gross_margin_4q_avg": 33.15,
            "net_income": 14411,
            "net_income_4q": null,
            "revenue": 164430,
            "revenue_4q": null,
            "common_shares": 575504,
            "book_valuer_per_share": 12.58,
            "book_valuer_per_share_4q_avg": 13.79,
            "equity": 723911,
            "current_ratio": 406.94,
            "debt_ratio": 20.56,
            "inventory_turnover_ratio": 0.63,
            "account_receivable_turnover_ratio": null,
            "reinvestment_rate": null,
            "research_to_sale_ratio": null,
            "price_fair": 97.07,
            "eps_avg_yearly": 2.77,
            "eps_latest_yearly": 1,
            "eps_growth_yearly": 89.01
        },
        "20034": {
            "year_quarter": 20034,
            "year": 2003,
            "quarter": 4,
            "eps": -0.92,
            "eps_growth_year": -192,
            "eps_4q": 0.51,
            "eps_4q_growth_year": -83.14,
            "roe": -7.63,
            "roe_4q": 3.8100000000000005,
            "gross_profit": 62389,
            "gross_margin": 32.84,
            "gross_margin_4q_avg": 32.46,
            "net_income": -53227,
            "net_income_4q": null,
            "revenue": 189964,
            "revenue_4q": null,
            "common_shares": 575504,
            "book_valuer_per_share": 11.65,
            "book_valuer_per_share_4q_avg": 13.2,
            "equity": 670680,
            "current_ratio": 336.97,
            "debt_ratio": 24.03,
            "inventory_turnover_ratio": 0.74,
            "account_receivable_turnover_ratio": null,
            "reinvestment_rate": null,
            "research_to_sale_ratio": null,
            "price_fair": 97.07,
            "eps_avg_yearly": 2.77,
            "eps_latest_yearly": 1,
            "eps_growth_yearly": 89.01
        },
        "20041": {
            "year_quarter": 20041,
            "year": 2004,
            "quarter": 1,
            "eps": 0.38,
            "eps_growth_year": -28.3,
            "eps_4q": 0.43,
            "eps_4q_growth_year": -85.49,
            "roe": 3.19,
            "roe_4q": 3.3000000000000007,
            "gross_profit": 50882,
            "gross_margin": 30.93,
            "gross_margin_4q_avg": 31.67,
            "net_income": 21705,
            "net_income_4q": null,
            "revenue": 164486,
            "revenue_4q": null,
            "common_shares": 575504,
            "book_valuer_per_share": 12.01,
            "book_valuer_per_share_4q_avg": 12.56,
            "equity": 691059,
            "current_ratio": 330.69,
            "debt_ratio": 25.15,
            "inventory_turnover_ratio": 0.76,
            "account_receivable_turnover_ratio": null,
            "reinvestment_rate": null,
            "research_to_sale_ratio": null,
            "price_fair": 97.07,
            "eps_avg_yearly": 2.77,
            "eps_latest_yearly": 1,
            "eps_growth_yearly": 89.01
        },
        "20042": {
            "year_quarter": 20042,
            "year": 2004,
            "quarter": 2,
            "eps": 0.2,
            "eps_growth_year": -72.22,
            "eps_4q": -0.08,
            "eps_4q_growth_year": -102.66,
            "roe": 1.76,
            "roe_4q": -0.6699999999999999,
            "gross_profit": 52527,
            "gross_margin": 31.77,
            "gross_margin_4q_avg": 31.23,
            "net_income": 12177,
            "net_income_4q": null,
            "revenue": 165334,
            "revenue_4q": null,
            "common_shares": 575504,
            "book_valuer_per_share": 12.08,
            "book_valuer_per_share_4q_avg": 12.08,
            "equity": 695356,
            "current_ratio": 308.25,
            "debt_ratio": 27.81,
            "inventory_turnover_ratio": 0.78,
            "account_receivable_turnover_ratio": null,
            "reinvestment_rate": null,
            "research_to_sale_ratio": null,
            "price_fair": 87.2,
            "eps_avg_yearly": 2.49,
            "eps_latest_yearly": 0.8,
            "eps_growth_yearly": 49.22
        },
        "20043": {
            "year_quarter": 20043,
            "year": 2004,
            "quarter": 3,
            "eps": 0.42,
            "eps_growth_year": 68,
            "eps_4q": 0.1,
            "eps_4q_growth_year": -95.8,
            "roe": 3.56,
            "roe_4q": 0.8799999999999999,
            "gross_profit": 43665,
            "gross_margin": 27.22,
            "gross_margin_4q_avg": 30.69,
            "net_income": 25196,
            "net_income_4q": null,
            "revenue": 160418,
            "revenue_4q": null,
            "common_shares": 596088,
            "book_valuer_per_share": 12.09,
            "book_valuer_per_share_4q_avg": 11.96,
            "equity": 720632,
            "current_ratio": 338.27,
            "debt_ratio": 26.05,
            "inventory_turnover_ratio": 0.75,
            "account_receivable_turnover_ratio": null,
            "reinvestment_rate": null,
            "research_to_sale_ratio": null,
            "price_fair": 83.65,
            "eps_avg_yearly": 2.39,
            "eps_latest_yearly": 1.68,
            "eps_growth_yearly": 98.07
        },
        "20044": {
            "year_quarter": 20044,
            "year": 2004,
            "quarter": 4,
            "eps": 0.34,
            "eps_growth_year": null,
            "eps_4q": 1.33,
            "eps_4q_growth_year": 160.48,
            "roe": 2.79,
            "roe_4q": 11.299999999999999,
            "gross_profit": 53144,
            "gross_margin": 30.4,
            "gross_margin_4q_avg": 30.08,
            "net_income": 20321,
            "net_income_4q": null,
            "revenue": 174792,
            "revenue_4q": null,
            "common_shares": 596088,
            "book_valuer_per_share": 12.34,
            "book_valuer_per_share_4q_avg": 12.13,
            "equity": 735738,
            "current_ratio": 354.44,
            "debt_ratio": 25.85,
            "inventory_turnover_ratio": 0.74,
            "account_receivable_turnover_ratio": null,
            "reinvestment_rate": null,
            "research_to_sale_ratio": null,
            "price_fair": 79.64,
            "eps_avg_yearly": 2.28,
            "eps_latest_yearly": 1.36,
            "eps_growth_yearly": 78.71
        },
        "20051": {
            "year_quarter": 20051,
            "year": 2005,
            "quarter": 1,
            "eps": 0.42,
            "eps_growth_year": 10.53,
            "eps_4q": 1.38,
            "eps_4q_growth_year": 222.81,
            "roe": 3.36,
            "roe_4q": 11.47,
            "gross_profit": 53757,
            "gross_margin": 30.55,
            "gross_margin_4q_avg": 29.99,
            "net_income": 25186,
            "net_income_4q": null,
            "revenue": 175940,
            "revenue_4q": null,
            "common_shares": 596088,
            "book_valuer_per_share": 12.82,
            "book_valuer_per_share_4q_avg": 12.33,
            "equity": 764021,
            "current_ratio": 286.37,
            "debt_ratio": 31.06,
            "inventory_turnover_ratio": 0.65,
            "account_receivable_turnover_ratio": null,
            "reinvestment_rate": null,
            "research_to_sale_ratio": null,
            "price_fair": 77.56,
            "eps_avg_yearly": 2.22,
            "eps_latest_yearly": 1.68,
            "eps_growth_yearly": 80.25
        },
        "20052": {
            "year_quarter": 20052,
            "year": 2005,
            "quarter": 2,
            "eps": 0.7,
            "eps_growth_year": 250,
            "eps_4q": 1.89,
            "eps_4q_growth_year": null,
            "roe": 5.55,
            "roe_4q": 15.26,
            "gross_profit": 78635,
            "gross_margin": 34.55,
            "gross_margin_4q_avg": 30.68,
            "net_income": 41587,
            "net_income_4q": null,
            "revenue": 227575,
            "revenue_4q": null,
            "common_shares": 596088,
            "book_valuer_per_share": 12.31,
            "book_valuer_per_share_4q_avg": 12.39,
            "equity": 733526,
            "current_ratio": 226.31,
            "debt_ratio": 35.4,
            "inventory_turnover_ratio": 0.7,
            "account_receivable_turnover_ratio": null,
            "reinvestment_rate": null,
            "research_to_sale_ratio": null,
            "price_fair": 79.42,
            "eps_avg_yearly": 2.27,
            "eps_latest_yearly": 2.8,
            "eps_growth_yearly": 97.2
        },
        "20053": {
            "year_quarter": 20053,
            "year": 2005,
            "quarter": 3,
            "eps": 0.73,
            "eps_growth_year": 73.81,
            "eps_4q": 2.18,
            "eps_4q_growth_year": 2136.77,
            "roe": 5.78,
            "roe_4q": 17.48,
            "gross_profit": 76494,
            "gross_margin": 33.68,
            "gross_margin_4q_avg": 32.3,
            "net_income": 43800,
            "net_income_4q": null,
            "revenue": 227086,
            "revenue_4q": null,
            "common_shares": 596088,
            "book_valuer_per_share": 13.11,
            "book_valuer_per_share_4q_avg": 12.65,
            "equity": 781266,
            "current_ratio": 300.4,
            "debt_ratio": 26.88,
            "inventory_turnover_ratio": 0.79,
            "account_receivable_turnover_ratio": null,
            "reinvestment_rate": null,
            "research_to_sale_ratio": null,
            "price_fair": 81.32,
            "eps_avg_yearly": 2.32,
            "eps_latest_yearly": 2.92,
            "eps_growth_yearly": 90.53
        },
        "20054": {
            "year_quarter": 20054,
            "year": 2005,
            "quarter": 4,
            "eps": 0.96,
            "eps_growth_year": 182.35,
            "eps_4q": 2.81,
            "eps_4q_growth_year": 111.76,
            "roe": 7.07,
            "roe_4q": 21.76,
            "gross_profit": 109764,
            "gross_margin": 34.4,
            "gross_margin_4q_avg": 33.3,
            "net_income": 57282,
            "net_income_4q": null,
            "revenue": 319115,
            "revenue_4q": null,
            "common_shares": 596088,
            "book_valuer_per_share": 14.08,
            "book_valuer_per_share_4q_avg": 13.08,
            "equity": 839037,
            "current_ratio": 330.56,
            "debt_ratio": 26.14,
            "inventory_turnover_ratio": 1.32,
            "account_receivable_turnover_ratio": null,
            "reinvestment_rate": 6.1,
            "research_to_sale_ratio": null,
            "price_fair": 85.4,
            "eps_avg_yearly": 2.44,
            "eps_latest_yearly": 3.84,
            "eps_growth_yearly": 93.26
        },
        "20061": {
            "year_quarter": 20061,
            "year": 2006,
            "quarter": 1,
            "eps": 0.74,
            "eps_growth_year": 76.19,
            "eps_4q": 3.12,
            "eps_4q_growth_year": 125.99,
            "roe": 5.15,
            "roe_4q": 23.55,
            "gross_profit": 76457,
            "gross_margin": 30.97,
            "gross_margin_4q_avg": 33.4,
            "net_income": 44296,
            "net_income_4q": null,
            "revenue": 246909,
            "revenue_4q": null,
            "common_shares": 596088,
            "book_valuer_per_share": 14.8,
            "book_valuer_per_share_4q_avg": 13.58,
            "equity": 882279,
            "current_ratio": 283.06,
            "debt_ratio": 29.69,
            "inventory_turnover_ratio": 1.12,
            "account_receivable_turnover_ratio": null,
            "reinvestment_rate": 0.04,
            "research_to_sale_ratio": null,
            "price_fair": 86.7,
            "eps_avg_yearly": 2.48,
            "eps_latest_yearly": 2.96,
            "eps_growth_yearly": 80.05
        },
        "20062": {
            "year_quarter": 20062,
            "year": 2006,
            "quarter": 2,
            "eps": 0.54,
            "eps_growth_year": -22.86,
            "eps_4q": 2.97,
            "eps_4q_growth_year": 57.35,
            "roe": 3.92,
            "roe_4q": 21.92,
            "gross_profit": 62058,
            "gross_margin": 27.97,
            "gross_margin_4q_avg": 31.76,
            "net_income": 32252,
            "net_income_4q": null,
            "revenue": 221861,
            "revenue_4q": null,
            "common_shares": 596088,
            "book_valuer_per_share": 12.79,
            "book_valuer_per_share_4q_avg": 13.7,
            "equity": 762669,
            "current_ratio": 204.08,
            "debt_ratio": 40.56,
            "inventory_turnover_ratio": 0.9,
            "account_receivable_turnover_ratio": null,
            "reinvestment_rate": -2.86,
            "research_to_sale_ratio": null,
            "price_fair": 88.7,
            "eps_avg_yearly": 2.53,
            "eps_latest_yearly": 2.16,
            "eps_growth_yearly": 87.77
        },
        "20063": {
            "year_quarter": 20063,
            "year": 2006,
            "quarter": 3,
            "eps": 1.25,
            "eps_growth_year": 71.23,
            "eps_4q": 3.49,
            "eps_4q_growth_year": 60.19,
            "roe": 9.31,
            "roe_4q": 25.450000000000003,
            "gross_profit": 119084,
            "gross_margin": 33.69,
            "gross_margin_4q_avg": 31.76,
            "net_income": 74526,
            "net_income_4q": null,
            "revenue": 353509,
            "revenue_4q": null,
            "common_shares": 596088,
            "book_valuer_per_share": 14.08,
            "book_valuer_per_share_4q_avg": 13.94,
            "equity": 839058,
            "current_ratio": 395.36,
            "debt_ratio": 21.91,
            "inventory_turnover_ratio": 2.01,
            "account_receivable_turnover_ratio": null,
            "reinvestment_rate": -2.63,
            "research_to_sale_ratio": null,
            "price_fair": 88,
            "eps_avg_yearly": 2.51,
            "eps_latest_yearly": 5,
            "eps_growth_yearly": 42.98
        },
        "20064": {
            "year_quarter": 20064,
            "year": 2006,
            "quarter": 4,
            "eps": 1.98,
            "eps_growth_year": 106.25,
            "eps_4q": 4.51,
            "eps_4q_growth_year": 60.34,
            "roe": 13.16,
            "roe_4q": 31.54,
            "gross_profit": 148964,
            "gross_margin": 30.55,
            "gross_margin_4q_avg": 30.8,
            "net_income": 118206,
            "net_income_4q": null,
            "revenue": 487615,
            "revenue_4q": null,
            "common_shares": 596088,
            "book_valuer_per_share": 16.06,
            "book_valuer_per_share_4q_avg": 14.43,
            "equity": 957366,
            "current_ratio": 236.73,
            "debt_ratio": 37.66,
            "inventory_turnover_ratio": 2.03,
            "account_receivable_turnover_ratio": null,
            "reinvestment_rate": 3.14,
            "research_to_sale_ratio": null,
            "price_fair": 97.8,
            "eps_avg_yearly": 2.79,
            "eps_latest_yearly": 7.92,
            "eps_growth_yearly": 66.59
        },
        "20071": {
            "year_quarter": 20071,
            "year": 2007,
            "quarter": 1,
            "eps": 1.66,
            "eps_growth_year": 124.32,
            "eps_4q": 5.44,
            "eps_4q_growth_year": 74.22,
            "roe": 9.8,
            "roe_4q": 36.190000000000005,
            "gross_profit": 109223,
            "gross_margin": 29.62,
            "gross_margin_4q_avg": 30.46,
            "net_income": 98759,
            "net_income_4q": null,
            "revenue": 368796,
            "revenue_4q": null,
            "common_shares": 596088,
            "book_valuer_per_share": 17.74,
            "book_valuer_per_share_4q_avg": 15.17,
            "equity": 1057501,
            "current_ratio": 416.39,
            "debt_ratio": 20.43,
            "inventory_turnover_ratio": 1.52,
            "account_receivable_turnover_ratio": null,
            "reinvestment_rate": -1.48,
            "research_to_sale_ratio": null,
            "price_fair": 109.1,
            "eps_avg_yearly": 3.12,
            "eps_latest_yearly": 6.64,
            "eps_growth_yearly": 75.41
        },
        "20072": {
            "year_quarter": 20072,
            "year": 2007,
            "quarter": 2,
            "eps": 2.09,
            "eps_growth_year": 287.04,
            "eps_4q": 6.98,
            "eps_4q_growth_year": 134.86,
            "roe": 12.46,
            "roe_4q": 44.730000000000004,
            "gross_profit": 144314,
            "gross_margin": 26.77,
            "gross_margin_4q_avg": 30.16,
            "net_income": 124459,
            "net_income_4q": null,
            "revenue": 539138,
            "revenue_4q": null,
            "common_shares": 596088,
            "book_valuer_per_share": 15.77,
            "book_valuer_per_share_4q_avg": 15.91,
            "equity": 940057,
            "current_ratio": 198.12,
            "debt_ratio": 41.76,
            "inventory_turnover_ratio": 9.61,
            "account_receivable_turnover_ratio": null,
            "reinvestment_rate": -0.84,
            "research_to_sale_ratio": null,
            "price_fair": 122.8,
            "eps_avg_yearly": 3.51,
            "eps_latest_yearly": 8.36,
            "eps_growth_yearly": 72.56
        },
        "20073": {
            "year_quarter": 20073,
            "year": 2007,
            "quarter": 3,
            "eps": 3.51,
            "eps_growth_year": 180.8,
            "eps_4q": 9.24,
            "eps_4q_growth_year": 164.47,
            "roe": 20.04,
            "roe_4q": 55.459999999999994,
            "gross_profit": 245230,
            "gross_margin": 27.73,
            "gross_margin_4q_avg": 28.67,
            "net_income": 209055,
            "net_income_4q": null,
            "revenue": 884506,
            "revenue_4q": null,
            "common_shares": 596088,
            "book_valuer_per_share": 19.24,
            "book_valuer_per_share_4q_avg": 17.2,
            "equity": 1146657,
            "current_ratio": 209.47,
            "debt_ratio": 40.4,
            "inventory_turnover_ratio": 20.88,
            "account_receivable_turnover_ratio": null,
            "reinvestment_rate": -0.56,
            "research_to_sale_ratio": null,
            "price_fair": 155.4,
            "eps_avg_yearly": 4.44,
            "eps_latest_yearly": 14.04,
            "eps_growth_yearly": 110.63
        },
        "20074": {
            "year_quarter": 20074,
            "year": 2007,
            "quarter": 4,
            "eps": 2.83,
            "eps_growth_year": 42.93,
            "eps_4q": 10.09,
            "eps_4q_growth_year": 123.69,
            "roe": 13.67,
            "roe_4q": 55.97,
            "gross_profit": 304702,
            "gross_margin": 37.01,
            "gross_margin_4q_avg": 30.28,
            "net_income": 168507,
            "net_income_4q": null,
            "revenue": 823311,
            "revenue_4q": null,
            "common_shares": 596088,
            "book_valuer_per_share": 22.13,
            "book_valuer_per_share_4q_avg": 18.72,
            "equity": 1319279,
            "current_ratio": 223.17,
            "debt_ratio": 42.43,
            "inventory_turnover_ratio": 2.92,
            "account_receivable_turnover_ratio": null,
            "reinvestment_rate": 3.44,
            "research_to_sale_ratio": null,
            "price_fair": 171.45,
            "eps_avg_yearly": 4.9,
            "eps_latest_yearly": 11.32,
            "eps_growth_yearly": 98.09
        },
        "20081": {
            "year_quarter": 20081,
            "year": 2008,
            "quarter": 1,
            "eps": 1.25,
            "eps_growth_year": -24.7,
            "eps_4q": 9.66,
            "eps_4q_growth_year": 77.54,
            "roe": 5.52,
            "roe_4q": 51.69,
            "gross_profit": 218906,
            "gross_margin": 34.07,
            "gross_margin_4q_avg": 31.4,
            "net_income": 74609,
            "net_income_4q": null,
            "revenue": 642431,
            "revenue_4q": null,
            "common_shares": 596088,
            "book_valuer_per_share": 23.22,
            "book_valuer_per_share_4q_avg": 20.09,
            "equity": 1383912,
            "current_ratio": 281.84,
            "debt_ratio": 34.52,
            "inventory_turnover_ratio": 1.29,
            "account_receivable_turnover_ratio": null,
            "reinvestment_rate": 3.14,
            "research_to_sale_ratio": null,
            "price_fair": 171.68,
            "eps_avg_yearly": 4.91,
            "eps_latest_yearly": 5,
            "eps_growth_yearly": 78
        },
        "20082": {
            "year_quarter": 20082,
            "year": 2008,
            "quarter": 2,
            "eps": 1.26,
            "eps_growth_year": -39.71,
            "eps_4q": 8.85,
            "eps_4q_growth_year": 26.72,
            "roe": 6.76,
            "roe_4q": 45.989999999999995,
            "gross_profit": 168758,
            "gross_margin": 27.42,
            "gross_margin_4q_avg": 31.56,
            "net_income": 75050,
            "net_income_4q": null,
            "revenue": 615534,
            "revenue_4q": null,
            "common_shares": 596088,
            "book_valuer_per_share": 14.05,
            "book_valuer_per_share_4q_avg": 19.66,
            "equity": 837681,
            "current_ratio": 152.59,
            "debt_ratio": 60.34,
            "inventory_turnover_ratio": 1.38,
            "account_receivable_turnover_ratio": null,
            "reinvestment_rate": 5.76,
            "research_to_sale_ratio": null,
            "price_fair": 180.95,
            "eps_avg_yearly": 5.17,
            "eps_latest_yearly": 5.04,
            "eps_growth_yearly": 90.04
        },
        "20083": {
            "year_quarter": 20083,
            "year": 2008,
            "quarter": 3,
            "eps": 1.98,
            "eps_growth_year": -43.59,
            "eps_4q": 7.36,
            "eps_4q_growth_year": -20.42,
            "roe": 13.11,
            "roe_4q": 39.059999999999995,
            "gross_profit": 224746,
            "gross_margin": 29.25,
            "gross_margin_4q_avg": 31.94,
            "net_income": 117194,
            "net_income_4q": null,
            "revenue": 768343,
            "revenue_4q": null,
            "common_shares": 596088,
            "book_valuer_per_share": 15.95,
            "book_valuer_per_share_4q_avg": 18.84,
            "equity": 950600,
            "current_ratio": 194.27,
            "debt_ratio": 47.78,
            "inventory_turnover_ratio": 1.58,
            "account_receivable_turnover_ratio": null,
            "reinvestment_rate": 5.36,
            "research_to_sale_ratio": null,
            "price_fair": 194.6,
            "eps_avg_yearly": 5.56,
            "eps_latest_yearly": 7.92,
            "eps_growth_yearly": 76.83
        },
        "20084": {
            "year_quarter": 20084,
            "year": 2008,
            "quarter": 4,
            "eps": 1.45,
            "eps_growth_year": -48.76,
            "eps_4q": 5.98,
            "eps_4q_growth_year": -40.72,
            "roe": 8.59,
            "roe_4q": 33.980000000000004,
            "gross_profit": 182068,
            "gross_margin": 31.19,
            "gross_margin_4q_avg": 30.48,
            "net_income": 85384,
            "net_income_4q": null,
            "revenue": 583764,
            "revenue_4q": null,
            "common_shares": 596088,
            "book_valuer_per_share": 17.42,
            "book_valuer_per_share_4q_avg": 17.66,
            "equity": 1038453,
            "current_ratio": 252.39,
            "debt_ratio": 37.15,
            "inventory_turnover_ratio": 1.31,
            "account_receivable_turnover_ratio": 2.1,
            "reinvestment_rate": 5.19,
            "research_to_sale_ratio": null,
            "price_fair": 204.31,
            "eps_avg_yearly": 5.84,
            "eps_latest_yearly": 5.8,
            "eps_growth_yearly": 74.9
        },
        "20091": {
            "year_quarter": 20091,
            "year": 2009,
            "quarter": 1,
            "eps": 1.44,
            "eps_growth_year": 15.2,
            "eps_4q": 6.17,
            "eps_4q_growth_year": -36.13,
            "roe": 7.8,
            "roe_4q": 36.26,
            "gross_profit": 153504,
            "gross_margin": 35.13,
            "gross_margin_4q_avg": 30.75,
            "net_income": 84509,
            "net_income_4q": null,
            "revenue": 436930,
            "revenue_4q": null,
            "common_shares": 596088,
            "book_valuer_per_share": 18.94,
            "book_valuer_per_share_4q_avg": 16.59,
            "equity": 1129201,
            "current_ratio": 287.17,
            "debt_ratio": 33.58,
            "inventory_turnover_ratio": 1.04,
            "account_receivable_turnover_ratio": 0.9,
            "reinvestment_rate": 5.05,
            "research_to_sale_ratio": null,
            "price_fair": 213.24,
            "eps_avg_yearly": 6.09,
            "eps_latest_yearly": 5.76,
            "eps_growth_yearly": 68.84
        },
        "20092": {
            "year_quarter": 20092,
            "year": 2009,
            "quarter": 2,
            "eps": 1.69,
            "eps_growth_year": 34.13,
            "eps_4q": 6.6,
            "eps_4q_growth_year": -25.42,
            "roe": 9.62,
            "roe_4q": 39.12,
            "gross_profit": 200153,
            "gross_margin": 33.52,
            "gross_margin_4q_avg": 32.27,
            "net_income": 98788,
            "net_income_4q": null,
            "revenue": 597069,
            "revenue_4q": null,
            "common_shares": 596088,
            "book_valuer_per_share": 15.5,
            "book_valuer_per_share_4q_avg": 16.95,
            "equity": 924123,
            "current_ratio": 177.97,
            "debt_ratio": 51.02,
            "inventory_turnover_ratio": 1.39,
            "account_receivable_turnover_ratio": 1.27,
            "reinvestment_rate": 4.56,
            "research_to_sale_ratio": null,
            "price_fair": 221.9,
            "eps_avg_yearly": 6.34,
            "eps_latest_yearly": 6.76,
            "eps_growth_yearly": 56.51
        },
        "20093": {
            "year_quarter": 20093,
            "year": 2009,
            "quarter": 3,
            "eps": 1.33,
            "eps_growth_year": -32.83,
            "eps_4q": 5.92,
            "eps_4q_growth_year": -19.57,
            "roe": 8.1,
            "roe_4q": 34.11,
            "gross_profit": 163143,
            "gross_margin": 33.85,
            "gross_margin_4q_avg": 33.42,
            "net_income": 77922,
            "net_income_4q": null,
            "revenue": 481908,
            "revenue_4q": null,
            "common_shares": 596088,
            "book_valuer_per_share": 16.76,
            "book_valuer_per_share_4q_avg": 17.16,
            "equity": 998801,
            "current_ratio": 233.37,
            "debt_ratio": 39.98,
            "inventory_turnover_ratio": 1.04,
            "account_receivable_turnover_ratio": 0.97,
            "reinvestment_rate": 4.34,
            "research_to_sale_ratio": null,
            "price_fair": 227.15,
            "eps_avg_yearly": 6.49,
            "eps_latest_yearly": 5.32,
            "eps_growth_yearly": 50.12
        },
        "20094": {
            "year_quarter": 20094,
            "year": 2009,
            "quarter": 4,
            "eps": 2.09,
            "eps_growth_year": 44.14,
            "eps_4q": 6.55,
            "eps_4q_growth_year": 9.48,
            "roe": 11.55,
            "roe_4q": 37.06999999999999,
            "gross_profit": 198086,
            "gross_margin": 31.95,
            "gross_margin_4q_avg": 33.61,
            "net_income": 122354,
            "net_income_4q": null,
            "revenue": 619981,
            "revenue_4q": null,
            "common_shares": 596088,
            "book_valuer_per_share": 19.12,
            "book_valuer_per_share_4q_avg": 17.58,
            "equity": 1119856,
            "current_ratio": 256.79,
            "debt_ratio": 36.91,
            "inventory_turnover_ratio": 1.33,
            "account_receivable_turnover_ratio": 2.34,
            "reinvestment_rate": 25.72,
            "research_to_sale_ratio": null,
            "price_fair": 237.04,
            "eps_avg_yearly": 6.77,
            "eps_latest_yearly": 8.36,
            "eps_growth_yearly": 56.53
        },
        "20101": {
            "year_quarter": 20101,
            "year": 2010,
            "quarter": 1,
            "eps": 1.38,
            "eps_growth_year": -4.17,
            "eps_4q": 6.49,
            "eps_4q_growth_year": 5.13,
            "roe": 6.98,
            "roe_4q": 36.25,
            "gross_profit": 168889,
            "gross_margin": 28.11,
            "gross_margin_4q_avg": 31.86,
            "net_income": 80914,
            "net_income_4q": null,
            "revenue": 600807,
            "revenue_4q": null,
            "common_shares": 596088,
            "book_valuer_per_share": 20.48,
            "book_valuer_per_share_4q_avg": 17.97,
            "equity": 1199675,
            "current_ratio": 241.69,
            "debt_ratio": 39.27,
            "inventory_turnover_ratio": 1.26,
            "account_receivable_turnover_ratio": 1.12,
            "reinvestment_rate": 28.27,
            "research_to_sale_ratio": 2.4,
            "price_fair": 242.64,
            "eps_avg_yearly": 6.93,
            "eps_latest_yearly": 5.52,
            "eps_growth_yearly": 53.76
        },
        "20102": {
            "year_quarter": 20102,
            "year": 2010,
            "quarter": 2,
            "eps": 1.18,
            "eps_growth_year": -29.98,
            "eps_4q": 4.88,
            "eps_4q_growth_year": -26.13,
            "roe": 7.82,
            "roe_4q": 34.45,
            "gross_profit": 172846,
            "gross_margin": 27.69,
            "gross_margin_4q_avg": 30.4,
            "net_income": 90110,
            "net_income_4q": null,
            "revenue": 624207,
            "revenue_4q": null,
            "common_shares": 596088,
            "book_valuer_per_share": 18.86,
            "book_valuer_per_share_4q_avg": 18.81,
            "equity": 1104663,
            "current_ratio": 186.32,
            "debt_ratio": 50.06,
            "inventory_turnover_ratio": 0.93,
            "account_receivable_turnover_ratio": 1.19,
            "reinvestment_rate": 27.79,
            "research_to_sale_ratio": 2.11,
            "price_fair": 248.24,
            "eps_avg_yearly": 7.09,
            "eps_latest_yearly": 4.72,
            "eps_growth_yearly": 56.9
        },
        "20103": {
            "year_quarter": 20103,
            "year": 2010,
            "quarter": 3,
            "eps": 1.25,
            "eps_growth_year": -5.79,
            "eps_4q": 5.11,
            "eps_4q_growth_year": -13.69,
            "roe": 8.29,
            "roe_4q": 34.64,
            "gross_profit": 176591,
            "gross_margin": 24.63,
            "gross_margin_4q_avg": 28.1,
            "net_income": 95412,
            "net_income_4q": null,
            "revenue": 716911,
            "revenue_4q": null,
            "common_shares": 771809,
            "book_valuer_per_share": 15.72,
            "book_valuer_per_share_4q_avg": 18.55,
            "equity": 1197199,
            "current_ratio": 228.88,
            "debt_ratio": 41.06,
            "inventory_turnover_ratio": 0.9,
            "account_receivable_turnover_ratio": 1.31,
            "reinvestment_rate": 26.99,
            "research_to_sale_ratio": 2.2,
            "price_fair": 248.24,
            "eps_avg_yearly": 7.09,
            "eps_latest_yearly": 5,
            "eps_growth_yearly": 25.51
        },
        "20104": {
            "year_quarter": 20104,
            "year": 2010,
            "quarter": 4,
            "eps": 0.42,
            "eps_growth_year": -79.96,
            "eps_4q": 3.92,
            "eps_4q_growth_year": -40.17,
            "roe": 2.64,
            "roe_4q": 25.73,
            "gross_profit": 126918,
            "gross_margin": 26.08,
            "gross_margin_4q_avg": 26.63,
            "net_income": 31890,
            "net_income_4q": null,
            "revenue": 486670,
            "revenue_4q": null,
            "common_shares": 771809,
            "book_valuer_per_share": 16,
            "book_valuer_per_share_4q_avg": 17.77,
            "equity": 1218275,
            "current_ratio": 329.8,
            "debt_ratio": 29.56,
            "inventory_turnover_ratio": 0.62,
            "account_receivable_turnover_ratio": 1,
            "reinvestment_rate": 27.28,
            "research_to_sale_ratio": 2.56,
            "price_fair": 20.11,
            "eps_avg_yearly": 6.7,
            "eps_latest_yearly": 1.68,
            "eps_growth_yearly": -5.69
        },
        "20111": {
            "year_quarter": 20111,
            "year": 2011,
            "quarter": 1,
            "eps": 0.49,
            "eps_growth_year": -64.49,
            "eps_4q": 3.35,
            "eps_4q_growth_year": -48.42,
            "roe": 3.02,
            "roe_4q": 21.77,
            "gross_profit": 104744,
            "gross_margin": 16.65,
            "gross_margin_4q_avg": 23.76,
            "net_income": 37390,
            "net_income_4q": null,
            "revenue": 628969,
            "revenue_4q": null,
            "common_shares": 771809,
            "book_valuer_per_share": 16.52,
            "book_valuer_per_share_4q_avg": 16.78,
            "equity": 1258158,
            "current_ratio": 282.28,
            "debt_ratio": 34.08,
            "inventory_turnover_ratio": 1,
            "account_receivable_turnover_ratio": 1.33,
            "reinvestment_rate": 29.91,
            "research_to_sale_ratio": 2.29,
            "price_fair": 80.23,
            "eps_avg_yearly": 6.41,
            "eps_latest_yearly": 1.96,
            "eps_growth_yearly": 2.52
        },
        "20112": {
            "year_quarter": 20112,
            "year": 2011,
            "quarter": 2,
            "eps": 0.7,
            "eps_growth_year": -41,
            "eps_4q": 2.86,
            "eps_4q_growth_year": -41.33,
            "roe": 4.62,
            "roe_4q": 18.57,
            "gross_profit": 150713,
            "gross_margin": 18.51,
            "gross_margin_4q_avg": 21.47,
            "net_income": 53166,
            "net_income_4q": null,
            "revenue": 814208,
            "revenue_4q": null,
            "common_shares": 771809,
            "book_valuer_per_share": 13.69,
            "book_valuer_per_share_4q_avg": 15.48,
            "equity": 1042698,
            "current_ratio": 182.72,
            "debt_ratio": 51.31,
            "inventory_turnover_ratio": 1.42,
            "account_receivable_turnover_ratio": 1.28,
            "reinvestment_rate": 30.81,
            "research_to_sale_ratio": 1.94,
            "price_fair": 101.58,
            "eps_avg_yearly": 6.06,
            "eps_latest_yearly": 2.8,
            "eps_growth_yearly": 6.75
        },
        "20113": {
            "year_quarter": 20113,
            "year": 2011,
            "quarter": 3,
            "eps": 1.39,
            "eps_growth_year": 10.83,
            "eps_4q": 3,
            "eps_4q_growth_year": -41.31,
            "roe": 9.59,
            "roe_4q": 19.87,
            "gross_profit": 183188,
            "gross_margin": 24.59,
            "gross_margin_4q_avg": 21.46,
            "net_income": 105742,
            "net_income_4q": null,
            "revenue": 744969,
            "revenue_4q": null,
            "common_shares": 761459,
            "book_valuer_per_share": 15.26,
            "book_valuer_per_share_4q_avg": 15.37,
            "equity": 1162141,
            "current_ratio": 216.03,
            "debt_ratio": 44.35,
            "inventory_turnover_ratio": 1.14,
            "account_receivable_turnover_ratio": 1.05,
            "reinvestment_rate": 41.21,
            "research_to_sale_ratio": 2.41,
            "price_fair": 135.06,
            "eps_avg_yearly": 5.53,
            "eps_latest_yearly": 5.56,
            "eps_growth_yearly": 14.41
        },
        "20114": {
            "year_quarter": 20114,
            "year": 2011,
            "quarter": 4,
            "eps": 1.68,
            "eps_growth_year": 301.81,
            "eps_4q": 4.26,
            "eps_4q_growth_year": 8.75,
            "roe": 10.45,
            "roe_4q": 27.68,
            "gross_profit": 216001,
            "gross_margin": 26.63,
            "gross_margin_4q_avg": 21.6,
            "net_income": 128136,
            "net_income_4q": null,
            "revenue": 811142,
            "revenue_4q": null,
            "common_shares": 761459,
            "book_valuer_per_share": 16.96,
            "book_valuer_per_share_4q_avg": 15.61,
            "equity": 1291187,
            "current_ratio": 239.76,
            "debt_ratio": 40.78,
            "inventory_turnover_ratio": 1.06,
            "account_receivable_turnover_ratio": 1.13,
            "reinvestment_rate": 43.86,
            "research_to_sale_ratio": 1.7,
            "price_fair": 180.8,
            "eps_avg_yearly": 5.25,
            "eps_latest_yearly": 6.72,
            "eps_growth_yearly": 24.47
        },
        "20121": {
            "year_quarter": 20121,
            "year": 2012,
            "quarter": 1,
            "eps": 0.89,
            "eps_growth_year": 81.63,
            "eps_4q": 4.66,
            "eps_4q_growth_year": 39.37,
            "roe": 5.15,
            "roe_4q": 29.81,
            "gross_profit": 155365,
            "gross_margin": 23.3,
            "gross_margin_4q_avg": 23.26,
            "net_income": 68081,
            "net_income_4q": null,
            "revenue": 666832,
            "revenue_4q": null,
            "common_shares": 761459,
            "book_valuer_per_share": 17.77,
            "book_valuer_per_share_4q_avg": 15.92,
            "equity": 1353060,
            "current_ratio": 300.6,
            "debt_ratio": 33.77,
            "inventory_turnover_ratio": 0.98,
            "account_receivable_turnover_ratio": 1.02,
            "reinvestment_rate": 46.47,
            "research_to_sale_ratio": 2.29,
            "price_fair": 180.43,
            "eps_avg_yearly": 5.16,
            "eps_latest_yearly": 3.56,
            "eps_growth_yearly": 26.67
        },
        "20122": {
            "year_quarter": 20122,
            "year": 2012,
            "quarter": 2,
            "eps": 0.81,
            "eps_growth_year": 16.62,
            "eps_4q": 4.78,
            "eps_4q_growth_year": 67.06,
            "roe": 4.83,
            "roe_4q": 30.02,
            "gross_profit": 142120,
            "gross_margin": 23.77,
            "gross_margin_4q_avg": 24.57,
            "net_income": 61949,
            "net_income_4q": null,
            "revenue": 597835,
            "revenue_4q": null,
            "common_shares": 761459,
            "book_valuer_per_share": 15.9,
            "book_valuer_per_share_4q_avg": 16.47,
            "equity": 1211002,
            "current_ratio": 235.2,
            "debt_ratio": 41.92,
            "inventory_turnover_ratio": 1,
            "account_receivable_turnover_ratio": 1.09,
            "reinvestment_rate": 43.9,
            "research_to_sale_ratio": 2.97,
            "price_fair": 172.58,
            "eps_avg_yearly": 5.04,
            "eps_latest_yearly": 3.24,
            "eps_growth_yearly": 24.23
        },
        "20123": {
            "year_quarter": 20123,
            "year": 2012,
            "quarter": 3,
            "eps": 0.93,
            "eps_growth_year": -33.26,
            "eps_4q": 4.32,
            "eps_4q_growth_year": 44.09,
            "roe": 5.66,
            "roe_4q": 26.09,
            "gross_profit": 154409,
            "gross_margin": 24.55,
            "gross_margin_4q_avg": 24.56,
            "net_income": 70493,
            "net_income_4q": null,
            "revenue": 629008,
            "revenue_4q": null,
            "common_shares": 761459,
            "book_valuer_per_share": 16.8,
            "book_valuer_per_share_4q_avg": 16.86,
            "equity": 1279080,
            "current_ratio": 247.82,
            "debt_ratio": 40.13,
            "inventory_turnover_ratio": 0.96,
            "account_receivable_turnover_ratio": 1.16,
            "reinvestment_rate": 45.96,
            "research_to_sale_ratio": 2.46,
            "price_fair": 113.02,
            "eps_avg_yearly": 4.78,
            "eps_latest_yearly": 3.72,
            "eps_growth_yearly": 13.64
        },
        "20124": {
            "year_quarter": 20124,
            "year": 2012,
            "quarter": 4,
            "eps": 0.72,
            "eps_growth_year": -57.26,
            "eps_4q": 3.35,
            "eps_4q_growth_year": -21.27,
            "roe": 4.2,
            "roe_4q": 19.84,
            "gross_profit": 140616,
            "gross_margin": 23.78,
            "gross_margin_4q_avg": 23.85,
            "net_income": 54793,
            "net_income_4q": null,
            "revenue": 591380,
            "revenue_4q": null,
            "common_shares": 761459,
            "book_valuer_per_share": 17.5,
            "book_valuer_per_share_4q_avg": 16.99,
            "equity": 1333011,
            "current_ratio": 271.45,
            "debt_ratio": 37.02,
            "inventory_turnover_ratio": 0.83,
            "account_receivable_turnover_ratio": 1.16,
            "reinvestment_rate": 47,
            "research_to_sale_ratio": 2.97,
            "price_fair": 113.51,
            "eps_avg_yearly": 4.6,
            "eps_latest_yearly": 2.88,
            "eps_growth_yearly": 14.69
        },
        "20131": {
            "year_quarter": 20131,
            "year": 2013,
            "quarter": 1,
            "eps": 0.77,
            "eps_growth_year": -13.48,
            "eps_4q": 3.23,
            "eps_4q_growth_year": -30.71,
            "roe": 4.3,
            "roe_4q": 18.990000000000002,
            "gross_profit": 128576,
            "gross_margin": 23.34,
            "gross_margin_4q_avg": 23.86,
            "net_income": 58655,
            "net_income_4q": null,
            "revenue": 550813,
            "revenue_4q": null,
            "common_shares": 761459,
            "book_valuer_per_share": 18.28,
            "book_valuer_per_share_4q_avg": 17.12,
            "equity": 1391975,
            "current_ratio": 279.13,
            "debt_ratio": 36.19,
            "inventory_turnover_ratio": 0.76,
            "account_receivable_turnover_ratio": 1.25,
            "reinvestment_rate": 1.7,
            "research_to_sale_ratio": 2.88,
            "price_fair": 117.83,
            "eps_avg_yearly": 4.43,
            "eps_latest_yearly": 3.08,
            "eps_growth_yearly": 16.6
        },
        "20132": {
            "year_quarter": 20132,
            "year": 2013,
            "quarter": 2,
            "eps": 0.96,
            "eps_growth_year": 17.9,
            "eps_4q": 3.22,
            "eps_4q_growth_year": -32.71,
            "roe": 5.44,
            "roe_4q": 19.6,
            "gross_profit": 165996,
            "gross_margin": 26.73,
            "gross_margin_4q_avg": 24.6,
            "net_income": 73011,
            "net_income_4q": null,
            "revenue": 620917,
            "revenue_4q": null,
            "common_shares": 761459,
            "book_valuer_per_share": 16.98,
            "book_valuer_per_share_4q_avg": 17.39,
            "equity": 1292709,
            "current_ratio": 226.9,
            "debt_ratio": 43.66,
            "inventory_turnover_ratio": 0.77,
            "account_receivable_turnover_ratio": 1.37,
            "reinvestment_rate": 1.91,
            "research_to_sale_ratio": 2.54,
            "price_fair": 120.74,
            "eps_avg_yearly": 4.25,
            "eps_latest_yearly": 3.84,
            "eps_growth_yearly": 18.43
        },
        "20133": {
            "year_quarter": 20133,
            "year": 2013,
            "quarter": 3,
            "eps": 0.95,
            "eps_growth_year": 2.51,
            "eps_4q": 3.28,
            "eps_4q_growth_year": -24.02,
            "roe": 5.7,
            "roe_4q": 19.64,
            "gross_profit": 166534,
            "gross_margin": 26.82,
            "gross_margin_4q_avg": 25.17,
            "net_income": 75722,
            "net_income_4q": null,
            "revenue": 620974,
            "revenue_4q": null,
            "common_shares": 799532,
            "book_valuer_per_share": 17.08,
            "book_valuer_per_share_4q_avg": 17.46,
            "equity": 1366001,
            "current_ratio": 245.39,
            "debt_ratio": 40.79,
            "inventory_turnover_ratio": 0.76,
            "account_receivable_turnover_ratio": 1.28,
            "reinvestment_rate": 1.82,
            "research_to_sale_ratio": 2.27,
            "price_fair": 139.08,
            "eps_avg_yearly": 4.15,
            "eps_latest_yearly": 3.8,
            "eps_growth_yearly": 23.49
        },
        "20134": {
            "year_quarter": 20134,
            "year": 2013,
            "quarter": 4,
            "eps": 0.86,
            "eps_growth_year": 19.19,
            "eps_4q": 3.45,
            "eps_4q_growth_year": 2.94,
            "roe": 4.89,
            "roe_4q": 20.330000000000002,
            "gross_profit": 146794,
            "gross_margin": 24.76,
            "gross_margin_4q_avg": 25.41,
            "net_income": 68563,
            "net_income_4q": null,
            "revenue": 592937,
            "revenue_4q": null,
            "common_shares": 799532,
            "book_valuer_per_share": 18,
            "book_valuer_per_share_4q_avg": 17.59,
            "equity": 1438993,
            "current_ratio": 288.07,
            "debt_ratio": 35.46,
            "inventory_turnover_ratio": 0.77,
            "account_receivable_turnover_ratio": 1.24,
            "reinvestment_rate": -30.04,
            "research_to_sale_ratio": 2.1,
            "price_fair": 64.74,
            "eps_avg_yearly": 3.85,
            "eps_latest_yearly": 3.44,
            "eps_growth_yearly": 6.84
        },
        "20141": {
            "year_quarter": 20141,
            "year": 2014,
            "quarter": 1,
            "eps": 1.37,
            "eps_growth_year": 77.92,
            "eps_4q": 4.09,
            "eps_4q_growth_year": 26.51,
            "roe": 7.34,
            "roe_4q": 23.37,
            "gross_profit": 196811,
            "gross_margin": 27.79,
            "gross_margin_4q_avg": 26.53,
            "net_income": 109559,
            "net_income_4q": null,
            "revenue": 708141,
            "revenue_4q": null,
            "common_shares": 799532,
            "book_valuer_per_share": 19.36,
            "book_valuer_per_share_4q_avg": 17.86,
            "equity": 1547631,
            "current_ratio": 257.13,
            "debt_ratio": 39.22,
            "inventory_turnover_ratio": 0.82,
            "account_receivable_turnover_ratio": 1.34,
            "reinvestment_rate": -31.92,
            "research_to_sale_ratio": 1.79,
            "price_fair": 134.49,
            "eps_avg_yearly": 3.84,
            "eps_latest_yearly": 5.48,
            "eps_growth_yearly": 30.16
        },
        "20142": {
            "year_quarter": 20142,
            "year": 2014,
            "quarter": 2,
            "eps": 1.32,
            "eps_growth_year": 37.5,
            "eps_4q": 4.49,
            "eps_4q_growth_year": 39.64,
            "roe": 7.12,
            "roe_4q": 25.05,
            "gross_profit": 213637,
            "gross_margin": 28.98,
            "gross_margin_4q_avg": 27.09,
            "net_income": 105269,
            "net_income_4q": null,
            "revenue": 737096,
            "revenue_4q": null,
            "common_shares": 799532,
            "book_valuer_per_share": 17.64,
            "book_valuer_per_share_4q_avg": 18.02,
            "equity": 1410274,
            "current_ratio": 204.25,
            "debt_ratio": 48.34,
            "inventory_turnover_ratio": 0.71,
            "account_receivable_turnover_ratio": 1.24,
            "reinvestment_rate": -32.47,
            "research_to_sale_ratio": 1.67,
            "price_fair": 135.71,
            "eps_avg_yearly": 3.88,
            "eps_latest_yearly": 5.28,
            "eps_growth_yearly": 32.87
        },
        "20143": {
            "year_quarter": 20143,
            "year": 2014,
            "quarter": 3,
            "eps": 1,
            "eps_growth_year": 5.26,
            "eps_4q": 4.54,
            "eps_4q_growth_year": 38.51,
            "roe": 5.51,
            "roe_4q": 24.86,
            "gross_profit": 170659,
            "gross_margin": 27.8,
            "gross_margin_4q_avg": 27.33,
            "net_income": 79954,
            "net_income_4q": null,
            "revenue": 613808,
            "revenue_4q": null,
            "common_shares": 799532,
            "book_valuer_per_share": 18.67,
            "book_valuer_per_share_4q_avg": 18.42,
            "equity": 1492930,
            "current_ratio": 274.6,
            "debt_ratio": 37.06,
            "inventory_turnover_ratio": 0.54,
            "account_receivable_turnover_ratio": 1.05,
            "reinvestment_rate": -32.32,
            "research_to_sale_ratio": 2.24,
            "price_fair": 133.53,
            "eps_avg_yearly": 3.82,
            "eps_latest_yearly": 4,
            "eps_growth_yearly": 25.32
        },
        "20144": {
            "year_quarter": 20144,
            "year": 2014,
            "quarter": 4,
            "eps": 0.7,
            "eps_growth_year": -18.66,
            "eps_4q": 4.38,
            "eps_4q_growth_year": 26.96,
            "roe": 3.66,
            "roe_4q": 23.63,
            "gross_profit": 125952,
            "gross_margin": 24.34,
            "gross_margin_4q_avg": 27.23,
            "net_income": 55814,
            "net_income_4q": null,
            "revenue": 517450,
            "revenue_4q": null,
            "common_shares": 799532,
            "book_valuer_per_share": 19.43,
            "book_valuer_per_share_4q_avg": 18.78,
            "equity": 1553320,
            "current_ratio": 379.81,
            "debt_ratio": 28.13,
            "inventory_turnover_ratio": 0.51,
            "account_receivable_turnover_ratio": 1.06,
            "reinvestment_rate": -32.62,
            "research_to_sale_ratio": 2.8,
            "price_fair": 135.98,
            "eps_avg_yearly": 3.89,
            "eps_latest_yearly": 2.8,
            "eps_growth_yearly": 34.42
        },
        "20151": {
            "year_quarter": 20151,
            "year": 2015,
            "quarter": 1,
            "eps": 0.4,
            "eps_growth_year": -70.8,
            "eps_4q": 3.42,
            "eps_4q_growth_year": -16.4,
            "roe": 2.06,
            "roe_4q": 18.35,
            "gross_profit": 122236,
            "gross_margin": 25.3,
            "gross_margin_4q_avg": 26.61,
            "net_income": 32290,
            "net_income_4q": null,
            "revenue": 483135,
            "revenue_4q": null,
            "common_shares": 799532,
            "book_valuer_per_share": 19.82,
            "book_valuer_per_share_4q_avg": 18.89,
            "equity": 1584945,
            "current_ratio": 453.45,
            "debt_ratio": 24.34,
            "inventory_turnover_ratio": 0.56,
            "account_receivable_turnover_ratio": 1.16,
            "reinvestment_rate": -32.84,
            "research_to_sale_ratio": 2.63,
            "price_fair": 114.11,
            "eps_avg_yearly": 3.86,
            "eps_latest_yearly": 1.6,
            "eps_growth_yearly": 19.54
        },
        "20152": {
            "year_quarter": 20152,
            "year": 2015,
            "quarter": 2,
            "eps": 0.23,
            "eps_growth_year": -82.58,
            "eps_4q": 2.33,
            "eps_4q_growth_year": -48.12,
            "roe": 1.26,
            "roe_4q": 12.49,
            "gross_profit": 97634,
            "gross_margin": 26.95,
            "gross_margin_4q_avg": 26.1,
            "net_income": 18282,
            "net_income_4q": null,
            "revenue": 362221,
            "revenue_4q": null,
            "common_shares": 799532,
            "book_valuer_per_share": 16.52,
            "book_valuer_per_share_4q_avg": 18.61,
            "equity": 1321156,
            "current_ratio": 293.2,
            "debt_ratio": 35.03,
            "inventory_turnover_ratio": 0.49,
            "account_receivable_turnover_ratio": 1.03,
            "reinvestment_rate": -33.6,
            "research_to_sale_ratio": 3.02,
            "price_fair": 11.24,
            "eps_avg_yearly": 3.75,
            "eps_latest_yearly": 0.92,
            "eps_growth_yearly": -1.8
        },
        "20153": {
            "year_quarter": 20153,
            "year": 2015,
            "quarter": 3,
            "eps": 1.18,
            "eps_growth_year": 18,
            "eps_4q": 2.51,
            "eps_4q_growth_year": -44.69,
            "roe": 6.9,
            "roe_4q": 13.88,
            "gross_profit": 111337,
            "gross_margin": 26.55,
            "gross_margin_4q_avg": 25.79,
            "net_income": 94619,
            "net_income_4q": null,
            "revenue": 419415,
            "revenue_4q": null,
            "common_shares": 799532,
            "book_valuer_per_share": 17.79,
            "book_valuer_per_share_4q_avg": 18.39,
            "equity": 1422521,
            "current_ratio": 472.06,
            "debt_ratio": 24.28,
            "inventory_turnover_ratio": 0.64,
            "account_receivable_turnover_ratio": 1.33,
            "reinvestment_rate": -43.57,
            "research_to_sale_ratio": 2.6,
            "price_fair": 129.24,
            "eps_avg_yearly": 3.69,
            "eps_latest_yearly": 4.72,
            "eps_growth_yearly": 76.82
        },
        "20154": {
            "year_quarter": 20154,
            "year": 2015,
            "quarter": 4,
            "eps": 0.65,
            "eps_growth_year": -7,
            "eps_4q": 2.46,
            "eps_4q_growth_year": -43.79,
            "roe": 3.59,
            "roe_4q": 13.81,
            "gross_profit": 132582,
            "gross_margin": 27.53,
            "gross_margin_4q_avg": 26.58,
            "net_income": 51875,
            "net_income_4q": null,
            "revenue": 481629,
            "revenue_4q": null,
            "common_shares": 799532,
            "book_valuer_per_share": 18.39,
            "book_valuer_per_share_4q_avg": 18.13,
            "equity": 1470859,
            "current_ratio": 365,
            "debt_ratio": 28.08,
            "inventory_turnover_ratio": 0.8,
            "account_receivable_turnover_ratio": 1.36,
            "reinvestment_rate": -52.39,
            "research_to_sale_ratio": 2.22,
            "price_fair": 120.23,
            "eps_avg_yearly": 3.44,
            "eps_latest_yearly": 2.6,
            "eps_growth_yearly": 60.38
        },
        "20161": {
            "year_quarter": 20161,
            "year": 2016,
            "quarter": 1,
            "eps": 0.63,
            "eps_growth_year": 57.5,
            "eps_4q": 2.69,
            "eps_4q_growth_year": -21.43,
            "roe": 3.35,
            "roe_4q": 15.1,
            "gross_profit": 133117,
            "gross_margin": 29.89,
            "gross_margin_4q_avg": 27.73,
            "net_income": 50017,
            "net_income_4q": null,
            "revenue": 445397,
            "revenue_4q": null,
            "common_shares": 799532,
            "book_valuer_per_share": 19,
            "book_valuer_per_share_4q_avg": 17.93,
            "equity": 1518942,
            "current_ratio": 400.82,
            "debt_ratio": 25.22,
            "inventory_turnover_ratio": 0.77,
            "account_receivable_turnover_ratio": 1.23,
            "reinvestment_rate": -56.2,
            "research_to_sale_ratio": 1.87,
            "price_fair": 117.95,
            "eps_avg_yearly": 3.37,
            "eps_latest_yearly": 2.52,
            "eps_growth_yearly": 71.36
        },
        "20162": {
            "year_quarter": 20162,
            "year": 2016,
            "quarter": 2,
            "eps": 0.63,
            "eps_growth_year": 173.91,
            "eps_4q": 3.08,
            "eps_4q_growth_year": 32.37,
            "roe": 3.43,
            "roe_4q": 17.270000000000003,
            "gross_profit": 125324,
            "gross_margin": 30.19,
            "gross_margin_4q_avg": 28.54,
            "net_income": 50124,
            "net_income_4q": null,
            "revenue": 415100,
            "revenue_4q": null,
            "common_shares": 799532,
            "book_valuer_per_share": 17.58,
            "book_valuer_per_share_4q_avg": 18.19,
            "equity": 1405733,
            "current_ratio": 298.38,
            "debt_ratio": 32.25,
            "inventory_turnover_ratio": 0.75,
            "account_receivable_turnover_ratio": 1.28,
            "reinvestment_rate": -55.97,
            "research_to_sale_ratio": 2.84,
            "price_fair": 116.38,
            "eps_avg_yearly": 3.33,
            "eps_latest_yearly": 2.52,
            "eps_growth_yearly": 73.61
        },
        "20163": {
            "year_quarter": 20163,
            "year": 2016,
            "quarter": 3,
            "eps": 0.51,
            "eps_growth_year": -56.78,
            "eps_4q": 2.41,
            "eps_4q_growth_year": -4.3,
            "roe": 2.84,
            "roe_4q": 13.209999999999999,
            "gross_profit": 132773,
            "gross_margin": 33.94,
            "gross_margin_4q_avg": 30.39,
            "net_income": 40443,
            "net_income_4q": null,
            "revenue": 391225,
            "revenue_4q": null,
            "common_shares": 799532,
            "book_valuer_per_share": 18,
            "book_valuer_per_share_4q_avg": 18.24,
            "equity": 1439383,
            "current_ratio": 360.48,
            "debt_ratio": 27.28,
            "inventory_turnover_ratio": 0.63,
            "account_receivable_turnover_ratio": 1.32,
            "reinvestment_rate": -58.2,
            "research_to_sale_ratio": 2.81,
            "price_fair": 112.7,
            "eps_avg_yearly": 3.22,
            "eps_latest_yearly": 2.04,
            "eps_growth_yearly": 65.15
        },
        "20164": {
            "year_quarter": 20164,
            "year": 2016,
            "quarter": 4,
            "eps": 0.76,
            "eps_growth_year": 17.01,
            "eps_4q": 2.52,
            "eps_4q_growth_year": 2.08,
            "roe": 4.14,
            "roe_4q": 13.76,
            "gross_profit": 127086,
            "gross_margin": 29.4,
            "gross_margin_4q_avg": 30.86,
            "net_income": 60772,
            "net_income_4q": null,
            "revenue": 432282,
            "revenue_4q": null,
            "common_shares": 799532,
            "book_valuer_per_share": 18.74,
            "book_valuer_per_share_4q_avg": 18.33,
            "equity": 1498980,
            "current_ratio": 342.06,
            "debt_ratio": 28.92,
            "inventory_turnover_ratio": 0.67,
            "account_receivable_turnover_ratio": 1.48,
            "reinvestment_rate": -57.39,
            "research_to_sale_ratio": 3.42,
            "price_fair": 113.05,
            "eps_avg_yearly": 3.23,
            "eps_latest_yearly": 3.04,
            "eps_growth_yearly": 83.05
        },
        "20171": {
            "year_quarter": 20171,
            "year": 2017,
            "quarter": 1,
            "eps": -0.21,
            "eps_growth_year": -133.33,
            "eps_4q": 1.68,
            "eps_4q_growth_year": -37.53,
            "roe": -1.15,
            "roe_4q": 9.26,
            "gross_profit": 99445,
            "gross_margin": 28.71,
            "gross_margin_4q_avg": 30.56,
            "net_income": -17072,
            "net_income_4q": null,
            "revenue": 346417,
            "revenue_4q": null,
            "common_shares": 799532,
            "book_valuer_per_share": 18.4,
            "book_valuer_per_share_4q_avg": 18.18,
            "equity": 1471846,
            "current_ratio": 403.63,
            "debt_ratio": 25,
            "inventory_turnover_ratio": 0.51,
            "account_receivable_turnover_ratio": 1.33,
            "reinvestment_rate": -1.57,
            "research_to_sale_ratio": 3.92,
            "price_fair": 113.4,
            "eps_avg_yearly": 3.24,
            "eps_latest_yearly": 3.04,
            "eps_growth_yearly": 86.73
        },
        "20172": {
            "year_quarter": 20172,
            "year": 2017,
            "quarter": 2,
            "eps": 0.42,
            "eps_growth_year": -33.33,
            "eps_4q": 1.47,
            "eps_4q_growth_year": -52.23,
            "roe": 2.4,
            "roe_4q": 8.23,
            "gross_profit": 103695,
            "gross_margin": 25.74,
            "gross_margin_4q_avg": 29.45,
            "net_income": 33774,
            "net_income_4q": null,
            "revenue": 402916,
            "revenue_4q": null,
            "common_shares": 799532,
            "book_valuer_per_share": 16.86,
            "book_valuer_per_share_4q_avg": 18,
            "equity": 1348077,
            "current_ratio": 294.74,
            "debt_ratio": 33.26,
            "inventory_turnover_ratio": 0.62,
            "account_receivable_turnover_ratio": 1.63,
            "reinvestment_rate": -0.99,
            "research_to_sale_ratio": 3.41,
            "price_fair": 111.9,
            "eps_avg_yearly": 3.2,
            "eps_latest_yearly": 3.04,
            "eps_growth_yearly": 85.87
        },
        "20173": {
            "year_quarter": 20173,
            "year": 2017,
            "quarter": 3,
            "eps": 0.57,
            "eps_growth_year": 11.76,
            "eps_4q": 1.54,
            "eps_4q_growth_year": -35.96,
            "roe": 3.34,
            "roe_4q": 8.73,
            "gross_profit": 133066,
            "gross_margin": 29.42,
            "gross_margin_4q_avg": 28.32,
            "net_income": 45770,
            "net_income_4q": null,
            "revenue": 452282,
            "revenue_4q": null,
            "common_shares": 799532,
            "book_valuer_per_share": 17.45,
            "book_valuer_per_share_4q_avg": 17.86,
            "equity": 1395435,
            "current_ratio": 265.2,
            "debt_ratio": 36.77,
            "inventory_turnover_ratio": 0.63,
            "account_receivable_turnover_ratio": 1.63,
            "reinvestment_rate": -0.79,
            "research_to_sale_ratio": 3.48,
            "price_fair": 108.1,
            "eps_avg_yearly": 3.09,
            "eps_latest_yearly": 2.28,
            "eps_growth_yearly": 96.38
        },
        "20174": {
            "year_quarter": 20174,
            "year": 2017,
            "quarter": 4,
            "eps": 0.53,
            "eps_growth_year": -30.33,
            "eps_4q": 1.31,
            "eps_4q_growth_year": -47.92,
            "roe": 2.98,
            "roe_4q": 7.57,
            "gross_profit": 157567,
            "gross_margin": 29.55,
            "gross_margin_4q_avg": 28.36,
            "net_income": 42242,
            "net_income_4q": null,
            "revenue": 533281,
            "revenue_4q": null,
            "common_shares": 799532,
            "book_valuer_per_share": 17.98,
            "book_valuer_per_share_4q_avg": 17.67,
            "equity": 1437961,
            "current_ratio": 267.15,
            "debt_ratio": 36.34,
            "inventory_turnover_ratio": 0.74,
            "account_receivable_turnover_ratio": 1.77,
            "reinvestment_rate": -1.03,
            "research_to_sale_ratio": 3.43,
            "price_fair": 104.8,
            "eps_avg_yearly": 2.99,
            "eps_latest_yearly": 2.12,
            "eps_growth_yearly": 97.08
        },
        "20181": {
            "year_quarter": 20181,
            "year": 2018,
            "quarter": 1,
            "eps": 0.24,
            "eps_growth_year": null,
            "eps_4q": 1.77,
            "eps_4q_growth_year": 5.27,
            "roe": 1.34,
            "roe_4q": 10.06,
            "gross_profit": 156176,
            "gross_margin": 28.04,
            "gross_margin_4q_avg": 28.19,
            "net_income": 19433,
            "net_income_4q": null,
            "revenue": 556987,
            "revenue_4q": null,
            "common_shares": 799532,
            "book_valuer_per_share": 18.26,
            "book_valuer_per_share_4q_avg": 17.64,
            "equity": 1459928,
            "current_ratio": 252.82,
            "debt_ratio": 38.64,
            "inventory_turnover_ratio": 0.78,
            "account_receivable_turnover_ratio": 1.76,
            "reinvestment_rate": -0.89,
            "research_to_sale_ratio": 2.58,
            "price_fair": 93.5,
            "eps_avg_yearly": 2.67,
            "eps_latest_yearly": 0.96,
            "eps_growth_yearly": 64.5
        },
        "20182": {
            "year_quarter": 20182,
            "year": 2018,
            "quarter": 2,
            "eps": 1.95,
            "eps_growth_year": 364.29,
            "eps_4q": 3.29,
            "eps_4q_growth_year": 123.34,
            "roe": 10.44,
            "roe_4q": 18.1,
            "gross_profit": 219442,
            "gross_margin": 31.16,
            "gross_margin_4q_avg": 29.54,
            "net_income": 155601,
            "net_income_4q": null,
            "revenue": 704210,
            "revenue_4q": null,
            "common_shares": 799532,
            "book_valuer_per_share": 19.01,
            "book_valuer_per_share_4q_avg": 18.18,
            "equity": 1519594,
            "current_ratio": 210.68,
            "debt_ratio": 46.1,
            "inventory_turnover_ratio": 0.75,
            "account_receivable_turnover_ratio": 1.8,
            "reinvestment_rate": -0.26,
            "research_to_sale_ratio": 2.44,
            "price_fair": 99.8,
            "eps_avg_yearly": 2.85,
            "eps_latest_yearly": 7.8,
            "eps_growth_yearly": 269.12
        },
        "20183": {
            "year_quarter": 20183,
            "year": 2018,
            "quarter": 3,
            "eps": 0.96,
            "eps_growth_year": 68.42,
            "eps_4q": 3.68,
            "eps_4q_growth_year": 139,
            "roe": 4.95,
            "roe_4q": 19.71,
            "gross_profit": 164454,
            "gross_margin": 30.99,
            "gross_margin_4q_avg": 29.94,
            "net_income": 77017,
            "net_income_4q": null,
            "revenue": 530722,
            "revenue_4q": null,
            "common_shares": 799532,
            "book_valuer_per_share": 19.91,
            "book_valuer_per_share_4q_avg": 18.79,
            "equity": 1591921,
            "current_ratio": 273.75,
            "debt_ratio": 35.75,
            "inventory_turnover_ratio": 0.46,
            "account_receivable_turnover_ratio": 1.19,
            "reinvestment_rate": 1.14,
            "research_to_sale_ratio": 3.29,
            "price_fair": 99.4,
            "eps_avg_yearly": 2.84,
            "eps_latest_yearly": 3.84,
            "eps_growth_yearly": 261.54
        },
        "20184": {
            "year_quarter": 20184,
            "year": 2018,
            "quarter": 4,
            "eps": 0.61,
            "eps_growth_year": 14.77,
            "eps_4q": 3.76,
            "eps_4q_growth_year": 186.94,
            "roe": 3,
            "roe_4q": 19.73,
            "gross_profit": 143402,
            "gross_margin": 30.26,
            "gross_margin_4q_avg": 30.11,
            "net_income": 48517,
            "net_income_4q": null,
            "revenue": 473946,
            "revenue_4q": null,
            "common_shares": 799532,
            "book_valuer_per_share": 20.53,
            "book_valuer_per_share_4q_avg": 19.43,
            "equity": 1641566,
            "current_ratio": 350.88,
            "debt_ratio": 28.41,
            "inventory_turnover_ratio": 0.41,
            "account_receivable_turnover_ratio": 1.24,
            "reinvestment_rate": 0.81,
            "research_to_sale_ratio": 3.36,
            "price_fair": 98.5,
            "eps_avg_yearly": 2.81,
            "eps_latest_yearly": 2.44,
            "eps_growth_yearly": 259.69
        },
        "20191": {
            "year_quarter": 20191,
            "year": 2019,
            "quarter": 1,
            "eps": 0.84,
            "eps_growth_year": 250,
            "eps_4q": 4.36,
            "eps_4q_growth_year": 146.82,
            "roe": 4.02,
            "roe_4q": 22.409999999999997,
            "gross_profit": 138410,
            "gross_margin": 30.98,
            "gross_margin_4q_avg": 30.85,
            "net_income": 67402,
            "net_income_4q": null,
            "revenue": 446745,
            "revenue_4q": null,
            "common_shares": 799532,
            "book_valuer_per_share": 21.42,
            "book_valuer_per_share_4q_avg": 20.22,
            "equity": 1712431,
            "current_ratio": 380.42,
            "debt_ratio": 28.47,
            "inventory_turnover_ratio": 0.39,
            "account_receivable_turnover_ratio": 1.42,
            "reinvestment_rate": 0.95,
            "research_to_sale_ratio": 3.35,
            "price_fair": 102.9,
            "eps_avg_yearly": 2.94,
            "eps_latest_yearly": 3.36,
            "eps_growth_yearly": 282.71
        },
        "20192": {
            "year_quarter": 20192,
            "year": 2019,
            "quarter": 2,
            "eps": 1.09,
            "eps_growth_year": -44.1,
            "eps_4q": 3.51,
            "eps_4q_growth_year": 6.53,
            "roe": 5.27,
            "roe_4q": 17.24,
            "gross_profit": 174392,
            "gross_margin": 30.9,
            "gross_margin_4q_avg": 30.78,
            "net_income": 87310,
            "net_income_4q": null,
            "revenue": 564290,
            "revenue_4q": null,
            "common_shares": 799532,
            "book_valuer_per_share": 19.99,
            "book_valuer_per_share_4q_avg": 20.46,
            "equity": 1598350,
            "current_ratio": 305.69,
            "debt_ratio": 33.94,
            "inventory_turnover_ratio": 0.53,
            "account_receivable_turnover_ratio": 1.91,
            "reinvestment_rate": 0.68,
            "research_to_sale_ratio": 3.04,
            "price_fair": 111.5,
            "eps_avg_yearly": 3.19,
            "eps_latest_yearly": 4.36,
            "eps_growth_yearly": 303.35
        },
        "20193": {
            "year_quarter": 20193,
            "year": 2019,
            "quarter": 3,
            "eps": 1.1,
            "eps_growth_year": 14.58,
            "eps_4q": 3.64,
            "eps_4q_growth_year": -1.16,
            "roe": 5.35,
            "roe_4q": 17.64,
            "gross_profit": 200143,
            "gross_margin": 31.91,
            "gross_margin_4q_avg": 31.01,
            "net_income": 87685,
            "net_income_4q": null,
            "revenue": 627259,
            "revenue_4q": null,
            "common_shares": 799532,
            "book_valuer_per_share": 21.02,
            "book_valuer_per_share_4q_avg": 20.74,
            "equity": 1680952,
            "current_ratio": 382.06,
            "debt_ratio": 28.32,
            "inventory_turnover_ratio": 0.68,
            "account_receivable_turnover_ratio": 1.78,
            "reinvestment_rate": -0.15,
            "research_to_sale_ratio": 2.65,
            "price_fair": 110.7,
            "eps_avg_yearly": 3.16,
            "eps_latest_yearly": 4.4,
            "eps_growth_yearly": 185.6
        },
        "20194": {
            "year_quarter": 20194,
            "year": 2019,
            "quarter": 4,
            "eps": 0.66,
            "eps_growth_year": 9.46,
            "eps_4q": 3.7,
            "eps_4q_growth_year": -1.69,
            "roe": 3.11,
            "roe_4q": 17.75,
            "gross_profit": 196148,
            "gross_margin": 32.5,
            "gross_margin_4q_avg": 31.57,
            "net_income": 53108,
            "net_income_4q": null,
            "revenue": 603608,
            "revenue_4q": null,
            "common_shares": 799532,
            "book_valuer_per_share": 21.65,
            "book_valuer_per_share_4q_avg": 21.02,
            "equity": 1730710,
            "current_ratio": 309.01,
            "debt_ratio": 33.83,
            "inventory_turnover_ratio": 0.66,
            "account_receivable_turnover_ratio": 1.54,
            "reinvestment_rate": -0.64,
            "research_to_sale_ratio": 2.53,
            "price_fair": 110.8,
            "eps_avg_yearly": 3.17,
            "eps_latest_yearly": 2.64,
            "eps_growth_yearly": 187.01
        },
        "20201": {
            "year_quarter": 20201,
            "year": 2020,
            "quarter": 1,
            "eps": 1.42,
            "eps_growth_year": 69.05,
            "eps_4q": 4.28,
            "eps_4q_growth_year": -1.91,
            "roe": 6.37,
            "roe_4q": 20.1,
            "gross_profit": 220681,
            "gross_margin": 34.95,
            "gross_margin_4q_avg": 32.57,
            "net_income": 113795,
            "net_income_4q": null,
            "revenue": 631477,
            "revenue_4q": null,
            "common_shares": 799532,
            "book_valuer_per_share": 23.05,
            "book_valuer_per_share_4q_avg": 21.43,
            "equity": 1842895,
            "current_ratio": 372.42,
            "debt_ratio": 29.62,
            "inventory_turnover_ratio": 0.65,
            "account_receivable_turnover_ratio": 1.56,
            "reinvestment_rate": -0.99,
            "research_to_sale_ratio": 2.36,
            "price_fair": 118.7,
            "eps_avg_yearly": 3.39,
            "eps_latest_yearly": 5.68,
            "eps_growth_yearly": 220.79
        },
        "20202": {
            "year_quarter": 20202,
            "year": 2020,
            "quarter": 2,
            "eps": 1.63,
            "eps_growth_year": 49.54,
            "eps_4q": 4.82,
            "eps_4q_growth_year": 37.46,
            "roe": 7.23,
            "roe_4q": 22.060000000000002,
            "gross_profit": 266667,
            "gross_margin": 30.01,
            "gross_margin_4q_avg": 32.34,
            "net_income": 130638,
            "net_income_4q": null,
            "revenue": 888545,
            "revenue_4q": null,
            "common_shares": 799532,
            "book_valuer_per_share": 22.13,
            "book_valuer_per_share_4q_avg": 21.96,
            "equity": 1769388,
            "current_ratio": 249.12,
            "debt_ratio": 41.51,
            "inventory_turnover_ratio": 1.09,
            "account_receivable_turnover_ratio": 1.81,
            "reinvestment_rate": -0.54,
            "research_to_sale_ratio": 1.94,
            "price_fair": 128.7,
            "eps_avg_yearly": 3.68,
            "eps_latest_yearly": 6.52,
            "eps_growth_yearly": 225.01
        },
        "20203": {
            "year_quarter": 20203,
            "year": 2020,
            "quarter": 3,
            "eps": 2.34,
            "eps_growth_year": 112.73,
            "eps_4q": 6.06,
            "eps_4q_growth_year": 66.51,
            "roe": 10.02,
            "roe_4q": 26.73,
            "gross_profit": 347603,
            "gross_margin": 33.17,
            "gross_margin_4q_avg": 32.66,
            "net_income": 186862,
            "net_income_4q": null,
            "revenue": 1047922,
            "revenue_4q": null,
            "common_shares": 799532,
            "book_valuer_per_share": 24.5,
            "book_valuer_per_share_4q_avg": 22.83,
            "equity": 1958618,
            "current_ratio": 209.37,
            "debt_ratio": 44.81,
            "inventory_turnover_ratio": 1.05,
            "account_receivable_turnover_ratio": 1.68,
            "reinvestment_rate": 0.17,
            "research_to_sale_ratio": 1.61,
            "price_fair": 147,
            "eps_avg_yearly": 4.2,
            "eps_latest_yearly": 9.36,
            "eps_growth_yearly": 242.9
        },
        "20204": {
            "year_quarter": 20204,
            "year": 2020,
            "quarter": 4,
            "eps": 2.25,
            "eps_growth_year": 238.62,
            "eps_4q": 7.64,
            "eps_4q_growth_year": 106.81,
            "roe": 8.77,
            "roe_4q": 32.39,
            "gross_profit": 398683,
            "gross_margin": 30.11,
            "gross_margin_4q_avg": 32.06,
            "net_income": 179837,
            "net_income_4q": null,
            "revenue": 1323931,
            "revenue_4q": null,
            "common_shares": 799532,
            "book_valuer_per_share": 26.81,
            "book_valuer_per_share_4q_avg": 24.12,
            "equity": 2143203,
            "current_ratio": 201.49,
            "debt_ratio": 46.78,
            "inventory_turnover_ratio": 1.02,
            "account_receivable_turnover_ratio": 1.76,
            "reinvestment_rate": 0.32,
            "research_to_sale_ratio": 1.34,
            "price_fair": 161.9,
            "eps_avg_yearly": 4.63,
            "eps_latest_yearly": 9,
            "eps_growth_yearly": 227.8
        },
        "20211": {
            "year_quarter": 20211,
            "year": 2021,
            "quarter": 1,
            "eps": 2.97,
            "eps_growth_year": 109.15,
            "eps_4q": 9.19,
            "eps_4q_growth_year": 114.89,
            "roe": 10.5,
            "roe_4q": 36.519999999999996,
            "gross_profit": 407366,
            "gross_margin": 30.92,
            "gross_margin_4q_avg": 31.05,
            "net_income": 237382,
            "net_income_4q": null,
            "revenue": 1317557,
            "revenue_4q": null,
            "common_shares": 799532,
            "book_valuer_per_share": 29.73,
            "book_valuer_per_share_4q_avg": 25.79,
            "equity": 2377039,
            "current_ratio": 225.6,
            "debt_ratio": 42.35,
            "inventory_turnover_ratio": 0.87,
            "account_receivable_turnover_ratio": 1.53,
            "reinvestment_rate": 0.21,
            "research_to_sale_ratio": 1.38,
            "price_fair": 178.83,
            "eps_avg_yearly": 5.11,
            "eps_latest_yearly": 11.88,
            "eps_growth_yearly": 221.14
        },
        "20212": {
            "year_quarter": 20212,
            "year": 2021,
            "quarter": 2,
            "eps": 2.81,
            "eps_growth_year": 72.39,
            "eps_4q": 10.36,
            "eps_4q_growth_year": 115.06,
            "roe": 9.02,
            "roe_4q": 38.31,
            "gross_profit": 429830,
            "gross_margin": 31.79,
            "gross_margin_4q_avg": 31.5,
            "net_income": 224387,
            "net_income_4q": null,
            "revenue": 1351948,
            "revenue_4q": null,
            "common_shares": 799532,
            "book_valuer_per_share": 32.47,
            "book_valuer_per_share_4q_avg": 28.38,
            "equity": 2596306,
            "current_ratio": 220.25,
            "debt_ratio": 43.44,
            "inventory_turnover_ratio": 0.75,
            "account_receivable_turnover_ratio": 1.4,
            "reinvestment_rate": 0.08,
            "research_to_sale_ratio": 1.56,
            "price_fair": 192.24,
            "eps_avg_yearly": 5.49,
            "eps_latest_yearly": 11.24,
            "eps_growth_yearly": 205.98
        },
        "20213": {
            "year_quarter": 20213,
            "year": 2021,
            "quarter": 3,
            "eps": 2.29,
            "eps_growth_year": -2.14,
            "eps_4q": 10.32,
            "eps_4q_growth_year": 70.39,
            "roe": 7.25,
            "roe_4q": 35.54,
            "gross_profit": 363111,
            "gross_margin": 28.86,
            "gross_margin_4q_avg": 30.42,
            "net_income": 183780,
            "net_income_4q": null,
            "revenue": 1258117,
            "revenue_4q": null,
            "common_shares": 799532,
            "book_valuer_per_share": 30.96,
            "book_valuer_per_share_4q_avg": 29.99,
            "equity": 2475222,
            "current_ratio": 267.26,
            "debt_ratio": 47.84,
            "inventory_turnover_ratio": 0.64,
            "account_receivable_turnover_ratio": 1.2,
            "reinvestment_rate": 0.14,
            "research_to_sale_ratio": 1.54,
            "price_fair": 207.29,
            "eps_avg_yearly": 5.92,
            "eps_latest_yearly": 9.16,
            "eps_growth_yearly": 192.42
        },
        "20214": {
            "year_quarter": 20214,
            "year": 2021,
            "quarter": 4,
            "eps": 1.34,
            "eps_growth_year": -40.35,
            "eps_4q": 9.42,
            "eps_4q_growth_year": 23.19,
            "roe": 4.24,
            "roe_4q": 31.009999999999998,
            "gross_profit": 291338,
            "gross_margin": 26.73,
            "gross_margin_4q_avg": 29.58,
            "net_income": 107280,
            "net_income_4q": null,
            "revenue": 1089877,
            "revenue_4q": null,
            "common_shares": 799532,
            "book_valuer_per_share": 32.31,
            "book_valuer_per_share_4q_avg": 31.37,
            "equity": 2582890,
            "current_ratio": 361.84,
            "debt_ratio": 40.07,
            "inventory_turnover_ratio": 0.61,
            "account_receivable_turnover_ratio": 1.14,
            "reinvestment_rate": 0.38,
            "research_to_sale_ratio": 1.88,
            "price_fair": 214.38,
            "eps_avg_yearly": 6.13,
            "eps_latest_yearly": 5.36,
            "eps_growth_yearly": 183.8
        },
        "20221": {
            "year_quarter": 20221,
            "year": 2022,
            "quarter": 1,
            "eps": 1.76,
            "eps_growth_year": -40.74,
            "eps_4q": 8.21,
            "eps_4q_growth_year": -10.64,
            "roe": 5.31,
            "roe_4q": 25.82,
            "gross_profit": 179913,
            "gross_margin": 28.1,
            "gross_margin_4q_avg": 28.87,
            "net_income": 141113,
            "net_income_4q": null,
            "revenue": 640307,
            "revenue_4q": null,
            "common_shares": 799532,
            "book_valuer_per_share": 34.21,
            "book_valuer_per_share_4q_avg": 32.49,
            "equity": 2735243,
            "current_ratio": 377.14,
            "debt_ratio": 38.69,
            "inventory_turnover_ratio": 0.37,
            "account_receivable_turnover_ratio": 0.9,
            "reinvestment_rate": 0.95,
            "research_to_sale_ratio": 2.37,
            "price_fair": 227.68,
            "eps_avg_yearly": 6.51,
            "eps_latest_yearly": 7.04,
            "eps_growth_yearly": 205.32
        },
        "20222": {
            "year_quarter": 20222,
            "year": 2022,
            "quarter": 2,
            "eps": 1.22,
            "eps_growth_year": -56.58,
            "eps_4q": 6.63,
            "eps_4q_growth_year": -36.05,
            "roe": 3.78,
            "roe_4q": 20.58,
            "gross_profit": 221791,
            "gross_margin": 32.43,
            "gross_margin_4q_avg": 29.03,
            "net_income": 97613,
            "net_income_4q": null,
            "revenue": 683886,
            "revenue_4q": null,
            "common_shares": 799532,
            "book_valuer_per_share": 30.39,
            "book_valuer_per_share_4q_avg": 31.97,
            "equity": 2429946,
            "current_ratio": 296.63,
            "debt_ratio": 45,
            "inventory_turnover_ratio": 0.35,
            "account_receivable_turnover_ratio": 1.2,
            "reinvestment_rate": 0.52,
            "research_to_sale_ratio": 2.13,
            "price_fair": 186.66,
            "eps_avg_yearly": 6.32,
            "eps_latest_yearly": 4.88,
            "eps_growth_yearly": 19.52
        },
        "20223": {
            "year_quarter": 20223,
            "year": 2022,
            "quarter": 3,
            "eps": 1.79,
            "eps_growth_year": -21.83,
            "eps_4q": 6.12,
            "eps_4q_growth_year": -40.7,
            "roe": 5.73,
            "roe_4q": 19.060000000000002,
            "gross_profit": 169237,
            "gross_margin": 31.66,
            "gross_margin_4q_avg": 29.73,
            "net_income": 143414,
            "net_income_4q": null,
            "revenue": 534580,
            "revenue_4q": null,
            "common_shares": 799532,
            "book_valuer_per_share": 32.24,
            "book_valuer_per_share_4q_avg": 32.29,
            "equity": 2577604,
            "current_ratio": 369.5,
            "debt_ratio": 39.39,
            "inventory_turnover_ratio": 0.28,
            "account_receivable_turnover_ratio": 1.11,
            "reinvestment_rate": -0.05,
            "research_to_sale_ratio": 2.81,
            "price_fair": 228.55,
            "eps_avg_yearly": 6.53,
            "eps_latest_yearly": 7.16,
            "eps_growth_yearly": 43.9
        },
        "20224": {
            "year_quarter": 20224,
            "year": 2022,
            "quarter": 4,
            "eps": 0.85,
            "eps_growth_year": -36.53,
            "eps_4q": 5.63,
            "eps_4q_growth_year": -40.2,
            "roe": 2.61,
            "roe_4q": 17.43,
            "gross_profit": 205811,
            "gross_margin": 29.57,
            "gross_margin_4q_avg": 30.44,
            "net_income": 68086,
            "net_income_4q": null,
            "revenue": 696069,
            "revenue_4q": null,
            "common_shares": 799532,
            "book_valuer_per_share": 33.05,
            "book_valuer_per_share_4q_avg": 32.47,
            "equity": 2642707,
            "current_ratio": 601.45,
            "debt_ratio": 31.32,
            "inventory_turnover_ratio": 0.43,
            "account_receivable_turnover_ratio": 1.62,
            "reinvestment_rate": -0.08,
            "research_to_sale_ratio": 2.09,
            "price_fair": 230.65,
            "eps_avg_yearly": 6.59,
            "eps_latest_yearly": 3.4,
            "eps_growth_yearly": 39.88
        },
        "20231": {
            "year_quarter": 20231,
            "year": 2023,
            "quarter": 1,
            "eps": 1.66,
            "eps_growth_year": -5.68,
            "eps_4q": 5.52,
            "eps_4q_growth_year": -32.76,
            "roe": 4.89,
            "roe_4q": 17.01,
            "gross_profit": 256513,
            "gross_margin": 35.22,
            "gross_margin_4q_avg": 32.22,
            "net_income": 132355,
            "net_income_4q": null,
            "revenue": 728379,
            "revenue_4q": null,
            "common_shares": 799532,
            "book_valuer_per_share": 34.71,
            "book_valuer_per_share_4q_avg": 32.6,
            "equity": 2775317,
            "current_ratio": 522.25,
            "debt_ratio": 32.6,
            "inventory_turnover_ratio": 0.53,
            "account_receivable_turnover_ratio": 1.5,
            "reinvestment_rate": -0.2,
            "research_to_sale_ratio": 1.88,
            "price_fair": 237.83,
            "eps_avg_yearly": 6.8,
            "eps_latest_yearly": 6.64,
            "eps_growth_yearly": 54.28
        },
        "20232": {
            "year_quarter": 20232,
            "year": 2023,
            "quarter": 2,
            "eps": 2.41,
            "eps_growth_year": 97.54,
            "eps_4q": 6.64,
            "eps_4q_growth_year": 0.14,
            "roe": 7.12,
            "roe_4q": 20.35,
            "gross_profit": 321139,
            "gross_margin": 34.77,
            "gross_margin_4q_avg": 32.81,
            "net_income": 193018,
            "net_income_4q": null,
            "revenue": 923531,
            "revenue_4q": null,
            "common_shares": 799532,
            "book_valuer_per_share": 33.1,
            "book_valuer_per_share_4q_avg": 33.28,
            "equity": 2646085,
            "current_ratio": 265.82,
            "debt_ratio": 45.72,
            "inventory_turnover_ratio": 0.64,
            "account_receivable_turnover_ratio": 1.49,
            "reinvestment_rate": -0.22,
            "research_to_sale_ratio": 1.55,
            "price_fair": 249.38,
            "eps_avg_yearly": 7.13,
            "eps_latest_yearly": 9.64,
            "eps_growth_yearly": 58.13
        },
        "20233": {
            "year_quarter": 20233,
            "year": 2023,
            "quarter": 3,
            "eps": 2.87,
            "eps_growth_year": 60.34,
            "eps_4q": 7.59,
            "eps_4q_growth_year": 23.97,
            "roe": 8.19,
            "roe_4q": 22.81,
            "gross_profit": 317443,
            "gross_margin": 32.3,
            "gross_margin_4q_avg": 32.97,
            "net_income": 231516,
            "net_income_4q": null,
            "revenue": 982851,
            "revenue_4q": null,
            "common_shares": 809062,
            "book_valuer_per_share": 37.14,
            "book_valuer_per_share_4q_avg": 34.5,
            "equity": 3004452,
            "current_ratio": 313.84,
            "debt_ratio": 38.05,
            "inventory_turnover_ratio": 0.56,
            "account_receivable_turnover_ratio": 1.28,
            "reinvestment_rate": -0.04,
            "research_to_sale_ratio": 1.5,
            "price_fair": 264.86,
            "eps_avg_yearly": 7.57,
            "eps_latest_yearly": 11.48,
            "eps_growth_yearly": 62.68
        }
    },
    "months": {
        "2002-12": {
            "month": "2002-12",
            "price": "35.42",
            "revenue": 78757
        },
        "2003-01": {
            "month": "2003-01",
            "price": "35.15",
            "revenue": 71216
        },
        "2003-02": {
            "month": "2003-02",
            "price": "31.40",
            "revenue": 58947
        },
        "2003-03": {
            "month": "2003-03",
            "price": "29.78",
            "revenue": 71465
        },
        "2003-04": {
            "month": "2003-04",
            "price": "29.34",
            "revenue": 90200
        },
        "2003-05": {
            "month": "2003-05",
            "price": "30.04",
            "revenue": 65735
        },
        "2003-06": {
            "month": "2003-06",
            "price": "33.85",
            "revenue": 66489
        },
        "2003-07": {
            "month": "2003-07",
            "price": "37.36",
            "revenue": 55558
        },
        "2003-08": {
            "month": "2003-08",
            "price": "30.22",
            "revenue": 58822
        },
        "2003-09": {
            "month": "2003-09",
            "price": "26.51",
            "revenue": 50050
        },
        "2003-10": {
            "month": "2003-10",
            "price": "22.70",
            "revenue": 71867
        },
        "2003-11": {
            "month": "2003-11",
            "price": "23.22",
            "revenue": 62896
        },
        "2003-12": {
            "month": "2003-12",
            "price": "24.12",
            "revenue": 60815
        },
        "2004-01": {
            "month": "2004-01",
            "price": "23.62",
            "revenue": 51924
        },
        "2004-02": {
            "month": "2004-02",
            "price": "24.09",
            "revenue": 51652
        },
        "2004-03": {
            "month": "2004-03",
            "price": "22.08",
            "revenue": 60909
        },
        "2004-04": {
            "month": "2004-04",
            "price": "22.74",
            "revenue": 55083
        },
        "2004-05": {
            "month": "2004-05",
            "price": "24.82",
            "revenue": 64572
        },
        "2004-06": {
            "month": "2004-06",
            "price": "24.69",
            "revenue": 45680
        },
        "2004-07": {
            "month": "2004-07",
            "price": "23.79",
            "revenue": 50689
        },
        "2004-08": {
            "month": "2004-08",
            "price": "22.40",
            "revenue": 51898
        },
        "2004-09": {
            "month": "2004-09",
            "price": "22.47",
            "revenue": 57831
        },
        "2004-10": {
            "month": "2004-10",
            "price": "22.68",
            "revenue": 49343
        },
        "2004-11": {
            "month": "2004-11",
            "price": "22.18",
            "revenue": 66319
        },
        "2004-12": {
            "month": "2004-12",
            "price": "20.87",
            "revenue": 59130
        },
        "2005-01": {
            "month": "2005-01",
            "price": "19.72",
            "revenue": 66510
        },
        "2005-02": {
            "month": "2005-02",
            "price": "19.41",
            "revenue": 48917
        },
        "2005-03": {
            "month": "2005-03",
            "price": "21.63",
            "revenue": 60513
        },
        "2005-04": {
            "month": "2005-04",
            "price": "31.85",
            "revenue": 85682
        },
        "2005-05": {
            "month": "2005-05",
            "price": "34.30",
            "revenue": 63212
        },
        "2005-06": {
            "month": "2005-06",
            "price": "35.33",
            "revenue": 78681
        },
        "2005-07": {
            "month": "2005-07",
            "price": "35.90",
            "revenue": 67048
        },
        "2005-08": {
            "month": "2005-08",
            "price": "41.07",
            "revenue": 54800
        },
        "2005-09": {
            "month": "2005-09",
            "price": "44.80",
            "revenue": 105238
        },
        "2005-10": {
            "month": "2005-10",
            "price": "44.57",
            "revenue": 88736
        },
        "2005-11": {
            "month": "2005-11",
            "price": "45.38",
            "revenue": 106905
        },
        "2005-12": {
            "month": "2005-12",
            "price": "49.94",
            "revenue": 123474
        },
        "2006-01": {
            "month": "2006-01",
            "price": "51.70",
            "revenue": 104209
        },
        "2006-02": {
            "month": "2006-02",
            "price": "51.34",
            "revenue": 56508
        },
        "2006-03": {
            "month": "2006-03",
            "price": "50.43",
            "revenue": 86191
        },
        "2006-04": {
            "month": "2006-04",
            "price": "50.64",
            "revenue": 67088
        },
        "2006-05": {
            "month": "2006-05",
            "price": "52.65",
            "revenue": 79442
        },
        "2006-06": {
            "month": "2006-06",
            "price": "57.69",
            "revenue": 76161
        },
        "2006-07": {
            "month": "2006-07",
            "price": "56.92",
            "revenue": 96969
        },
        "2006-08": {
            "month": "2006-08",
            "price": "55.88",
            "revenue": 109325
        },
        "2006-09": {
            "month": "2006-09",
            "price": "59.07",
            "revenue": 146386
        },
        "2006-10": {
            "month": "2006-10",
            "price": "61.08",
            "revenue": 153891
        },
        "2006-11": {
            "month": "2006-11",
            "price": "60.69",
            "revenue": 180661
        },
        "2006-12": {
            "month": "2006-12",
            "price": "80.14",
            "revenue": 153061
        },
        "2007-01": {
            "month": "2007-01",
            "price": "112.66",
            "revenue": 135018
        },
        "2007-02": {
            "month": "2007-02",
            "price": "109.42",
            "revenue": 116688
        },
        "2007-03": {
            "month": "2007-03",
            "price": "123.02",
            "revenue": 117091
        },
        "2007-04": {
            "month": "2007-04",
            "price": "132.92",
            "revenue": 156814
        },
        "2007-05": {
            "month": "2007-05",
            "price": "130.18",
            "revenue": 166833
        },
        "2007-06": {
            "month": "2007-06",
            "price": "129.05",
            "revenue": 215491
        },
        "2007-07": {
            "month": "2007-07",
            "price": "137.59",
            "revenue": 263478
        },
        "2007-08": {
            "month": "2007-08",
            "price": "139.02",
            "revenue": 297752
        },
        "2007-09": {
            "month": "2007-09",
            "price": "143.75",
            "revenue": 323276
        },
        "2007-10": {
            "month": "2007-10",
            "price": "194.36",
            "revenue": 325628
        },
        "2007-11": {
            "month": "2007-11",
            "price": "232.91",
            "revenue": 311850
        },
        "2007-12": {
            "month": "2007-12",
            "price": "210.43",
            "revenue": 185833
        },
        "2008-01": {
            "month": "2008-01",
            "price": "217.11",
            "revenue": 246981
        },
        "2008-02": {
            "month": "2008-02",
            "price": "223.25",
            "revenue": 130030
        },
        "2008-03": {
            "month": "2008-03",
            "price": "226.52",
            "revenue": 148142
        },
        "2008-04": {
            "month": "2008-04",
            "price": "230.67",
            "revenue": 141472
        },
        "2008-05": {
            "month": "2008-05",
            "price": "127.09",
            "revenue": 201852
        },
        "2008-06": {
            "month": "2008-06",
            "price": "90.54",
            "revenue": 208082
        },
        "2008-07": {
            "month": "2008-07",
            "price": "71.41",
            "revenue": 237429
        },
        "2008-08": {
            "month": "2008-08",
            "price": "75.94",
            "revenue": 291183
        },
        "2008-09": {
            "month": "2008-09",
            "price": "52.12",
            "revenue": 209454
        },
        "2008-10": {
            "month": "2008-10",
            "price": "37.55",
            "revenue": 232853
        },
        "2008-11": {
            "month": "2008-11",
            "price": "34.51",
            "revenue": 203187
        },
        "2008-12": {
            "month": "2008-12",
            "price": "34.55",
            "revenue": 111637
        },
        "2009-01": {
            "month": "2009-01",
            "price": "33.04",
            "revenue": 79491
        },
        "2009-02": {
            "month": "2009-02",
            "price": "33.18",
            "revenue": 130461
        },
        "2009-03": {
            "month": "2009-03",
            "price": "43.11",
            "revenue": 200822
        },
        "2009-04": {
            "month": "2009-04",
            "price": "54.42",
            "revenue": 208384
        },
        "2009-05": {
            "month": "2009-05",
            "price": "65.98",
            "revenue": 174250
        },
        "2009-06": {
            "month": "2009-06",
            "price": "62.69",
            "revenue": 212767
        },
        "2009-07": {
            "month": "2009-07",
            "price": "66.12",
            "revenue": 144618
        },
        "2009-08": {
            "month": "2009-08",
            "price": "68.42",
            "revenue": 145969
        },
        "2009-09": {
            "month": "2009-09",
            "price": "67.98",
            "revenue": 180142
        },
        "2009-10": {
            "month": "2009-10",
            "price": "65.45",
            "revenue": 172435
        },
        "2009-11": {
            "month": "2009-11",
            "price": "64.77",
            "revenue": 181652
        },
        "2009-12": {
            "month": "2009-12",
            "price": "67.51",
            "revenue": 222701
        },
        "2010-01": {
            "month": "2010-01",
            "price": "71.70",
            "revenue": 199683
        },
        "2010-02": {
            "month": "2010-02",
            "price": "66.36",
            "revenue": 135807
        },
        "2010-03": {
            "month": "2010-03",
            "price": "73.84",
            "revenue": 242573
        },
        "2010-04": {
            "month": "2010-04",
            "price": "84.76",
            "revenue": 267669
        },
        "2010-05": {
            "month": "2010-05",
            "price": "82.07",
            "revenue": 238672
        },
        "2010-06": {
            "month": "2010-06",
            "price": "81.09",
            "revenue": 165769
        },
        "2010-07": {
            "month": "2010-07",
            "price": "81.39",
            "revenue": 236187
        },
        "2010-08": {
            "month": "2010-08",
            "price": "68.67",
            "revenue": 215912
        },
        "2010-09": {
            "month": "2010-09",
            "price": "59.26",
            "revenue": 230397
        },
        "2010-10": {
            "month": "2010-10",
            "price": "57.92",
            "revenue": 134360
        },
        "2010-11": {
            "month": "2010-11",
            "price": "54.19",
            "revenue": 153834
        },
        "2010-12": {
            "month": "2010-12",
            "price": "56.24",
            "revenue": 210263
        },
        "2011-01": {
            "month": "2011-01",
            "price": "54.22",
            "revenue": 224453
        },
        "2011-02": {
            "month": "2011-02",
            "price": "53.67",
            "revenue": 166980
        },
        "2011-03": {
            "month": "2011-03",
            "price": "51.05",
            "revenue": 237297
        },
        "2011-04": {
            "month": "2011-04",
            "price": "50.19",
            "revenue": 293754
        },
        "2011-05": {
            "month": "2011-05",
            "price": "43.65",
            "revenue": 266782
        },
        "2011-06": {
            "month": "2011-06",
            "price": "42.47",
            "revenue": 255883
        },
        "2011-07": {
            "month": "2011-07",
            "price": "41.34",
            "revenue": 212770
        },
        "2011-08": {
            "month": "2011-08",
            "price": "38.79",
            "revenue": 255422
        },
        "2011-09": {
            "month": "2011-09",
            "price": "33.30",
            "revenue": 269643
        },
        "2011-10": {
            "month": "2011-10",
            "price": "31.47",
            "revenue": 271738
        },
        "2011-11": {
            "month": "2011-11",
            "price": "34.55",
            "revenue": 247734
        },
        "2011-12": {
            "month": "2011-12",
            "price": "30.93",
            "revenue": 300565
        },
        "2012-01": {
            "month": "2012-01",
            "price": "32.08",
            "revenue": 203669
        },
        "2012-02": {
            "month": "2012-02",
            "price": "37.51",
            "revenue": 220728
        },
        "2012-03": {
            "month": "2012-03",
            "price": "40.17",
            "revenue": 241444
        },
        "2012-04": {
            "month": "2012-04",
            "price": "38.50",
            "revenue": 173284
        },
        "2012-05": {
            "month": "2012-05",
            "price": "36.52",
            "revenue": 229536
        },
        "2012-06": {
            "month": "2012-06",
            "price": "34.48",
            "revenue": 195597
        },
        "2012-07": {
            "month": "2012-07",
            "price": "35.02",
            "revenue": 212805
        },
        "2012-08": {
            "month": "2012-08",
            "price": "36.36",
            "revenue": 204256
        },
        "2012-09": {
            "month": "2012-09",
            "price": "34.56",
            "revenue": 214461
        },
        "2012-10": {
            "month": "2012-10",
            "price": "33.13",
            "revenue": 195906
        },
        "2012-11": {
            "month": "2012-11",
            "price": "32.05",
            "revenue": 202897
        },
        "2012-12": {
            "month": "2012-12",
            "price": "32.81",
            "revenue": 193489
        },
        "2013-01": {
            "month": "2013-01",
            "price": "32.74",
            "revenue": 216449
        },
        "2013-02": {
            "month": "2013-02",
            "price": "33.50",
            "revenue": 147408
        },
        "2013-03": {
            "month": "2013-03",
            "price": "34.90",
            "revenue": 187187
        },
        "2013-04": {
            "month": "2013-04",
            "price": "35.51",
            "revenue": 228939
        },
        "2013-05": {
            "month": "2013-05",
            "price": "36.87",
            "revenue": 220208
        },
        "2013-06": {
            "month": "2013-06",
            "price": "36.18",
            "revenue": 170423
        },
        "2013-07": {
            "month": "2013-07",
            "price": "36.04",
            "revenue": 223177
        },
        "2013-08": {
            "month": "2013-08",
            "price": "37.07",
            "revenue": 202983
        },
        "2013-09": {
            "month": "2013-09",
            "price": "35.50",
            "revenue": 195940
        },
        "2013-10": {
            "month": "2013-10",
            "price": "35.05",
            "revenue": 143978
        },
        "2013-11": {
            "month": "2013-11",
            "price": "33.40",
            "revenue": 216905
        },
        "2013-12": {
            "month": "2013-12",
            "price": "35.04",
            "revenue": 228062
        },
        "2014-01": {
            "month": "2014-01",
            "price": "37.20",
            "revenue": 257205
        },
        "2014-02": {
            "month": "2014-02",
            "price": "45.86",
            "revenue": 199046
        },
        "2014-03": {
            "month": "2014-03",
            "price": "54.46",
            "revenue": 256395
        },
        "2014-04": {
            "month": "2014-04",
            "price": "56.50",
            "revenue": 225393
        },
        "2014-05": {
            "month": "2014-05",
            "price": "53.36",
            "revenue": 244638
        },
        "2014-06": {
            "month": "2014-06",
            "price": "59.20",
            "revenue": 264844
        },
        "2014-07": {
            "month": "2014-07",
            "price": "67.42",
            "revenue": 226262
        },
        "2014-08": {
            "month": "2014-08",
            "price": "61.19",
            "revenue": 205325
        },
        "2014-09": {
            "month": "2014-09",
            "price": "53.82",
            "revenue": 184841
        },
        "2014-10": {
            "month": "2014-10",
            "price": "49.19",
            "revenue": 178619
        },
        "2014-11": {
            "month": "2014-11",
            "price": "47.83",
            "revenue": 139447
        },
        "2014-12": {
            "month": "2014-12",
            "price": "49.68",
            "revenue": 192470
        },
        "2015-01": {
            "month": "2015-01",
            "price": "49.45",
            "revenue": 186141
        },
        "2015-02": {
            "month": "2015-02",
            "price": "48.44",
            "revenue": 131857
        },
        "2015-03": {
            "month": "2015-03",
            "price": "47.95",
            "revenue": 164579
        },
        "2015-04": {
            "month": "2015-04",
            "price": "46.50",
            "revenue": 131068
        },
        "2015-05": {
            "month": "2015-05",
            "price": "40.52",
            "revenue": 120310
        },
        "2015-06": {
            "month": "2015-06",
            "price": "36.71",
            "revenue": 112985
        },
        "2015-07": {
            "month": "2015-07",
            "price": "33.92",
            "revenue": 125110
        },
        "2015-08": {
            "month": "2015-08",
            "price": "30.01",
            "revenue": 137591
        },
        "2015-09": {
            "month": "2015-09",
            "price": "29.22",
            "revenue": 145254
        },
        "2015-10": {
            "month": "2015-10",
            "price": "31.11",
            "revenue": 137130
        },
        "2015-11": {
            "month": "2015-11",
            "price": "31.13",
            "revenue": 188174
        },
        "2015-12": {
            "month": "2015-12",
            "price": "30.91",
            "revenue": 158195
        },
        "2016-01": {
            "month": "2016-01",
            "price": "29.86",
            "revenue": 165506
        },
        "2016-02": {
            "month": "2016-02",
            "price": "31.17",
            "revenue": 88253
        },
        "2016-03": {
            "month": "2016-03",
            "price": "33.17",
            "revenue": 193278
        },
        "2016-04": {
            "month": "2016-04",
            "price": "32.20",
            "revenue": 118072
        },
        "2016-05": {
            "month": "2016-05",
            "price": "29.94",
            "revenue": 154560
        },
        "2016-06": {
            "month": "2016-06",
            "price": "31.47",
            "revenue": 141194
        },
        "2016-07": {
            "month": "2016-07",
            "price": "33.03",
            "revenue": 116041
        },
        "2016-08": {
            "month": "2016-08",
            "price": "33.75",
            "revenue": 144505
        },
        "2016-09": {
            "month": "2016-09",
            "price": "31.79",
            "revenue": 135059
        },
        "2016-10": {
            "month": "2016-10",
            "price": "31.09",
            "revenue": 128845
        },
        "2016-11": {
            "month": "2016-11",
            "price": "30.40",
            "revenue": 156850
        },
        "2016-12": {
            "month": "2016-12",
            "price": "30.86",
            "revenue": 148955
        },
        "2017-01": {
            "month": "2017-01",
            "price": "30.99",
            "revenue": 127169
        },
        "2017-02": {
            "month": "2017-02",
            "price": "31.78",
            "revenue": 103752
        },
        "2017-03": {
            "month": "2017-03",
            "price": "31.97",
            "revenue": 116714
        },
        "2017-04": {
            "month": "2017-04",
            "price": "31.48",
            "revenue": 129632
        },
        "2017-05": {
            "month": "2017-05",
            "price": "30.51",
            "revenue": 115516
        },
        "2017-06": {
            "month": "2017-06",
            "price": "29.94",
            "revenue": 154225
        },
        "2017-07": {
            "month": "2017-07",
            "price": "30.40",
            "revenue": 145581
        },
        "2017-08": {
            "month": "2017-08",
            "price": "30.52",
            "revenue": 166743
        },
        "2017-09": {
            "month": "2017-09",
            "price": "29.49",
            "revenue": 138281
        },
        "2017-10": {
            "month": "2017-10",
            "price": "29.81",
            "revenue": 184952
        },
        "2017-11": {
            "month": "2017-11",
            "price": "29.81",
            "revenue": 169891
        },
        "2017-12": {
            "month": "2017-12",
            "price": "29.56",
            "revenue": 181678
        },
        "2018-01": {
            "month": "2018-01",
            "price": "30.29",
            "revenue": 227578
        },
        "2018-02": {
            "month": "2018-02",
            "price": "32.83",
            "revenue": 146144
        },
        "2018-03": {
            "month": "2018-03",
            "price": "42.74",
            "revenue": 183705
        },
        "2018-04": {
            "month": "2018-04",
            "price": "36.26",
            "revenue": 228724
        },
        "2018-05": {
            "month": "2018-05",
            "price": "36.21",
            "revenue": 270087
        },
        "2018-06": {
            "month": "2018-06",
            "price": "39.36",
            "revenue": 201959
        },
        "2018-07": {
            "month": "2018-07",
            "price": "36.43",
            "revenue": 192499
        },
        "2018-08": {
            "month": "2018-08",
            "price": "36.63",
            "revenue": 182743
        },
        "2018-09": {
            "month": "2018-09",
            "price": "34.76",
            "revenue": 155539
        },
        "2018-10": {
            "month": "2018-10",
            "price": "29.59",
            "revenue": 161342
        },
        "2018-11": {
            "month": "2018-11",
            "price": "29.64",
            "revenue": 190534
        },
        "2018-12": {
            "month": "2018-12",
            "price": "30.60",
            "revenue": 122392
        },
        "2019-01": {
            "month": "2019-01",
            "price": "30.67",
            "revenue": 181810
        },
        "2019-02": {
            "month": "2019-02",
            "price": "31.21",
            "revenue": 90273
        },
        "2019-03": {
            "month": "2019-03",
            "price": "32.47",
            "revenue": 175421
        },
        "2019-04": {
            "month": "2019-04",
            "price": "32.88",
            "revenue": 191483
        },
        "2019-05": {
            "month": "2019-05",
            "price": "31.68",
            "revenue": 198697
        },
        "2019-06": {
            "month": "2019-06",
            "price": "32.56",
            "revenue": 172207
        },
        "2019-07": {
            "month": "2019-07",
            "price": "34.22",
            "revenue": 190198
        },
        "2019-08": {
            "month": "2019-08",
            "price": "34.16",
            "revenue": 207469
        },
        "2019-09": {
            "month": "2019-09",
            "price": "34.52",
            "revenue": 236106
        },
        "2019-10": {
            "month": "2019-10",
            "price": "37.74",
            "revenue": 208260
        },
        "2019-11": {
            "month": "2019-11",
            "price": "39.48",
            "revenue": 208416
        },
        "2019-12": {
            "month": "2019-12",
            "price": "38.61",
            "revenue": 196390
        },
        "2020-01": {
            "month": "2020-01",
            "price": "37.87",
            "revenue": 265566
        },
        "2020-02": {
            "month": "2020-02",
            "price": "40.28",
            "revenue": 183462
        },
        "2020-03": {
            "month": "2020-03",
            "price": "36.03",
            "revenue": 182340
        },
        "2020-04": {
            "month": "2020-04",
            "price": "38.07",
            "revenue": 310255
        },
        "2020-05": {
            "month": "2020-05",
            "price": "50.62",
            "revenue": 296649
        },
        "2020-06": {
            "month": "2020-06",
            "price": "58.25",
            "revenue": 320782
        },
        "2020-07": {
            "month": "2020-07",
            "price": "74.26",
            "revenue": 259973
        },
        "2020-08": {
            "month": "2020-08",
            "price": "74.59",
            "revenue": 368090
        },
        "2020-09": {
            "month": "2020-09",
            "price": "70.84",
            "revenue": 382485
        },
        "2020-10": {
            "month": "2020-10",
            "price": "70.63",
            "revenue": 436367
        },
        "2020-11": {
            "month": "2020-11",
            "price": "76.10",
            "revenue": 400581
        },
        "2020-12": {
            "month": "2020-12",
            "price": "79.02",
            "revenue": 482869
        },
        "2021-01": {
            "month": "2021-01",
            "price": "79.61",
            "revenue": 577480
        },
        "2021-02": {
            "month": "2021-02",
            "price": "91.36",
            "revenue": 323936
        },
        "2021-03": {
            "month": "2021-03",
            "price": "107.16",
            "revenue": 417789
        },
        "2021-04": {
            "month": "2021-04",
            "price": "118.21",
            "revenue": 432640
        },
        "2021-05": {
            "month": "2021-05",
            "price": "103.68",
            "revenue": 536931
        },
        "2021-06": {
            "month": "2021-06",
            "price": "108.26",
            "revenue": 387894
        },
        "2021-07": {
            "month": "2021-07",
            "price": "106.32",
            "revenue": 497784
        },
        "2021-08": {
            "month": "2021-08",
            "price": "97.52",
            "revenue": 417551
        },
        "2021-09": {
            "month": "2021-09",
            "price": "89.51",
            "revenue": 351033
        },
        "2021-10": {
            "month": "2021-10",
            "price": "77.07",
            "revenue": 370684
        },
        "2021-11": {
            "month": "2021-11",
            "price": "82.66",
            "revenue": 414426
        },
        "2021-12": {
            "month": "2021-12",
            "price": "83.83",
            "revenue": 319011
        },
        "2022-01": {
            "month": "2022-01",
            "price": "78.36",
            "revenue": 312068
        },
        "2022-02": {
            "month": "2022-02",
            "price": "73.05",
            "revenue": 135639
        },
        "2022-03": {
            "month": "2022-03",
            "price": "65.90",
            "revenue": 190817
        },
        "2022-04": {
            "month": "2022-04",
            "price": "56.48",
            "revenue": 228206
        },
        "2022-05": {
            "month": "2022-05",
            "price": "54.35",
            "revenue": 249494
        },
        "2022-06": {
            "month": "2022-06",
            "price": "56.48",
            "revenue": 204301
        },
        "2022-07": {
            "month": "2022-07",
            "price": "52.49",
            "revenue": 151190
        },
        "2022-08": {
            "month": "2022-08",
            "price": "56.06",
            "revenue": 180365
        },
        "2022-09": {
            "month": "2022-09",
            "price": "50.94",
            "revenue": 192614
        },
        "2022-10": {
            "month": "2022-10",
            "price": "45.34",
            "revenue": 227250
        },
        "2022-11": {
            "month": "2022-11",
            "price": "48.91",
            "revenue": 280484
        },
        "2022-12": {
            "month": "2022-12",
            "price": "51.97",
            "revenue": 190476
        },
        "2023-01": {
            "month": "2023-01",
            "price": "51.78",
            "revenue": 202834
        },
        "2023-02": {
            "month": "2023-02",
            "price": "54.66",
            "revenue": 186597
        },
        "2023-03": {
            "month": "2023-03",
            "price": "57.69",
            "revenue": 337945
        },
        "2023-04": {
            "month": "2023-04",
            "price": "70.04",
            "revenue": 267804
        },
        "2023-05": {
            "month": "2023-05",
            "price": "79.09",
            "revenue": 395138
        },
        "2023-06": {
            "month": "2023-06",
            "price": "96.66",
            "revenue": 259182
        },
        "2023-07": {
            "month": "2023-07",
            "price": "100.98",
            "revenue": 393930
        },
        "2023-08": {
            "month": "2023-08",
            "price": "103.58",
            "revenue": 274922
        },
        "2023-09": {
            "month": "2023-09",
            "price": "97.75",
            "revenue": 303019
        },
        "2023-10": {
            "month": "2023-10",
            "price": "93.56",
            "revenue": 210905
        },
        "2023-11": {
            "month": "2023-11",
            "price": "93.28",
            "revenue": 281835
        }
    }
}
