{
    "summary": {
        "stock_name": "艾華",
        "stock_id": "6204",
        "category": "電子零組件",
        "main_business": "可變電阻製造加工及買賣開關矽整流器買賣<br>前項有關之原料及產品進出口業務<br>有關上項業務之經營及投資",
        "website_url": "http://www.taiwanalpha.com",
        "ceo": "黃國義",
        "pe_ratio": 91,
        "report_year_from": 2001,
        "report_year_to": 2023,
        "age": 22,
        "eps_negative_percentage": 4,
        "eps_growth_avg": {
            "last_all": 2.54,
            "last_2y": 9.72,
            "last_4y": 0.56,
            "last_8y": -2.23,
            "last_12y": -1.72,
            "last_16y": -0.69,
            "last_20y": 2.54,
            "at_2006_last_3y": -6.57,
            "at_2007_last_3y": -2.88,
            "at_2008_last_3y": -9.5,
            "at_2009_last_3y": 2.67,
            "at_2010_last_3y": 8.45,
            "at_2011_last_3y": 0.11,
            "at_2012_last_3y": 4.06,
            "at_2013_last_3y": -0.56,
            "at_2014_last_3y": -13.93,
            "at_2015_last_3y": -18.34,
            "at_2016_last_3y": -3.51,
            "at_2017_last_3y": -5.72,
            "at_2018_last_3y": -4.72,
            "at_2019_last_3y": 3.04,
            "at_2020_last_3y": 0.22,
            "at_2021_last_3y": 23.84,
            "at_2022_last_3y": 5.11,
            "at_2023_last_3y": 5.11,
            "at_2006_last_all": 14.74,
            "at_2007_last_all": 14.15,
            "at_2008_last_all": 6.12,
            "at_2009_last_all": 9.46,
            "at_2010_last_all": 11.95,
            "at_2011_last_all": 8.54,
            "at_2012_last_all": 5.37,
            "at_2013_last_all": 6.12,
            "at_2014_last_all": 3.98,
            "at_2015_last_all": 0.86,
            "at_2016_last_all": 3,
            "at_2017_last_all": 3.16,
            "at_2018_last_all": 1.94,
            "at_2019_last_all": 1.34,
            "at_2020_last_all": 2.42,
            "at_2021_last_all": 7.3,
            "at_2022_last_all": 2.54,
            "at_2023_last_all": 2.54
        },
        "latest_eps": 0.61,
        "latest_price": 55.7,
        "latest_roe": 4.38,
        "latest_gross_margin": 26.45,
        "latest_equity": 288399,
        "latest_revenue": 75860,
        "latest_gross_profit": 20064,
        "latest_net_income": -1815,
        "latest_debt_ratio": 31.82,
        "latest_current_ratio": 226.55,
        "latest_account_receivable_turnover_ratio": 1.72,
        "latest_inventory_turnover_ratio": 1.42,
        "latest_reinvestment_rate": -16.73,
        "latest_research_to_sale_ratio": 4.54
    },
    "eps_dividends": {
        "2000": {
            "cash": 0,
            "stock": 2,
            "eps": 0
        },
        "2001": {
            "cash": 2,
            "stock": 1,
            "eps": 2.07
        },
        "2002": {
            "cash": 1,
            "stock": 1,
            "eps": 4.19
        },
        "2003": {
            "cash": 2,
            "stock": 1,
            "eps": 4.04
        },
        "2004": {
            "cash": 1,
            "stock": 1,
            "eps": 3.41
        },
        "2005": {
            "cash": 2,
            "stock": 0,
            "eps": 2.87
        },
        "2006": {
            "cash": 2,
            "stock": 1,
            "eps": 3.12
        },
        "2007": {
            "cash": 2,
            "stock": 1,
            "eps": 3.47
        },
        "2008": {
            "cash": 2,
            "stock": 0,
            "eps": 2.01
        },
        "2009": {
            "cash": 1,
            "stock": 0,
            "eps": 2.67
        },
        "2010": {
            "cash": 2,
            "stock": 0,
            "eps": 3.52
        },
        "2011": {
            "cash": 2,
            "stock": 0,
            "eps": 2.74
        },
        "2012": {
            "cash": 2,
            "stock": 0,
            "eps": 2.02
        },
        "2013": {
            "cash": 1,
            "stock": 0,
            "eps": 2.31
        },
        "2014": {
            "cash": 1,
            "stock": 0,
            "eps": 1.81
        },
        "2015": {
            "cash": 1,
            "stock": 0,
            "eps": 1.09
        },
        "2016": {
            "cash": 1,
            "stock": 0,
            "eps": 1.45
        },
        "2017": {
            "cash": 1,
            "stock": 0,
            "eps": 1.53
        },
        "2018": {
            "cash": 1,
            "stock": 0,
            "eps": 1.26
        },
        "2019": {
            "cash": 1,
            "stock": 0,
            "eps": 1.15
        },
        "2020": {
            "cash": 2,
            "stock": 0,
            "eps": 1.4
        },
        "2021": {
            "cash": 25,
            "stock": 0,
            "eps": 12.41
        },
        "2022": {
            "cash": 7,
            "stock": 0,
            "eps": 0.92
        },
        "2023": {
            "cash": 1,
            "stock": 0,
            "eps": -0.08
        }
    },
    "dividends": {
        "2000-05-28": {
            "cash": 0,
            "stock": 2
        },
        "2001-04-28": {
            "cash": 1.5,
            "stock": 0.5
        },
        "2002-05-02": {
            "cash": 1.35,
            "stock": 0.65
        },
        "2003-04-15": {
            "cash": 1.5,
            "stock": 1
        },
        "2004-03-19": {
            "cash": 1,
            "stock": 1
        },
        "2005-03-16": {
            "cash": 2,
            "stock": 0
        },
        "2006-03-17": {
            "cash": 1.5,
            "stock": 0.5
        },
        "2007-04-27": {
            "cash": 1.5,
            "stock": 0.5
        },
        "2008-04-25": {
            "cash": 1.7,
            "stock": 0.3
        },
        "2009-04-08": {
            "cash": 1.35,
            "stock": 0
        },
        "2010-03-22": {
            "cash": 2,
            "stock": 0
        },
        "2011-05-31": {
            "cash": 2.2,
            "stock": 0
        },
        "2012-06-20": {
            "cash": 1.6,
            "stock": 0
        },
        "2013-06-10": {
            "cash": 1,
            "stock": 0
        },
        "2014-08-21": {
            "cash": 1.1,
            "stock": 0
        },
        "2015-09-10": {
            "cash": 1,
            "stock": 0
        },
        "2016-10-05": {
            "cash": 0.7,
            "stock": 0
        },
        "2017-09-15": {
            "cash": 1,
            "stock": 0
        },
        "2018-08-22": {
            "cash": 1.1,
            "stock": 0
        },
        "2019-09-19": {
            "cash": 1,
            "stock": 0
        },
        "2020-09-18": {
            "cash": 2,
            "stock": 0
        },
        "2021-06-28": {
            "cash": 10,
            "stock": 0
        },
        "2021-11-25": {
            "cash": 15,
            "stock": 0
        },
        "2022-04-20": {
            "cash": 5.2,
            "stock": 0
        },
        "2022-10-18": {
            "cash": 2,
            "stock": 0
        },
        "2023-06-09": {
            "cash": 1.4,
            "stock": 0
        }
    },
    "prices": {
        "200101": "無",
        "200102": "無",
        "200103": "無",
        "200104": "無",
        "200105": "無",
        "200106": "無",
        "200107": "無",
        "200108": "無",
        "200109": "無",
        "200110": "無",
        "200111": "無",
        "200112": "無",
        "200201": "無",
        "200202": "無",
        "200203": "無",
        "200204": "無",
        "200205": "無",
        "200206": "無",
        "200207": "無",
        "200208": "無",
        "200209": "無",
        "200210": "無",
        "200211": "39.45",
        "200212": "41.48",
        "200301": "38.29",
        "200302": "35.38",
        "200303": "34.04",
        "200304": "31.50",
        "200305": "33.85",
        "200306": "38.26",
        "200307": "38.87",
        "200308": "42.34",
        "200309": "39.43",
        "200310": "38.07",
        "200311": "40.14",
        "200312": "40.80",
        "200401": "40.50",
        "200402": "39.46",
        "200403": "37.10",
        "200404": "35.57",
        "200405": "29.26",
        "200406": "28.25",
        "200407": "27.42",
        "200408": "27.54",
        "200409": "27.03",
        "200410": "25.96",
        "200411": "28.55",
        "200412": "28.80",
        "200501": "27.40",
        "200502": "28.28",
        "200503": "28.55",
        "200504": "27.88",
        "200505": "26.28",
        "200506": "25.55",
        "200507": "25.43",
        "200508": "20.57",
        "200509": "20.25",
        "200510": "20.53",
        "200511": "21.32",
        "200512": "25.35",
        "200601": "30.13",
        "200602": "26.81",
        "200603": "26.24",
        "200604": "27.61",
        "200605": "29.22",
        "200606": "26.03",
        "200607": "27.00",
        "200608": "26.63",
        "200609": "27.00",
        "200610": "29.46",
        "200611": "30.00",
        "200612": "36.00",
        "200701": "38.39",
        "200702": "36.06",
        "200703": "37.96",
        "200704": "37.26",
        "200705": "35.85",
        "200706": "40.45",
        "200707": "43.54",
        "200708": "36.44",
        "200709": "35.13",
        "200710": "33.83",
        "200711": "31.17",
        "200712": "28.46",
        "200801": "28.12",
        "200802": "30.02",
        "200803": "28.72",
        "200804": "29.35",
        "200805": "27.37",
        "200806": "25.30",
        "200807": "21.14",
        "200808": "19.77",
        "200809": "16.35",
        "200810": "14.89",
        "200811": "13.46",
        "200812": "12.62",
        "200901": "12.48",
        "200902": "12.20",
        "200903": "14.59",
        "200904": "16.96",
        "200905": "18.13",
        "200906": "17.30",
        "200907": "18.53",
        "200908": "21.68",
        "200909": "25.04",
        "200910": "26.43",
        "200911": "26.24",
        "200912": "29.02",
        "201001": "30.15",
        "201002": "27.28",
        "201003": "29.51",
        "201004": "31.21",
        "201005": "30.53",
        "201006": "32.78",
        "201007": "32.99",
        "201008": "34.35",
        "201009": "33.12",
        "201010": "33.59",
        "201011": "32.53",
        "201012": "33.53",
        "201101": "32.93",
        "201102": "33.71",
        "201103": "32.04",
        "201104": "32.05",
        "201105": "31.48",
        "201106": "31.36",
        "201107": "30.14",
        "201108": "24.97",
        "201109": "23.72",
        "201110": "23.62",
        "201111": "23.67",
        "201112": "22.79",
        "201201": "22.62",
        "201202": "24.51",
        "201203": "25.27",
        "201204": "24.17",
        "201205": "23.03",
        "201206": "22.52",
        "201207": "22.98",
        "201208": "24.32",
        "201209": "23.94",
        "201210": "22.18",
        "201211": "22.01",
        "201212": "22.61",
        "201301": "22.86",
        "201302": "23.35",
        "201303": "23.00",
        "201304": "22.06",
        "201305": "22.14",
        "201306": "22.11",
        "201307": "22.32",
        "201308": "24.21",
        "201309": "24.06",
        "201310": "23.46",
        "201311": "23.70",
        "201312": "24.10",
        "201401": "24.89",
        "201402": "25.77",
        "201403": "27.30",
        "201404": "31.01",
        "201405": "27.72",
        "201406": "27.57",
        "201407": "26.60",
        "201408": "24.28",
        "201409": "24.49",
        "201410": "23.95",
        "201411": "23.84",
        "201412": "23.85",
        "201501": "24.27",
        "201502": "24.12",
        "201503": "24.05",
        "201504": "24.97",
        "201505": "25.25",
        "201506": "23.10",
        "201507": "23.38",
        "201508": "22.58",
        "201509": "22.01",
        "201510": "23.39",
        "201511": "22.59",
        "201512": "21.87",
        "201601": "22.80",
        "201602": "23.43",
        "201603": "23.06",
        "201604": "22.74",
        "201605": "22.11",
        "201606": "21.76",
        "201607": "21.37",
        "201608": "20.84",
        "201609": "20.13",
        "201610": "20.05",
        "201611": "19.90",
        "201612": "20.20",
        "201701": "20.01",
        "201702": "20.96",
        "201703": "21.13",
        "201704": "21.19",
        "201705": "21.24",
        "201706": "21.28",
        "201707": "21.39",
        "201708": "22.97",
        "201709": "23.38",
        "201710": "22.77",
        "201711": "23.20",
        "201712": "22.84",
        "201801": "23.18",
        "201802": "22.59",
        "201803": "22.92",
        "201804": "22.92",
        "201805": "22.75",
        "201806": "27.88",
        "201807": "31.43",
        "201808": "24.09",
        "201809": "22.18",
        "201810": "18.97",
        "201811": "18.83",
        "201812": "18.61",
        "201901": "18.40",
        "201902": "19.68",
        "201903": "20.68",
        "201904": "22.15",
        "201905": "21.85",
        "201906": "21.30",
        "201907": "21.43",
        "201908": "22.10",
        "201909": "21.34",
        "201910": "26.83",
        "201911": "25.30",
        "201912": "24.18",
        "202001": "24.00",
        "202002": "23.21",
        "202003": "20.40",
        "202004": "21.19",
        "202005": "25.09",
        "202006": "27.86",
        "202007": "37.22",
        "202008": "40.11",
        "202009": "63.60",
        "202010": "83.11",
        "202011": "104.36",
        "202012": "128.87",
        "202101": "115.70",
        "202102": "104.50",
        "202103": "109.02",
        "202104": "106.26",
        "202105": "106.35",
        "202106": "97.96",
        "202107": "88.12",
        "202108": "94.10",
        "202109": "93.80",
        "202110": "92.05",
        "202111": "74.38",
        "202112": "72.40",
        "202201": "69.97",
        "202202": "69.47",
        "202203": "70.09",
        "202204": "60.82",
        "202205": "59.69",
        "202206": "55.31",
        "202207": "51.60",
        "202208": "54.32",
        "202209": "52.00",
        "202210": "49.60",
        "202211": "50.45",
        "202212": "58.33",
        "202301": "57.35",
        "202302": "54.71",
        "202303": "55.64",
        "202304": "57.16",
        "202305": "56.31"
    },
    "quarters": {
        "20011": {
            "year_quarter": 20011,
            "year": 2001,
            "quarter": 1,
            "eps": 0.79,
            "eps_growth_year": null,
            "eps_4q": null,
            "eps_4q_growth_year": null,
            "roe": 4.83,
            "roe_4q": 4.83,
            "gross_profit": 20245,
            "gross_margin": 27.04,
            "gross_margin_4q_avg": 27.04,
            "net_income": 17409,
            "revenue": 74865,
            "common_shares": 220320,
            "book_valuer_per_share": 16.12,
            "book_valuer_per_share_4q_avg": 16.12,
            "equity": 355114,
            "current_ratio": 243.4,
            "debt_ratio": 27.23,
            "inventory_turnover_ratio": 1.78,
            "account_receivable_turnover_ratio": null,
            "reinvestment_rate": null,
            "research_to_sale_ratio": null,
            "price_fair": 0,
            "eps_avg_yearly": 0,
            "eps_latest_yearly": 0,
            "eps_growth_yearly": 0
        },
        "20012": {
            "year_quarter": 20012,
            "year": 2001,
            "quarter": 2,
            "eps": 1.02,
            "eps_growth_year": null,
            "eps_4q": null,
            "eps_4q_growth_year": null,
            "roe": 6.41,
            "roe_4q": 11.24,
            "gross_profit": 20436,
            "gross_margin": 26.1,
            "gross_margin_4q_avg": 26.57,
            "net_income": 22414,
            "revenue": 78312,
            "common_shares": 220320,
            "book_valuer_per_share": 15.61,
            "book_valuer_per_share_4q_avg": 15.87,
            "equity": 343818,
            "current_ratio": 235.04,
            "debt_ratio": 25.63,
            "inventory_turnover_ratio": 4.19,
            "account_receivable_turnover_ratio": null,
            "reinvestment_rate": null,
            "research_to_sale_ratio": null,
            "price_fair": 0,
            "eps_avg_yearly": 0,
            "eps_latest_yearly": 0,
            "eps_growth_yearly": 0
        },
        "20013": {
            "year_quarter": 20013,
            "year": 2001,
            "quarter": 3,
            "eps": 0.49,
            "eps_growth_year": null,
            "eps_4q": null,
            "eps_4q_growth_year": null,
            "roe": 3.23,
            "roe_4q": 14.47,
            "gross_profit": 27278,
            "gross_margin": 30.45,
            "gross_margin_4q_avg": 27.86,
            "net_income": 11304,
            "revenue": 89574,
            "common_shares": 233000,
            "book_valuer_per_share": 15.24,
            "book_valuer_per_share_4q_avg": 15.66,
            "equity": 355121,
            "current_ratio": 252.25,
            "debt_ratio": 23.84,
            "inventory_turnover_ratio": 4.63,
            "account_receivable_turnover_ratio": null,
            "reinvestment_rate": null,
            "research_to_sale_ratio": null,
            "price_fair": 0,
            "eps_avg_yearly": 0,
            "eps_latest_yearly": 0,
            "eps_growth_yearly": 0
        },
        "20014": {
            "year_quarter": 20014,
            "year": 2001,
            "quarter": 4,
            "eps": -0.23,
            "eps_growth_year": null,
            "eps_4q": 1.74,
            "eps_4q_growth_year": null,
            "roe": -1.43,
            "roe_4q": 13.040000000000001,
            "gross_profit": 22512,
            "gross_margin": 24.19,
            "gross_margin_4q_avg": 26.95,
            "net_income": -5297,
            "revenue": 93046,
            "common_shares": 233000,
            "book_valuer_per_share": 15.08,
            "book_valuer_per_share_4q_avg": 15.51,
            "equity": 385977,
            "current_ratio": 168.25,
            "debt_ratio": 38.97,
            "inventory_turnover_ratio": 2.4,
            "account_receivable_turnover_ratio": null,
            "reinvestment_rate": null,
            "research_to_sale_ratio": null,
            "price_fair": 0,
            "eps_avg_yearly": 0,
            "eps_latest_yearly": 0,
            "eps_growth_yearly": 0
        },
        "20021": {
            "year_quarter": 20021,
            "year": 2002,
            "quarter": 1,
            "eps": 1.02,
            "eps_growth_year": 29.11,
            "eps_4q": 2.24,
            "eps_4q_growth_year": null,
            "roe": 6.19,
            "roe_4q": 14.4,
            "gross_profit": 27417,
            "gross_margin": 31.57,
            "gross_margin_4q_avg": 28.08,
            "net_income": 23713,
            "revenue": 86846,
            "common_shares": 233000,
            "book_valuer_per_share": 16.33,
            "book_valuer_per_share_4q_avg": 15.57,
            "equity": 380439,
            "current_ratio": 231.03,
            "debt_ratio": 23.54,
            "inventory_turnover_ratio": 2.22,
            "account_receivable_turnover_ratio": null,
            "reinvestment_rate": null,
            "research_to_sale_ratio": null,
            "price_fair": 0,
            "eps_avg_yearly": 0,
            "eps_latest_yearly": 0,
            "eps_growth_yearly": 0
        },
        "20022": {
            "year_quarter": 20022,
            "year": 2002,
            "quarter": 2,
            "eps": 0.82,
            "eps_growth_year": -19.61,
            "eps_4q": 2.02,
            "eps_4q_growth_year": null,
            "roe": 5.52,
            "roe_4q": 13.510000000000002,
            "gross_profit": 34562,
            "gross_margin": 35.22,
            "gross_margin_4q_avg": 30.36,
            "net_income": 20393,
            "revenue": 98133,
            "common_shares": 250000,
            "book_valuer_per_share": 14.32,
            "book_valuer_per_share_4q_avg": 15.24,
            "equity": 357897,
            "current_ratio": 143.49,
            "debt_ratio": 26.38,
            "inventory_turnover_ratio": 7.51,
            "account_receivable_turnover_ratio": null,
            "reinvestment_rate": null,
            "research_to_sale_ratio": null,
            "price_fair": 9.84,
            "eps_avg_yearly": 3.28,
            "eps_latest_yearly": 3.28,
            "eps_growth_yearly": -78.43
        },
        "20023": {
            "year_quarter": 20023,
            "year": 2002,
            "quarter": 3,
            "eps": 1.33,
            "eps_growth_year": 171.43,
            "eps_4q": 2.88,
            "eps_4q_growth_year": null,
            "roe": 8.86,
            "roe_4q": 19.14,
            "gross_profit": 36104,
            "gross_margin": 36.48,
            "gross_margin_4q_avg": 31.87,
            "net_income": 33281,
            "revenue": 98965,
            "common_shares": 250000,
            "book_valuer_per_share": 15.72,
            "book_valuer_per_share_4q_avg": 15.36,
            "equity": 393076,
            "current_ratio": 157.31,
            "debt_ratio": 24.9,
            "inventory_turnover_ratio": 7.54,
            "account_receivable_turnover_ratio": null,
            "reinvestment_rate": null,
            "research_to_sale_ratio": null,
            "price_fair": 150.5,
            "eps_avg_yearly": 4.3,
            "eps_latest_yearly": 5.32,
            "eps_growth_yearly": 85.17
        },
        "20024": {
            "year_quarter": 20024,
            "year": 2002,
            "quarter": 4,
            "eps": 1.02,
            "eps_growth_year": null,
            "eps_4q": 4.11,
            "eps_4q_growth_year": 136.25,
            "roe": 6.3,
            "roe_4q": 26.87,
            "gross_profit": 39964,
            "gross_margin": 38.97,
            "gross_margin_4q_avg": 35.56,
            "net_income": 25537,
            "revenue": 102563,
            "common_shares": 250000,
            "book_valuer_per_share": 16.7,
            "book_valuer_per_share_4q_avg": 15.77,
            "equity": 417563,
            "current_ratio": 183.62,
            "debt_ratio": 38.66,
            "inventory_turnover_ratio": 2.3,
            "account_receivable_turnover_ratio": null,
            "reinvestment_rate": null,
            "research_to_sale_ratio": null,
            "price_fair": 147.93,
            "eps_avg_yearly": 4.23,
            "eps_latest_yearly": 4.08,
            "eps_growth_yearly": 25.71
        },
        "20031": {
            "year_quarter": 20031,
            "year": 2003,
            "quarter": 1,
            "eps": 0.75,
            "eps_growth_year": -26.47,
            "eps_4q": 3.91,
            "eps_4q_growth_year": 74.53,
            "roe": 4.4,
            "roe_4q": 25.08,
            "gross_profit": 30905,
            "gross_margin": 36.53,
            "gross_margin_4q_avg": 36.8,
            "net_income": 18777,
            "revenue": 84601,
            "common_shares": 250000,
            "book_valuer_per_share": 17.45,
            "book_valuer_per_share_4q_avg": 16.05,
            "equity": 436293,
            "current_ratio": 196.56,
            "debt_ratio": 21.45,
            "inventory_turnover_ratio": 2,
            "account_receivable_turnover_ratio": null,
            "reinvestment_rate": null,
            "research_to_sale_ratio": null,
            "price_fair": 11.76,
            "eps_avg_yearly": 3.92,
            "eps_latest_yearly": 3,
            "eps_growth_yearly": -7.19
        },
        "20032": {
            "year_quarter": 20032,
            "year": 2003,
            "quarter": 2,
            "eps": 1.29,
            "eps_growth_year": 57.32,
            "eps_4q": 4.4,
            "eps_4q_growth_year": 118.59,
            "roe": 7.45,
            "roe_4q": 27.01,
            "gross_profit": 37863,
            "gross_margin": 37.53,
            "gross_margin_4q_avg": 37.38,
            "net_income": 32138,
            "revenue": 100875,
            "common_shares": 250000,
            "book_valuer_per_share": 17.06,
            "book_valuer_per_share_4q_avg": 16.73,
            "equity": 426508,
            "current_ratio": 146.48,
            "debt_ratio": 28.38,
            "inventory_turnover_ratio": 8.02,
            "account_receivable_turnover_ratio": null,
            "reinvestment_rate": null,
            "research_to_sale_ratio": null,
            "price_fair": 145.88,
            "eps_avg_yearly": 4.17,
            "eps_latest_yearly": 5.16,
            "eps_growth_yearly": 51.85
        },
        "20033": {
            "year_quarter": 20033,
            "year": 2003,
            "quarter": 3,
            "eps": 1.12,
            "eps_growth_year": -15.79,
            "eps_4q": 3.86,
            "eps_4q_growth_year": 34.01,
            "roe": 7.08,
            "roe_4q": 25.23,
            "gross_profit": 40750,
            "gross_margin": 38.76,
            "gross_margin_4q_avg": 37.95,
            "net_income": 31243,
            "revenue": 105129,
            "common_shares": 278000,
            "book_valuer_per_share": 16.38,
            "book_valuer_per_share_4q_avg": 16.9,
            "equity": 455478,
            "current_ratio": 173.67,
            "debt_ratio": 23.1,
            "inventory_turnover_ratio": 6.76,
            "account_receivable_turnover_ratio": null,
            "reinvestment_rate": null,
            "research_to_sale_ratio": null,
            "price_fair": 147.7,
            "eps_avg_yearly": 4.22,
            "eps_latest_yearly": 4.48,
            "eps_growth_yearly": 34.42
        },
        "20034": {
            "year_quarter": 20034,
            "year": 2003,
            "quarter": 4,
            "eps": 0.88,
            "eps_growth_year": -13.73,
            "eps_4q": 3.83,
            "eps_4q_growth_year": -6.95,
            "roe": 5.26,
            "roe_4q": 24.189999999999998,
            "gross_profit": 35698,
            "gross_margin": 34.52,
            "gross_margin_4q_avg": 36.84,
            "net_income": 24549,
            "revenue": 103402,
            "common_shares": 278000,
            "book_valuer_per_share": 17.22,
            "book_valuer_per_share_4q_avg": 17.03,
            "equity": 478619,
            "current_ratio": 191.01,
            "debt_ratio": 34.57,
            "inventory_turnover_ratio": 2.08,
            "account_receivable_turnover_ratio": null,
            "reinvestment_rate": null,
            "research_to_sale_ratio": null,
            "price_fair": 112.3,
            "eps_avg_yearly": 4.12,
            "eps_latest_yearly": 3.52,
            "eps_growth_yearly": 17.26
        },
        "20041": {
            "year_quarter": 20041,
            "year": 2004,
            "quarter": 1,
            "eps": 0.88,
            "eps_growth_year": 17.33,
            "eps_4q": 4.05,
            "eps_4q_growth_year": 3.4,
            "roe": 5.01,
            "roe_4q": 24.8,
            "gross_profit": 27722,
            "gross_margin": 28.95,
            "gross_margin_4q_avg": 34.94,
            "net_income": 24434,
            "revenue": 95747,
            "common_shares": 278000,
            "book_valuer_per_share": 17.9,
            "book_valuer_per_share_4q_avg": 17.14,
            "equity": 497707,
            "current_ratio": 173.89,
            "debt_ratio": 24.2,
            "inventory_turnover_ratio": 2.13,
            "account_receivable_turnover_ratio": null,
            "reinvestment_rate": null,
            "research_to_sale_ratio": null,
            "price_fair": 101.53,
            "eps_avg_yearly": 4.05,
            "eps_latest_yearly": 3.52,
            "eps_growth_yearly": 15.1
        },
        "20042": {
            "year_quarter": 20042,
            "year": 2004,
            "quarter": 2,
            "eps": 1.1,
            "eps_growth_year": -14.73,
            "eps_4q": 4,
            "eps_4q_growth_year": -9.25,
            "roe": 6.1,
            "roe_4q": 23.449999999999996,
            "gross_profit": 43169,
            "gross_margin": 35.08,
            "gross_margin_4q_avg": 34.33,
            "net_income": 30458,
            "revenue": 123075,
            "common_shares": 278000,
            "book_valuer_per_share": 18.02,
            "book_valuer_per_share_4q_avg": 17.38,
            "equity": 501082,
            "current_ratio": 152.43,
            "debt_ratio": 27.52,
            "inventory_turnover_ratio": 7.07,
            "account_receivable_turnover_ratio": null,
            "reinvestment_rate": null,
            "research_to_sale_ratio": null,
            "price_fair": 141.05,
            "eps_avg_yearly": 4.08,
            "eps_latest_yearly": 4.4,
            "eps_growth_yearly": 24.53
        },
        "20043": {
            "year_quarter": 20043,
            "year": 2004,
            "quarter": 3,
            "eps": 1.06,
            "eps_growth_year": -5.36,
            "eps_4q": 3.63,
            "eps_4q_growth_year": -6,
            "roe": 6.32,
            "roe_4q": 22.689999999999998,
            "gross_profit": 41019,
            "gross_margin": 35.29,
            "gross_margin_4q_avg": 33.46,
            "net_income": 32779,
            "revenue": 116218,
            "common_shares": 308800,
            "book_valuer_per_share": 17.34,
            "book_valuer_per_share_4q_avg": 17.62,
            "equity": 535574,
            "current_ratio": 203.25,
            "debt_ratio": 24.12,
            "inventory_turnover_ratio": 5.93,
            "account_receivable_turnover_ratio": null,
            "reinvestment_rate": null,
            "research_to_sale_ratio": null,
            "price_fair": 125.57,
            "eps_avg_yearly": 4.1,
            "eps_latest_yearly": 4.24,
            "eps_growth_yearly": 20.63
        },
        "20044": {
            "year_quarter": 20044,
            "year": 2004,
            "quarter": 4,
            "eps": 0.37,
            "eps_growth_year": -57.95,
            "eps_4q": 3.21,
            "eps_4q_growth_year": -16.05,
            "roe": 2.13,
            "roe_4q": 19.56,
            "gross_profit": 32797,
            "gross_margin": 35.5,
            "gross_margin_4q_avg": 33.71,
            "net_income": 11418,
            "revenue": 92397,
            "common_shares": 308800,
            "book_valuer_per_share": 17.45,
            "book_valuer_per_share_4q_avg": 17.68,
            "equity": 538763,
            "current_ratio": 283.13,
            "debt_ratio": 27.84,
            "inventory_turnover_ratio": 1.56,
            "account_receivable_turnover_ratio": null,
            "reinvestment_rate": 14.55,
            "research_to_sale_ratio": null,
            "price_fair": 11.59,
            "eps_avg_yearly": 3.86,
            "eps_latest_yearly": 1.48,
            "eps_growth_yearly": -4.92
        },
        "20051": {
            "year_quarter": 20051,
            "year": 2005,
            "quarter": 1,
            "eps": 0.38,
            "eps_growth_year": -56.82,
            "eps_4q": 2.8,
            "eps_4q_growth_year": -30.81,
            "roe": 2.16,
            "roe_4q": 16.71,
            "gross_profit": 25261,
            "gross_margin": 31.83,
            "gross_margin_4q_avg": 34.43,
            "net_income": 11723,
            "revenue": 79374,
            "common_shares": 308800,
            "book_valuer_per_share": 17.75,
            "book_valuer_per_share_4q_avg": 17.64,
            "equity": 548097,
            "current_ratio": 310.49,
            "debt_ratio": 19.12,
            "inventory_turnover_ratio": 1.44,
            "account_receivable_turnover_ratio": null,
            "reinvestment_rate": -0.89,
            "research_to_sale_ratio": null,
            "price_fair": 11,
            "eps_avg_yearly": 3.67,
            "eps_latest_yearly": 1.52,
            "eps_growth_yearly": -3.61
        },
        "20052": {
            "year_quarter": 20052,
            "year": 2005,
            "quarter": 2,
            "eps": 0.73,
            "eps_growth_year": -33.64,
            "eps_4q": 2.54,
            "eps_4q_growth_year": -36.4,
            "roe": 4.29,
            "roe_4q": 14.9,
            "gross_profit": 42618,
            "gross_margin": 36.83,
            "gross_margin_4q_avg": 34.86,
            "net_income": 22523,
            "revenue": 115703,
            "common_shares": 308800,
            "book_valuer_per_share": 16.29,
            "book_valuer_per_share_4q_avg": 17.21,
            "equity": 503080,
            "current_ratio": 175.93,
            "debt_ratio": 28.66,
            "inventory_turnover_ratio": 6.98,
            "account_receivable_turnover_ratio": null,
            "reinvestment_rate": -2.52,
            "research_to_sale_ratio": null,
            "price_fair": 126.32,
            "eps_avg_yearly": 3.61,
            "eps_latest_yearly": 2.92,
            "eps_growth_yearly": 25.01
        },
        "20053": {
            "year_quarter": 20053,
            "year": 2005,
            "quarter": 3,
            "eps": 0.98,
            "eps_growth_year": -7.55,
            "eps_4q": 2.46,
            "eps_4q_growth_year": -32.08,
            "roe": 5.76,
            "roe_4q": 14.34,
            "gross_profit": 39950,
            "gross_margin": 38.65,
            "gross_margin_4q_avg": 35.7,
            "net_income": 30139,
            "revenue": 103374,
            "common_shares": 308800,
            "book_valuer_per_share": 17.59,
            "book_valuer_per_share_4q_avg": 17.27,
            "equity": 543329,
            "current_ratio": 244.35,
            "debt_ratio": 21.27,
            "inventory_turnover_ratio": 5.67,
            "account_receivable_turnover_ratio": null,
            "reinvestment_rate": -4.43,
            "research_to_sale_ratio": null,
            "price_fair": 127.1,
            "eps_avg_yearly": 3.63,
            "eps_latest_yearly": 3.92,
            "eps_growth_yearly": 33.01
        },
        "20054": {
            "year_quarter": 20054,
            "year": 2005,
            "quarter": 4,
            "eps": 0.78,
            "eps_growth_year": 110.81,
            "eps_4q": 2.85,
            "eps_4q_growth_year": -11.17,
            "roe": 4.39,
            "roe_4q": 16.599999999999998,
            "gross_profit": 42521,
            "gross_margin": 38.65,
            "gross_margin_4q_avg": 36.49,
            "net_income": 24233,
            "revenue": 110007,
            "common_shares": 308800,
            "book_valuer_per_share": 18.19,
            "book_valuer_per_share_4q_avg": 17.46,
            "equity": 561612,
            "current_ratio": 309.2,
            "debt_ratio": 29.09,
            "inventory_turnover_ratio": 1.56,
            "account_receivable_turnover_ratio": null,
            "reinvestment_rate": 9.24,
            "research_to_sale_ratio": null,
            "price_fair": 125.91,
            "eps_avg_yearly": 3.6,
            "eps_latest_yearly": 3.12,
            "eps_growth_yearly": 25.36
        },
        "20061": {
            "year_quarter": 20061,
            "year": 2006,
            "quarter": 1,
            "eps": 0.82,
            "eps_growth_year": 115.79,
            "eps_4q": 3.32,
            "eps_4q_growth_year": 18.69,
            "roe": 4.38,
            "roe_4q": 18.82,
            "gross_profit": 28451,
            "gross_margin": 30.2,
            "gross_margin_4q_avg": 36.08,
            "net_income": 25190,
            "revenue": 94206,
            "common_shares": 308800,
            "book_valuer_per_share": 19.05,
            "book_valuer_per_share_4q_avg": 17.78,
            "equity": 588158,
            "current_ratio": 279.99,
            "debt_ratio": 21.17,
            "inventory_turnover_ratio": 1.56,
            "account_receivable_turnover_ratio": null,
            "reinvestment_rate": -4.09,
            "research_to_sale_ratio": null,
            "price_fair": 125.21,
            "eps_avg_yearly": 3.58,
            "eps_latest_yearly": 3.28,
            "eps_growth_yearly": 25.06
        },
        "20062": {
            "year_quarter": 20062,
            "year": 2006,
            "quarter": 2,
            "eps": 1.01,
            "eps_growth_year": 38.36,
            "eps_4q": 3.57,
            "eps_4q_growth_year": 40.61,
            "roe": 5.43,
            "roe_4q": 19.96,
            "gross_profit": 43759,
            "gross_margin": 37.32,
            "gross_margin_4q_avg": 36.21,
            "net_income": 31330,
            "revenue": 117252,
            "common_shares": 308800,
            "book_valuer_per_share": 18.29,
            "book_valuer_per_share_4q_avg": 18.28,
            "equity": 564910,
            "current_ratio": 185.58,
            "debt_ratio": 28.92,
            "inventory_turnover_ratio": 7.39,
            "account_receivable_turnover_ratio": null,
            "reinvestment_rate": -3.91,
            "research_to_sale_ratio": null,
            "price_fair": 126.88,
            "eps_avg_yearly": 3.63,
            "eps_latest_yearly": 4.04,
            "eps_growth_yearly": 35.76
        },
        "20063": {
            "year_quarter": 20063,
            "year": 2006,
            "quarter": 3,
            "eps": 1.05,
            "eps_growth_year": 7.14,
            "eps_4q": 3.51,
            "eps_4q_growth_year": 42.45,
            "roe": 5.89,
            "roe_4q": 20.09,
            "gross_profit": 45223,
            "gross_margin": 37.03,
            "gross_margin_4q_avg": 35.8,
            "net_income": 34451,
            "revenue": 122121,
            "common_shares": 328000,
            "book_valuer_per_share": 18.42,
            "book_valuer_per_share_4q_avg": 18.49,
            "equity": 604087,
            "current_ratio": 245.09,
            "debt_ratio": 22.99,
            "inventory_turnover_ratio": 8.61,
            "account_receivable_turnover_ratio": null,
            "reinvestment_rate": -4.13,
            "research_to_sale_ratio": null,
            "price_fair": 110.91,
            "eps_avg_yearly": 3.56,
            "eps_latest_yearly": 4.2,
            "eps_growth_yearly": 21.2
        },
        "20064": {
            "year_quarter": 20064,
            "year": 2006,
            "quarter": 4,
            "eps": 0.24,
            "eps_growth_year": -69.23,
            "eps_4q": 3.03,
            "eps_4q_growth_year": 6.34,
            "roe": 1.29,
            "roe_4q": 16.99,
            "gross_profit": 26116,
            "gross_margin": 28.67,
            "gross_margin_4q_avg": 33.31,
            "net_income": 7816,
            "revenue": 91096,
            "common_shares": 328000,
            "book_valuer_per_share": 18.59,
            "book_valuer_per_share_4q_avg": 18.59,
            "equity": 609650,
            "current_ratio": 320.22,
            "debt_ratio": 29.46,
            "inventory_turnover_ratio": 1.39,
            "account_receivable_turnover_ratio": null,
            "reinvestment_rate": -2.15,
            "research_to_sale_ratio": null,
            "price_fair": 59.6,
            "eps_avg_yearly": 3.36,
            "eps_latest_yearly": 0.96,
            "eps_growth_yearly": 7.74
        },
        "20071": {
            "year_quarter": 20071,
            "year": 2007,
            "quarter": 1,
            "eps": 0.58,
            "eps_growth_year": -29.27,
            "eps_4q": 2.81,
            "eps_4q_growth_year": -15.46,
            "roe": 3.09,
            "roe_4q": 15.7,
            "gross_profit": 30018,
            "gross_margin": 30.71,
            "gross_margin_4q_avg": 33.43,
            "net_income": 19146,
            "revenue": 97757,
            "common_shares": 328000,
            "book_valuer_per_share": 19.18,
            "book_valuer_per_share_4q_avg": 18.62,
            "equity": 629231,
            "current_ratio": 278.3,
            "debt_ratio": 22.53,
            "inventory_turnover_ratio": 1.39,
            "account_receivable_turnover_ratio": null,
            "reinvestment_rate": -5.19,
            "research_to_sale_ratio": null,
            "price_fair": 116.11,
            "eps_avg_yearly": 3.32,
            "eps_latest_yearly": 2.32,
            "eps_growth_yearly": 49.77
        },
        "20072": {
            "year_quarter": 20072,
            "year": 2007,
            "quarter": 2,
            "eps": 1.1,
            "eps_growth_year": 8.91,
            "eps_4q": 2.98,
            "eps_4q_growth_year": -16.77,
            "roe": 5.82,
            "roe_4q": 16.09,
            "gross_profit": 42895,
            "gross_margin": 29.57,
            "gross_margin_4q_avg": 31.5,
            "net_income": 36025,
            "revenue": 145045,
            "common_shares": 328000,
            "book_valuer_per_share": 18.57,
            "book_valuer_per_share_4q_avg": 18.69,
            "equity": 609154,
            "current_ratio": 192.37,
            "debt_ratio": 30.12,
            "inventory_turnover_ratio": 8.84,
            "account_receivable_turnover_ratio": null,
            "reinvestment_rate": -4.78,
            "research_to_sale_ratio": null,
            "price_fair": 114.45,
            "eps_avg_yearly": 3.27,
            "eps_latest_yearly": 4.4,
            "eps_growth_yearly": 54.19
        },
        "20073": {
            "year_quarter": 20073,
            "year": 2007,
            "quarter": 3,
            "eps": 1.07,
            "eps_growth_year": 1.9,
            "eps_4q": 2.88,
            "eps_4q_growth_year": -18.1,
            "roe": 5.94,
            "roe_4q": 16.14,
            "gross_profit": 43971,
            "gross_margin": 32.4,
            "gross_margin_4q_avg": 30.34,
            "net_income": 37327,
            "revenue": 135715,
            "common_shares": 348760,
            "book_valuer_per_share": 18.55,
            "book_valuer_per_share_4q_avg": 18.72,
            "equity": 647077,
            "current_ratio": 264.82,
            "debt_ratio": 23.07,
            "inventory_turnover_ratio": 8.77,
            "account_receivable_turnover_ratio": null,
            "reinvestment_rate": -4.86,
            "research_to_sale_ratio": null,
            "price_fair": 114.01,
            "eps_avg_yearly": 3.26,
            "eps_latest_yearly": 4.28,
            "eps_growth_yearly": 56.8
        },
        "20074": {
            "year_quarter": 20074,
            "year": 2007,
            "quarter": 4,
            "eps": 0.72,
            "eps_growth_year": 200,
            "eps_4q": 3.38,
            "eps_4q_growth_year": 11.5,
            "roe": 3.81,
            "roe_4q": 18.66,
            "gross_profit": 30607,
            "gross_margin": 29.88,
            "gross_margin_4q_avg": 30.64,
            "net_income": 25017,
            "revenue": 102421,
            "common_shares": 348760,
            "book_valuer_per_share": 19.08,
            "book_valuer_per_share_4q_avg": 18.85,
            "equity": 665430,
            "current_ratio": 358.78,
            "debt_ratio": 29.33,
            "inventory_turnover_ratio": 1.3,
            "account_receivable_turnover_ratio": null,
            "reinvestment_rate": -7.86,
            "research_to_sale_ratio": null,
            "price_fair": 112.61,
            "eps_avg_yearly": 3.22,
            "eps_latest_yearly": 2.88,
            "eps_growth_yearly": 53.98
        },
        "20081": {
            "year_quarter": 20081,
            "year": 2008,
            "quarter": 1,
            "eps": 0.05,
            "eps_growth_year": -91.38,
            "eps_4q": 3.03,
            "eps_4q_growth_year": 7.75,
            "roe": 0.25,
            "roe_4q": 15.82,
            "gross_profit": 40711,
            "gross_margin": 26.86,
            "gross_margin_4q_avg": 29.68,
            "net_income": 1652,
            "revenue": 151581,
            "common_shares": 348760,
            "book_valuer_per_share": 18.67,
            "book_valuer_per_share_4q_avg": 18.72,
            "equity": 651028,
            "current_ratio": 387.07,
            "debt_ratio": 28.86,
            "inventory_turnover_ratio": 1.09,
            "account_receivable_turnover_ratio": null,
            "reinvestment_rate": 28.65,
            "research_to_sale_ratio": null,
            "price_fair": 105.35,
            "eps_avg_yearly": 3.01,
            "eps_latest_yearly": 0.2,
            "eps_growth_yearly": 30.72
        },
        "20082": {
            "year_quarter": 20082,
            "year": 2008,
            "quarter": 2,
            "eps": 0.77,
            "eps_growth_year": -30,
            "eps_4q": 2.6,
            "eps_4q_growth_year": -12.76,
            "roe": 4.26,
            "roe_4q": 14.260000000000002,
            "gross_profit": 73463,
            "gross_margin": 32.98,
            "gross_margin_4q_avg": 30.53,
            "net_income": 26991,
            "revenue": 222778,
            "common_shares": 348760,
            "book_valuer_per_share": 17.63,
            "book_valuer_per_share_4q_avg": 18.48,
            "equity": 614853,
            "current_ratio": 288.51,
            "debt_ratio": 35.61,
            "inventory_turnover_ratio": 1.45,
            "account_receivable_turnover_ratio": null,
            "reinvestment_rate": 28.35,
            "research_to_sale_ratio": null,
            "price_fair": 102.46,
            "eps_avg_yearly": 2.93,
            "eps_latest_yearly": 3.08,
            "eps_growth_yearly": 384.47
        },
        "20083": {
            "year_quarter": 20083,
            "year": 2008,
            "quarter": 3,
            "eps": 0.75,
            "eps_growth_year": -29.91,
            "eps_4q": 2.22,
            "eps_4q_growth_year": -22.76,
            "roe": 4.29,
            "roe_4q": 12.610000000000001,
            "gross_profit": 67876,
            "gross_margin": 33.43,
            "gross_margin_4q_avg": 30.79,
            "net_income": 27357,
            "revenue": 203054,
            "common_shares": 367000,
            "book_valuer_per_share": 17.96,
            "book_valuer_per_share_4q_avg": 18.34,
            "equity": 659110,
            "current_ratio": 396.51,
            "debt_ratio": 28.74,
            "inventory_turnover_ratio": 1.38,
            "account_receivable_turnover_ratio": null,
            "reinvestment_rate": 28.22,
            "research_to_sale_ratio": null,
            "price_fair": 99.75,
            "eps_avg_yearly": 2.85,
            "eps_latest_yearly": 3,
            "eps_growth_yearly": 384.72
        },
        "20084": {
            "year_quarter": 20084,
            "year": 2008,
            "quarter": 4,
            "eps": 0.44,
            "eps_growth_year": -38.89,
            "eps_4q": 1.97,
            "eps_4q_growth_year": -41.66,
            "roe": 2.4,
            "roe_4q": 11.2,
            "gross_profit": 47276,
            "gross_margin": 30.09,
            "gross_margin_4q_avg": 30.84,
            "net_income": 16070,
            "revenue": 157133,
            "common_shares": 367000,
            "book_valuer_per_share": 18.52,
            "book_valuer_per_share_4q_avg": 18.2,
            "equity": 679600,
            "current_ratio": 445.7,
            "debt_ratio": 25.11,
            "inventory_turnover_ratio": 1.25,
            "account_receivable_turnover_ratio": 2.3,
            "reinvestment_rate": -20.16,
            "research_to_sale_ratio": null,
            "price_fair": 100.36,
            "eps_avg_yearly": 2.87,
            "eps_latest_yearly": 1.76,
            "eps_growth_yearly": 390.67
        },
        "20091": {
            "year_quarter": 20091,
            "year": 2009,
            "quarter": 1,
            "eps": 0.3,
            "eps_growth_year": 500,
            "eps_4q": 2.22,
            "eps_4q_growth_year": -26.7,
            "roe": 1.6,
            "roe_4q": 12.549999999999999,
            "gross_profit": 36912,
            "gross_margin": 29.37,
            "gross_margin_4q_avg": 31.47,
            "net_income": 11009,
            "revenue": 125671,
            "common_shares": 367000,
            "book_valuer_per_share": 18.99,
            "book_valuer_per_share_4q_avg": 18.28,
            "equity": 696925,
            "current_ratio": 539.59,
            "debt_ratio": 23.49,
            "inventory_turnover_ratio": 1.13,
            "account_receivable_turnover_ratio": 1.02,
            "reinvestment_rate": 26.99,
            "research_to_sale_ratio": null,
            "price_fair": 99.66,
            "eps_avg_yearly": 2.85,
            "eps_latest_yearly": 1.2,
            "eps_growth_yearly": 382.03
        },
        "20092": {
            "year_quarter": 20092,
            "year": 2009,
            "quarter": 2,
            "eps": 0.64,
            "eps_growth_year": -16.88,
            "eps_4q": 2.16,
            "eps_4q_growth_year": -16.81,
            "roe": 3.37,
            "roe_4q": 11.66,
            "gross_profit": 59950,
            "gross_margin": 39.2,
            "gross_margin_4q_avg": 33.02,
            "net_income": 22931,
            "revenue": 152936,
            "common_shares": 367000,
            "book_valuer_per_share": 18.08,
            "book_valuer_per_share_4q_avg": 18.39,
            "equity": 663510,
            "current_ratio": 378.82,
            "debt_ratio": 28.11,
            "inventory_turnover_ratio": 1.28,
            "account_receivable_turnover_ratio": 1.3,
            "reinvestment_rate": 26.93,
            "research_to_sale_ratio": null,
            "price_fair": 98.88,
            "eps_avg_yearly": 2.83,
            "eps_latest_yearly": 2.56,
            "eps_growth_yearly": 387.34
        },
        "20093": {
            "year_quarter": 20093,
            "year": 2009,
            "quarter": 3,
            "eps": 0.79,
            "eps_growth_year": 5.33,
            "eps_4q": 2.17,
            "eps_4q_growth_year": -2.25,
            "roe": 4.24,
            "roe_4q": 11.610000000000001,
            "gross_profit": 67027,
            "gross_margin": 37.7,
            "gross_margin_4q_avg": 34.09,
            "net_income": 28604,
            "revenue": 177795,
            "common_shares": 367000,
            "book_valuer_per_share": 18.7,
            "book_valuer_per_share_4q_avg": 18.57,
            "equity": 686242,
            "current_ratio": 493.3,
            "debt_ratio": 24.45,
            "inventory_turnover_ratio": 1.68,
            "account_receivable_turnover_ratio": 1.38,
            "reinvestment_rate": 25.49,
            "research_to_sale_ratio": null,
            "price_fair": 97.21,
            "eps_avg_yearly": 2.78,
            "eps_latest_yearly": 3.16,
            "eps_growth_yearly": 384.64
        },
        "20094": {
            "year_quarter": 20094,
            "year": 2009,
            "quarter": 4,
            "eps": 0.94,
            "eps_growth_year": 113.64,
            "eps_4q": 2.67,
            "eps_4q_growth_year": 35.44,
            "roe": 4.82,
            "roe_4q": 14.03,
            "gross_profit": 69503,
            "gross_margin": 39.22,
            "gross_margin_4q_avg": 36.37,
            "net_income": 33927,
            "revenue": 177228,
            "common_shares": 367000,
            "book_valuer_per_share": 19.96,
            "book_valuer_per_share_4q_avg": 18.93,
            "equity": 720550,
            "current_ratio": 488.34,
            "debt_ratio": 23.85,
            "inventory_turnover_ratio": 1.6,
            "account_receivable_turnover_ratio": 2.73,
            "reinvestment_rate": 79.47,
            "research_to_sale_ratio": null,
            "price_fair": 98.61,
            "eps_avg_yearly": 2.82,
            "eps_latest_yearly": 3.76,
            "eps_growth_yearly": 394.49
        },
        "20101": {
            "year_quarter": 20101,
            "year": 2010,
            "quarter": 1,
            "eps": 0.4,
            "eps_growth_year": 33.33,
            "eps_4q": 2.77,
            "eps_4q_growth_year": 24.62,
            "roe": 1.98,
            "roe_4q": 14.41,
            "gross_profit": 43546,
            "gross_margin": 32.01,
            "gross_margin_4q_avg": 37.03,
            "net_income": 14351,
            "revenue": 136045,
            "common_shares": 367000,
            "book_valuer_per_share": 20.29,
            "book_valuer_per_share_4q_avg": 19.26,
            "equity": 732460,
            "current_ratio": 510.19,
            "debt_ratio": 23.57,
            "inventory_turnover_ratio": 1.18,
            "account_receivable_turnover_ratio": 1.16,
            "reinvestment_rate": 126.16,
            "research_to_sale_ratio": 1.22,
            "price_fair": 94.94,
            "eps_avg_yearly": 2.71,
            "eps_latest_yearly": 1.6,
            "eps_growth_yearly": 378.84
        },
        "20102": {
            "year_quarter": 20102,
            "year": 2010,
            "quarter": 2,
            "eps": 1.7,
            "eps_growth_year": 166.1,
            "eps_4q": 3.83,
            "eps_4q_growth_year": 77.51,
            "roe": 8.43,
            "roe_4q": 19.47,
            "gross_profit": 98189,
            "gross_margin": 38.71,
            "gross_margin_4q_avg": 36.91,
            "net_income": 61475,
            "revenue": 253625,
            "common_shares": 367000,
            "book_valuer_per_share": 20.11,
            "book_valuer_per_share_4q_avg": 19.77,
            "equity": 725742,
            "current_ratio": 309.5,
            "debt_ratio": 32.53,
            "inventory_turnover_ratio": 1.87,
            "account_receivable_turnover_ratio": 1.69,
            "reinvestment_rate": 123.07,
            "research_to_sale_ratio": 0.57,
            "price_fair": 100.98,
            "eps_avg_yearly": 2.89,
            "eps_latest_yearly": 6.8,
            "eps_growth_yearly": 454.3
        },
        "20103": {
            "year_quarter": 20103,
            "year": 2010,
            "quarter": 3,
            "eps": 1.17,
            "eps_growth_year": 47.84,
            "eps_4q": 4.21,
            "eps_4q_growth_year": 93.83,
            "roe": 5.67,
            "roe_4q": 20.9,
            "gross_profit": 91462,
            "gross_margin": 41.92,
            "gross_margin_4q_avg": 37.97,
            "net_income": 42158,
            "revenue": 218187,
            "common_shares": 367000,
            "book_valuer_per_share": 21.06,
            "book_valuer_per_share_4q_avg": 20.36,
            "equity": 760031,
            "current_ratio": 424.78,
            "debt_ratio": 25,
            "inventory_turnover_ratio": 1.71,
            "account_receivable_turnover_ratio": 1.15,
            "reinvestment_rate": 102.29,
            "research_to_sale_ratio": 0.76,
            "price_fair": 102.03,
            "eps_avg_yearly": 2.92,
            "eps_latest_yearly": 4.68,
            "eps_growth_yearly": 445.52
        },
        "20104": {
            "year_quarter": 20104,
            "year": 2010,
            "quarter": 4,
            "eps": 0.25,
            "eps_growth_year": -73.63,
            "eps_4q": 3.52,
            "eps_4q_growth_year": 31.58,
            "roe": 1.18,
            "roe_4q": 17.259999999999998,
            "gross_profit": 67887,
            "gross_margin": 39.01,
            "gross_margin_4q_avg": 37.91,
            "net_income": 8949,
            "revenue": 174046,
            "common_shares": 367000,
            "book_valuer_per_share": 20.87,
            "book_valuer_per_share_4q_avg": 20.58,
            "equity": 753439,
            "current_ratio": 446.14,
            "debt_ratio": 24.76,
            "inventory_turnover_ratio": 1.48,
            "account_receivable_turnover_ratio": 1.05,
            "reinvestment_rate": 63.68,
            "research_to_sale_ratio": 0.8,
            "price_fair": 102.11,
            "eps_avg_yearly": 2.92,
            "eps_latest_yearly": 1,
            "eps_growth_yearly": 445.15
        },
        "20111": {
            "year_quarter": 20111,
            "year": 2011,
            "quarter": 1,
            "eps": 0.59,
            "eps_growth_year": 47.5,
            "eps_4q": 3.71,
            "eps_4q_growth_year": 34.08,
            "roe": 2.8,
            "roe_4q": 18.08,
            "gross_profit": 51407,
            "gross_margin": 31.33,
            "gross_margin_4q_avg": 37.74,
            "net_income": 21250,
            "revenue": 164075,
            "common_shares": 367000,
            "book_valuer_per_share": 21.23,
            "book_valuer_per_share_4q_avg": 20.82,
            "equity": 766165,
            "current_ratio": 443.92,
            "debt_ratio": 24.43,
            "inventory_turnover_ratio": 1.5,
            "account_receivable_turnover_ratio": 1.12,
            "reinvestment_rate": 96.39,
            "research_to_sale_ratio": 0.99,
            "price_fair": 102.2,
            "eps_avg_yearly": 2.92,
            "eps_latest_yearly": 2.36,
            "eps_growth_yearly": 443.73
        },
        "20112": {
            "year_quarter": 20112,
            "year": 2011,
            "quarter": 2,
            "eps": 0.85,
            "eps_growth_year": -50.09,
            "eps_4q": 2.85,
            "eps_4q_growth_year": -25.53,
            "roe": 4.15,
            "roe_4q": 13.8,
            "gross_profit": 83046,
            "gross_margin": 36.63,
            "gross_margin_4q_avg": 37.22,
            "net_income": 30680,
            "revenue": 226736,
            "common_shares": 367000,
            "book_valuer_per_share": 19.75,
            "book_valuer_per_share_4q_avg": 20.73,
            "equity": 712907,
            "current_ratio": 300.18,
            "debt_ratio": 33.28,
            "inventory_turnover_ratio": 1.78,
            "account_receivable_turnover_ratio": 1.36,
            "reinvestment_rate": 97.56,
            "research_to_sale_ratio": 0.75,
            "price_fair": 100.01,
            "eps_avg_yearly": 2.86,
            "eps_latest_yearly": 3.4,
            "eps_growth_yearly": 432.33
        },
        "20113": {
            "year_quarter": 20113,
            "year": 2011,
            "quarter": 3,
            "eps": 0.8,
            "eps_growth_year": -31.78,
            "eps_4q": 2.48,
            "eps_4q_growth_year": -40.99,
            "roe": 3.91,
            "roe_4q": 12.04,
            "gross_profit": 61042,
            "gross_margin": 30.91,
            "gross_margin_4q_avg": 34.47,
            "net_income": 28760,
            "revenue": 197498,
            "common_shares": 367000,
            "book_valuer_per_share": 21.02,
            "book_valuer_per_share_4q_avg": 20.72,
            "equity": 758892,
            "current_ratio": 471.48,
            "debt_ratio": 23.68,
            "inventory_turnover_ratio": 1.57,
            "account_receivable_turnover_ratio": 1.09,
            "reinvestment_rate": 107.02,
            "research_to_sale_ratio": 0.97,
            "price_fair": 97.65,
            "eps_avg_yearly": 2.79,
            "eps_latest_yearly": 3.2,
            "eps_growth_yearly": 431.54
        },
        "20114": {
            "year_quarter": 20114,
            "year": 2011,
            "quarter": 4,
            "eps": 0.5,
            "eps_growth_year": 103.6,
            "eps_4q": 2.74,
            "eps_4q_growth_year": -22.08,
            "roe": 2.37,
            "roe_4q": 13.23,
            "gross_profit": 52505,
            "gross_margin": 34.11,
            "gross_margin_4q_avg": 33.25,
            "net_income": 18220,
            "revenue": 153929,
            "common_shares": 361920,
            "book_valuer_per_share": 21.55,
            "book_valuer_per_share_4q_avg": 20.89,
            "equity": 777742,
            "current_ratio": 584.23,
            "debt_ratio": 20.4,
            "inventory_turnover_ratio": 1.24,
            "account_receivable_turnover_ratio": 1,
            "reinvestment_rate": 76.44,
            "research_to_sale_ratio": 1.2,
            "price_fair": 95.73,
            "eps_avg_yearly": 2.74,
            "eps_latest_yearly": 2,
            "eps_growth_yearly": 430.35
        },
        "20121": {
            "year_quarter": 20121,
            "year": 2012,
            "quarter": 1,
            "eps": 0.31,
            "eps_growth_year": -47.46,
            "eps_4q": 2.46,
            "eps_4q_growth_year": -33.74,
            "roe": 1.41,
            "roe_4q": 11.84,
            "gross_profit": 44502,
            "gross_margin": 29.65,
            "gross_margin_4q_avg": 32.83,
            "net_income": 11014,
            "revenue": 150114,
            "common_shares": 360970,
            "book_valuer_per_share": 21.65,
            "book_valuer_per_share_4q_avg": 20.99,
            "equity": 781410,
            "current_ratio": 565.69,
            "debt_ratio": 21.16,
            "inventory_turnover_ratio": 1.36,
            "account_receivable_turnover_ratio": 1.12,
            "reinvestment_rate": 75.67,
            "research_to_sale_ratio": 1.03,
            "price_fair": 98,
            "eps_avg_yearly": 2.8,
            "eps_latest_yearly": 1.24,
            "eps_growth_yearly": 444.11
        },
        "20122": {
            "year_quarter": 20122,
            "year": 2012,
            "quarter": 2,
            "eps": 0.52,
            "eps_growth_year": -38.67,
            "eps_4q": 2.13,
            "eps_4q_growth_year": -25.45,
            "roe": 2.46,
            "roe_4q": 10.15,
            "gross_profit": 58006,
            "gross_margin": 30.75,
            "gross_margin_4q_avg": 31.36,
            "net_income": 18815,
            "revenue": 188622,
            "common_shares": 360970,
            "book_valuer_per_share": 20.66,
            "book_valuer_per_share_4q_avg": 21.22,
            "equity": 745824,
            "current_ratio": 363.84,
            "debt_ratio": 28.74,
            "inventory_turnover_ratio": 1.69,
            "account_receivable_turnover_ratio": 1.35,
            "reinvestment_rate": 83,
            "research_to_sale_ratio": 1.16,
            "price_fair": 95.81,
            "eps_avg_yearly": 2.74,
            "eps_latest_yearly": 2.08,
            "eps_growth_yearly": 101.05
        },
        "20123": {
            "year_quarter": 20123,
            "year": 2012,
            "quarter": 3,
            "eps": 0.81,
            "eps_growth_year": 1.73,
            "eps_4q": 2.14,
            "eps_4q_growth_year": -13.76,
            "roe": 3.86,
            "roe_4q": 10.100000000000001,
            "gross_profit": 65406,
            "gross_margin": 33.3,
            "gross_margin_4q_avg": 31.95,
            "net_income": 29257,
            "revenue": 196422,
            "common_shares": 360970,
            "book_valuer_per_share": 21.34,
            "book_valuer_per_share_4q_avg": 21.3,
            "equity": 770223,
            "current_ratio": 369.58,
            "debt_ratio": 28.7,
            "inventory_turnover_ratio": 1.85,
            "account_receivable_turnover_ratio": 1.34,
            "reinvestment_rate": 85.73,
            "research_to_sale_ratio": 1.37,
            "price_fair": 96.34,
            "eps_avg_yearly": 2.75,
            "eps_latest_yearly": 3.24,
            "eps_growth_yearly": 115.64
        },
        "20124": {
            "year_quarter": 20124,
            "year": 2012,
            "quarter": 4,
            "eps": 0.38,
            "eps_growth_year": -24.04,
            "eps_4q": 2.02,
            "eps_4q_growth_year": -26.27,
            "roe": 1.79,
            "roe_4q": 9.52,
            "gross_profit": 47947,
            "gross_margin": 30.21,
            "gross_margin_4q_avg": 30.98,
            "net_income": 13840,
            "revenue": 158701,
            "common_shares": 360970,
            "book_valuer_per_share": 21.6,
            "book_valuer_per_share_4q_avg": 21.31,
            "equity": 779851,
            "current_ratio": 547.7,
            "debt_ratio": 22.29,
            "inventory_turnover_ratio": 1.75,
            "account_receivable_turnover_ratio": 1.17,
            "reinvestment_rate": 79.42,
            "research_to_sale_ratio": 2.35,
            "price_fair": 95.81,
            "eps_avg_yearly": 2.74,
            "eps_latest_yearly": 1.52,
            "eps_growth_yearly": 112.7
        },
        "20131": {
            "year_quarter": 20131,
            "year": 2013,
            "quarter": 1,
            "eps": 0.37,
            "eps_growth_year": 19.35,
            "eps_4q": 2.09,
            "eps_4q_growth_year": -15.03,
            "roe": 1.71,
            "roe_4q": 9.82,
            "gross_profit": 32625,
            "gross_margin": 25.83,
            "gross_margin_4q_avg": 30.02,
            "net_income": 13430,
            "revenue": 126296,
            "common_shares": 360970,
            "book_valuer_per_share": 21.97,
            "book_valuer_per_share_4q_avg": 21.39,
            "equity": 793076,
            "current_ratio": 566.98,
            "debt_ratio": 22.55,
            "inventory_turnover_ratio": 1.35,
            "account_receivable_turnover_ratio": 1.12,
            "reinvestment_rate": -8.14,
            "research_to_sale_ratio": 2.68,
            "price_fair": 96.43,
            "eps_avg_yearly": 2.76,
            "eps_latest_yearly": 1.48,
            "eps_growth_yearly": 120
        },
        "20132": {
            "year_quarter": 20132,
            "year": 2013,
            "quarter": 2,
            "eps": 0.89,
            "eps_growth_year": 70.75,
            "eps_4q": 2.46,
            "eps_4q_growth_year": 15.38,
            "roe": 4.05,
            "roe_4q": 11.41,
            "gross_profit": 64431,
            "gross_margin": 31.19,
            "gross_margin_4q_avg": 30.13,
            "net_income": 32097,
            "revenue": 206585,
            "common_shares": 360970,
            "book_valuer_per_share": 21.95,
            "book_valuer_per_share_4q_avg": 21.72,
            "equity": 792310,
            "current_ratio": 451.23,
            "debt_ratio": 25.31,
            "inventory_turnover_ratio": 1.98,
            "account_receivable_turnover_ratio": 1.63,
            "reinvestment_rate": -7.63,
            "research_to_sale_ratio": 1.53,
            "price_fair": 98.61,
            "eps_avg_yearly": 2.82,
            "eps_latest_yearly": 3.56,
            "eps_growth_yearly": 126.8
        },
        "20133": {
            "year_quarter": 20133,
            "year": 2013,
            "quarter": 3,
            "eps": 0.42,
            "eps_growth_year": -48.18,
            "eps_4q": 2.06,
            "eps_4q_growth_year": -3.82,
            "roe": 1.88,
            "roe_4q": 9.43,
            "gross_profit": 48513,
            "gross_margin": 28.4,
            "gross_margin_4q_avg": 28.91,
            "net_income": 14987,
            "revenue": 170840,
            "common_shares": 360970,
            "book_valuer_per_share": 22.26,
            "book_valuer_per_share_4q_avg": 21.95,
            "equity": 803384,
            "current_ratio": 557.2,
            "debt_ratio": 22.15,
            "inventory_turnover_ratio": 1.85,
            "account_receivable_turnover_ratio": 1.22,
            "reinvestment_rate": -7.09,
            "research_to_sale_ratio": 1.8,
            "price_fair": 95.38,
            "eps_avg_yearly": 2.73,
            "eps_latest_yearly": 1.68,
            "eps_growth_yearly": 107.74
        },
        "20134": {
            "year_quarter": 20134,
            "year": 2013,
            "quarter": 4,
            "eps": 0.63,
            "eps_growth_year": 64.88,
            "eps_4q": 2.31,
            "eps_4q_growth_year": 14.27,
            "roe": 2.79,
            "roe_4q": 10.43,
            "gross_profit": 49519,
            "gross_margin": 30.28,
            "gross_margin_4q_avg": 28.93,
            "net_income": 22820,
            "revenue": 163535,
            "common_shares": 360970,
            "book_valuer_per_share": 23.02,
            "book_valuer_per_share_4q_avg": 22.3,
            "equity": 830965,
            "current_ratio": 574.38,
            "debt_ratio": 21.6,
            "inventory_turnover_ratio": 1.68,
            "account_receivable_turnover_ratio": 1.36,
            "reinvestment_rate": -104.6,
            "research_to_sale_ratio": 2.01,
            "price_fair": 92.66,
            "eps_avg_yearly": 2.65,
            "eps_latest_yearly": 2.52,
            "eps_growth_yearly": 115.49
        },
        "20141": {
            "year_quarter": 20141,
            "year": 2014,
            "quarter": 1,
            "eps": 0.32,
            "eps_growth_year": -13.51,
            "eps_4q": 2.26,
            "eps_4q_growth_year": 8.3,
            "roe": 1.39,
            "roe_4q": 10.11,
            "gross_profit": 42186,
            "gross_margin": 26.97,
            "gross_margin_4q_avg": 29.21,
            "net_income": 11689,
            "revenue": 156400,
            "common_shares": 360970,
            "book_valuer_per_share": 23.43,
            "book_valuer_per_share_4q_avg": 22.67,
            "equity": 845652,
            "current_ratio": 603.57,
            "debt_ratio": 20.16,
            "inventory_turnover_ratio": 1.63,
            "account_receivable_turnover_ratio": 1.41,
            "reinvestment_rate": -103.87,
            "research_to_sale_ratio": 3.13,
            "price_fair": 91.96,
            "eps_avg_yearly": 2.63,
            "eps_latest_yearly": 1.28,
            "eps_growth_yearly": 117.55
        },
        "20142": {
            "year_quarter": 20142,
            "year": 2014,
            "quarter": 2,
            "eps": 0.24,
            "eps_growth_year": -73.03,
            "eps_4q": 1.61,
            "eps_4q_growth_year": -34.51,
            "roe": 1.03,
            "roe_4q": 7.09,
            "gross_profit": 49996,
            "gross_margin": 28.94,
            "gross_margin_4q_avg": 28.65,
            "net_income": 8541,
            "revenue": 172781,
            "common_shares": 360970,
            "book_valuer_per_share": 22.42,
            "book_valuer_per_share_4q_avg": 22.78,
            "equity": 809241,
            "current_ratio": 462.7,
            "debt_ratio": 24.19,
            "inventory_turnover_ratio": 1.81,
            "account_receivable_turnover_ratio": 1.55,
            "reinvestment_rate": -127.02,
            "research_to_sale_ratio": 2.18,
            "price_fair": 79.19,
            "eps_avg_yearly": 2.26,
            "eps_latest_yearly": 0.96,
            "eps_growth_yearly": 30.05
        },
        "20143": {
            "year_quarter": 20143,
            "year": 2014,
            "quarter": 3,
            "eps": 0.69,
            "eps_growth_year": 64.29,
            "eps_4q": 1.89,
            "eps_4q_growth_year": -8.38,
            "roe": 3.04,
            "roe_4q": 8.25,
            "gross_profit": 49189,
            "gross_margin": 28.14,
            "gross_margin_4q_avg": 28.58,
            "net_income": 25074,
            "revenue": 174812,
            "common_shares": 360970,
            "book_valuer_per_share": 23.27,
            "book_valuer_per_share_4q_avg": 23.04,
            "equity": 839911,
            "current_ratio": 622.18,
            "debt_ratio": 19.94,
            "inventory_turnover_ratio": 2.04,
            "account_receivable_turnover_ratio": 1.48,
            "reinvestment_rate": -108.61,
            "research_to_sale_ratio": 2.34,
            "price_fair": 74.99,
            "eps_avg_yearly": 2.14,
            "eps_latest_yearly": 2.76,
            "eps_growth_yearly": 84.72
        },
        "20144": {
            "year_quarter": 20144,
            "year": 2014,
            "quarter": 4,
            "eps": 0.56,
            "eps_growth_year": -11.12,
            "eps_4q": 1.82,
            "eps_4q_growth_year": -21.3,
            "roe": 2.37,
            "roe_4q": 7.83,
            "gross_profit": 35718,
            "gross_margin": 24.79,
            "gross_margin_4q_avg": 27.21,
            "net_income": 20282,
            "revenue": 144092,
            "common_shares": 360970,
            "book_valuer_per_share": 24.12,
            "book_valuer_per_share_4q_avg": 23.31,
            "equity": 870747,
            "current_ratio": 642.92,
            "debt_ratio": 19.41,
            "inventory_turnover_ratio": 1.81,
            "account_receivable_turnover_ratio": 1.25,
            "reinvestment_rate": -100,
            "research_to_sale_ratio": 4.28,
            "price_fair": 77.7,
            "eps_avg_yearly": 2.22,
            "eps_latest_yearly": 2.24,
            "eps_growth_yearly": 99.67
        },
        "20151": {
            "year_quarter": 20151,
            "year": 2015,
            "quarter": 1,
            "eps": 0.09,
            "eps_growth_year": -71.88,
            "eps_4q": 1.59,
            "eps_4q_growth_year": -29.83,
            "roe": 0.39,
            "roe_4q": 6.830000000000001,
            "gross_profit": 29043,
            "gross_margin": 22.76,
            "gross_margin_4q_avg": 26.16,
            "net_income": 3356,
            "revenue": 127631,
            "common_shares": 360970,
            "book_valuer_per_share": 24.13,
            "book_valuer_per_share_4q_avg": 23.49,
            "equity": 871097,
            "current_ratio": 677.69,
            "debt_ratio": 18.54,
            "inventory_turnover_ratio": 1.61,
            "account_receivable_turnover_ratio": 1.28,
            "reinvestment_rate": -101.91,
            "research_to_sale_ratio": 3.18,
            "price_fair": 73.33,
            "eps_avg_yearly": 2.1,
            "eps_latest_yearly": 0.36,
            "eps_growth_yearly": 44.68
        },
        "20152": {
            "year_quarter": 20152,
            "year": 2015,
            "quarter": 2,
            "eps": 0.43,
            "eps_growth_year": 79.17,
            "eps_4q": 1.78,
            "eps_4q_growth_year": 10.87,
            "roe": 1.82,
            "roe_4q": 7.62,
            "gross_profit": 49750,
            "gross_margin": 27.32,
            "gross_margin_4q_avg": 25.75,
            "net_income": 15634,
            "revenue": 182076,
            "common_shares": 360970,
            "book_valuer_per_share": 23.48,
            "book_valuer_per_share_4q_avg": 23.75,
            "equity": 847521,
            "current_ratio": 512.84,
            "debt_ratio": 22.07,
            "inventory_turnover_ratio": 2.25,
            "account_receivable_turnover_ratio": 1.76,
            "reinvestment_rate": -104.6,
            "research_to_sale_ratio": 3.22,
            "price_fair": 69.65,
            "eps_avg_yearly": 1.99,
            "eps_latest_yearly": 1.72,
            "eps_growth_yearly": 128.11
        },
        "20153": {
            "year_quarter": 20153,
            "year": 2015,
            "quarter": 3,
            "eps": 0.5,
            "eps_growth_year": -27.54,
            "eps_4q": 1.59,
            "eps_4q_growth_year": -15.63,
            "roe": 2.1,
            "roe_4q": 6.68,
            "gross_profit": 43940,
            "gross_margin": 28.7,
            "gross_margin_4q_avg": 25.89,
            "net_income": 18204,
            "revenue": 153117,
            "common_shares": 360970,
            "book_valuer_per_share": 24.48,
            "book_valuer_per_share_4q_avg": 24.05,
            "equity": 883691,
            "current_ratio": 698.06,
            "debt_ratio": 18.15,
            "inventory_turnover_ratio": 1.89,
            "account_receivable_turnover_ratio": 1.41,
            "reinvestment_rate": -114.75,
            "research_to_sale_ratio": 8.7,
            "price_fair": 67.03,
            "eps_avg_yearly": 1.92,
            "eps_latest_yearly": 2,
            "eps_growth_yearly": 133.65
        },
        "20154": {
            "year_quarter": 20154,
            "year": 2015,
            "quarter": 4,
            "eps": 0.07,
            "eps_growth_year": -87.24,
            "eps_4q": 1.1,
            "eps_4q_growth_year": -39.34,
            "roe": 0.29,
            "roe_4q": 4.6,
            "gross_profit": 34164,
            "gross_margin": 25.08,
            "gross_margin_4q_avg": 25.97,
            "net_income": 2589,
            "revenue": 136206,
            "common_shares": 360970,
            "book_valuer_per_share": 24.4,
            "book_valuer_per_share_4q_avg": 24.12,
            "equity": 880939,
            "current_ratio": 733.5,
            "debt_ratio": 17.88,
            "inventory_turnover_ratio": 1.78,
            "account_receivable_turnover_ratio": 1.44,
            "reinvestment_rate": -117.47,
            "research_to_sale_ratio": 5.5,
            "price_fair": 63.26,
            "eps_avg_yearly": 1.81,
            "eps_latest_yearly": 0.28,
            "eps_growth_yearly": 121.53
        },
        "20161": {
            "year_quarter": 20161,
            "year": 2016,
            "quarter": 1,
            "eps": -0.01,
            "eps_growth_year": -111.11,
            "eps_4q": 0.99,
            "eps_4q_growth_year": -37.31,
            "roe": -0.06,
            "roe_4q": 4.15,
            "gross_profit": 34093,
            "gross_margin": 24.65,
            "gross_margin_4q_avg": 26.44,
            "net_income": -534,
            "revenue": 138311,
            "common_shares": 360970,
            "book_valuer_per_share": 24.18,
            "book_valuer_per_share_4q_avg": 24.14,
            "equity": 872939,
            "current_ratio": 717.4,
            "debt_ratio": 18.04,
            "inventory_turnover_ratio": 1.84,
            "account_receivable_turnover_ratio": 1.63,
            "reinvestment_rate": -118.67,
            "research_to_sale_ratio": 6.97,
            "price_fair": 64.59,
            "eps_avg_yearly": 1.85,
            "eps_latest_yearly": 0.28,
            "eps_growth_yearly": 139.76
        },
        "20162": {
            "year_quarter": 20162,
            "year": 2016,
            "quarter": 2,
            "eps": 0.71,
            "eps_growth_year": 65.12,
            "eps_4q": 1.27,
            "eps_4q_growth_year": -28.7,
            "roe": 2.94,
            "roe_4q": 5.27,
            "gross_profit": 55817,
            "gross_margin": 31.42,
            "gross_margin_4q_avg": 27.46,
            "net_income": 25622,
            "revenue": 177637,
            "common_shares": 360970,
            "book_valuer_per_share": 24.11,
            "book_valuer_per_share_4q_avg": 24.29,
            "equity": 870399,
            "current_ratio": 590.99,
            "debt_ratio": 20.07,
            "inventory_turnover_ratio": 2.29,
            "account_receivable_turnover_ratio": 1.91,
            "reinvestment_rate": -124.84,
            "research_to_sale_ratio": 2.29,
            "price_fair": 64,
            "eps_avg_yearly": 1.83,
            "eps_latest_yearly": 0.28,
            "eps_growth_yearly": 130.39
        },
        "20163": {
            "year_quarter": 20163,
            "year": 2016,
            "quarter": 3,
            "eps": 0.35,
            "eps_growth_year": -30,
            "eps_4q": 1.11,
            "eps_4q_growth_year": -30.17,
            "roe": 1.43,
            "roe_4q": 4.6000000000000005,
            "gross_profit": 45273,
            "gross_margin": 29.1,
            "gross_margin_4q_avg": 27.56,
            "net_income": 12456,
            "revenue": 155600,
            "common_shares": 360970,
            "book_valuer_per_share": 24.19,
            "book_valuer_per_share_4q_avg": 24.22,
            "equity": 873328,
            "current_ratio": 762.06,
            "debt_ratio": 17.4,
            "inventory_turnover_ratio": 2.29,
            "account_receivable_turnover_ratio": 1.49,
            "reinvestment_rate": -140.88,
            "research_to_sale_ratio": 2.7,
            "price_fair": 59.4,
            "eps_avg_yearly": 1.7,
            "eps_latest_yearly": 1.4,
            "eps_growth_yearly": 99.97
        },
        "20164": {
            "year_quarter": 20164,
            "year": 2016,
            "quarter": 4,
            "eps": 0.4,
            "eps_growth_year": 458.87,
            "eps_4q": 1.44,
            "eps_4q_growth_year": 30.74,
            "roe": 1.64,
            "roe_4q": 5.95,
            "gross_profit": 43769,
            "gross_margin": 30.48,
            "gross_margin_4q_avg": 28.91,
            "net_income": 14469,
            "revenue": 143579,
            "common_shares": 360970,
            "book_valuer_per_share": 24.73,
            "book_valuer_per_share_4q_avg": 24.3,
            "equity": 892617,
            "current_ratio": 720.69,
            "debt_ratio": 17.94,
            "inventory_turnover_ratio": 2.03,
            "account_receivable_turnover_ratio": 1.42,
            "reinvestment_rate": -129.68,
            "research_to_sale_ratio": 5.28,
            "price_fair": 59.6,
            "eps_avg_yearly": 1.7,
            "eps_latest_yearly": 1.6,
            "eps_growth_yearly": 119.22
        },
        "20171": {
            "year_quarter": 20171,
            "year": 2017,
            "quarter": 1,
            "eps": 0.18,
            "eps_growth_year": null,
            "eps_4q": 1.64,
            "eps_4q_growth_year": 64.52,
            "roe": 0.73,
            "roe_4q": 6.74,
            "gross_profit": 39826,
            "gross_margin": 29.6,
            "gross_margin_4q_avg": 30.15,
            "net_income": 6503,
            "revenue": 134570,
            "common_shares": 360970,
            "book_valuer_per_share": 24.38,
            "book_valuer_per_share_4q_avg": 24.35,
            "equity": 880213,
            "current_ratio": 733.12,
            "debt_ratio": 17.82,
            "inventory_turnover_ratio": 1.89,
            "account_receivable_turnover_ratio": 1.46,
            "reinvestment_rate": 13.1,
            "research_to_sale_ratio": 3.34,
            "price_fair": 57.7,
            "eps_avg_yearly": 1.65,
            "eps_latest_yearly": 0.72,
            "eps_growth_yearly": 104.26
        },
        "20172": {
            "year_quarter": 20172,
            "year": 2017,
            "quarter": 2,
            "eps": 0.68,
            "eps_growth_year": -4.23,
            "eps_4q": 1.61,
            "eps_4q_growth_year": 26.49,
            "roe": 2.81,
            "roe_4q": 6.609999999999999,
            "gross_profit": 53722,
            "gross_margin": 31.07,
            "gross_margin_4q_avg": 30.06,
            "net_income": 24606,
            "revenue": 172929,
            "common_shares": 360970,
            "book_valuer_per_share": 24.11,
            "book_valuer_per_share_4q_avg": 24.35,
            "equity": 870456,
            "current_ratio": 540.56,
            "debt_ratio": 21.38,
            "inventory_turnover_ratio": 2.44,
            "account_receivable_turnover_ratio": 1.76,
            "reinvestment_rate": 12.4,
            "research_to_sale_ratio": 3.35,
            "price_fair": 55.6,
            "eps_avg_yearly": 1.59,
            "eps_latest_yearly": 2.72,
            "eps_growth_yearly": 143.47
        },
        "20173": {
            "year_quarter": 20173,
            "year": 2017,
            "quarter": 3,
            "eps": 0.49,
            "eps_growth_year": 40,
            "eps_4q": 1.75,
            "eps_4q_growth_year": 57.3,
            "roe": 2,
            "roe_4q": 7.180000000000001,
            "gross_profit": 46104,
            "gross_margin": 28.35,
            "gross_margin_4q_avg": 29.88,
            "net_income": 17551,
            "revenue": 162637,
            "common_shares": 360970,
            "book_valuer_per_share": 24.62,
            "book_valuer_per_share_4q_avg": 24.46,
            "equity": 888605,
            "current_ratio": 699.31,
            "debt_ratio": 18.06,
            "inventory_turnover_ratio": 2.32,
            "account_receivable_turnover_ratio": 1.49,
            "reinvestment_rate": 17.15,
            "research_to_sale_ratio": 2.51,
            "price_fair": 56.3,
            "eps_avg_yearly": 1.61,
            "eps_latest_yearly": 1.96,
            "eps_growth_yearly": 150.57
        },
        "20174": {
            "year_quarter": 20174,
            "year": 2017,
            "quarter": 4,
            "eps": 0.18,
            "eps_growth_year": -55.51,
            "eps_4q": 1.53,
            "eps_4q_growth_year": 5.93,
            "roe": 0.72,
            "roe_4q": 6.26,
            "gross_profit": 38099,
            "gross_margin": 25.84,
            "gross_margin_4q_avg": 28.72,
            "net_income": 6437,
            "revenue": 147438,
            "common_shares": 360970,
            "book_valuer_per_share": 24.72,
            "book_valuer_per_share_4q_avg": 24.46,
            "equity": 892293,
            "current_ratio": 660.21,
            "debt_ratio": 18.6,
            "inventory_turnover_ratio": 2.14,
            "account_receivable_turnover_ratio": 1.46,
            "reinvestment_rate": 27.02,
            "research_to_sale_ratio": 3.23,
            "price_fair": 51.8,
            "eps_avg_yearly": 1.48,
            "eps_latest_yearly": 0.72,
            "eps_growth_yearly": 118.21
        },
        "20181": {
            "year_quarter": 20181,
            "year": 2018,
            "quarter": 1,
            "eps": -0.18,
            "eps_growth_year": -200,
            "eps_4q": 1.16,
            "eps_4q_growth_year": -28.87,
            "roe": -0.74,
            "roe_4q": 4.79,
            "gross_profit": 29323,
            "gross_margin": 23.38,
            "gross_margin_4q_avg": 27.16,
            "net_income": -6593,
            "revenue": 125401,
            "common_shares": 360970,
            "book_valuer_per_share": 24.46,
            "book_valuer_per_share_4q_avg": 24.48,
            "equity": 882829,
            "current_ratio": 721.16,
            "debt_ratio": 18.74,
            "inventory_turnover_ratio": 1.84,
            "account_receivable_turnover_ratio": 1.42,
            "reinvestment_rate": 24.13,
            "research_to_sale_ratio": 3.82,
            "price_fair": 52.34,
            "eps_avg_yearly": 1.5,
            "eps_latest_yearly": 0.72,
            "eps_growth_yearly": 142.44
        },
        "20182": {
            "year_quarter": 20182,
            "year": 2018,
            "quarter": 2,
            "eps": 0.56,
            "eps_growth_year": -17.65,
            "eps_4q": 1.04,
            "eps_4q_growth_year": -35.18,
            "roe": 2.31,
            "roe_4q": 4.29,
            "gross_profit": 42965,
            "gross_margin": 23.84,
            "gross_margin_4q_avg": 25.35,
            "net_income": 20221,
            "revenue": 180199,
            "common_shares": 360970,
            "book_valuer_per_share": 24.14,
            "book_valuer_per_share_4q_avg": 24.49,
            "equity": 871254,
            "current_ratio": 515.46,
            "debt_ratio": 22.93,
            "inventory_turnover_ratio": 2.7,
            "account_receivable_turnover_ratio": 1.72,
            "reinvestment_rate": 20.26,
            "research_to_sale_ratio": 2.6,
            "price_fair": 53.9,
            "eps_avg_yearly": 1.54,
            "eps_latest_yearly": 0.72,
            "eps_growth_yearly": 162.65
        },
        "20183": {
            "year_quarter": 20183,
            "year": 2018,
            "quarter": 3,
            "eps": 0.58,
            "eps_growth_year": 18.37,
            "eps_4q": 1.14,
            "eps_4q_growth_year": -35.05,
            "roe": 2.38,
            "roe_4q": 4.669999999999999,
            "gross_profit": 50900,
            "gross_margin": 30.71,
            "gross_margin_4q_avg": 25.94,
            "net_income": 20935,
            "revenue": 165718,
            "common_shares": 360970,
            "book_valuer_per_share": 24.63,
            "book_valuer_per_share_4q_avg": 24.49,
            "equity": 888892,
            "current_ratio": 750.18,
            "debt_ratio": 18.64,
            "inventory_turnover_ratio": 2.45,
            "account_receivable_turnover_ratio": 1.37,
            "reinvestment_rate": 16.99,
            "research_to_sale_ratio": 2.98,
            "price_fair": 52.62,
            "eps_avg_yearly": 1.5,
            "eps_latest_yearly": 2.32,
            "eps_growth_yearly": 101.34
        },
        "20184": {
            "year_quarter": 20184,
            "year": 2018,
            "quarter": 4,
            "eps": 0.3,
            "eps_growth_year": 70.28,
            "eps_4q": 1.26,
            "eps_4q_growth_year": -17.37,
            "roe": 1.22,
            "roe_4q": 5.17,
            "gross_profit": 36949,
            "gross_margin": 28.15,
            "gross_margin_4q_avg": 26.52,
            "net_income": 10961,
            "revenue": 131235,
            "common_shares": 360970,
            "book_valuer_per_share": 24.97,
            "book_valuer_per_share_4q_avg": 24.55,
            "equity": 901279,
            "current_ratio": 826.66,
            "debt_ratio": 17.76,
            "inventory_turnover_ratio": 2.09,
            "account_receivable_turnover_ratio": 1.33,
            "reinvestment_rate": 18.22,
            "research_to_sale_ratio": 3.21,
            "price_fair": 49.58,
            "eps_avg_yearly": 1.42,
            "eps_latest_yearly": 1.2,
            "eps_growth_yearly": 91.53
        },
        "20191": {
            "year_quarter": 20191,
            "year": 2019,
            "quarter": 1,
            "eps": 0.08,
            "eps_growth_year": null,
            "eps_4q": 1.52,
            "eps_4q_growth_year": 30.61,
            "roe": 0.3,
            "roe_4q": 6.21,
            "gross_profit": 18976,
            "gross_margin": 16.81,
            "gross_margin_4q_avg": 24.88,
            "net_income": 2739,
            "revenue": 112860,
            "common_shares": 360970,
            "book_valuer_per_share": 25.12,
            "book_valuer_per_share_4q_avg": 24.72,
            "equity": 906598,
            "current_ratio": 738.86,
            "debt_ratio": 18.63,
            "inventory_turnover_ratio": 2.08,
            "account_receivable_turnover_ratio": 1.44,
            "reinvestment_rate": -0.2,
            "research_to_sale_ratio": 3.76,
            "price_fair": 49.47,
            "eps_avg_yearly": 1.41,
            "eps_latest_yearly": 0.32,
            "eps_growth_yearly": 95.06
        },
        "20192": {
            "year_quarter": 20192,
            "year": 2019,
            "quarter": 2,
            "eps": 0.23,
            "eps_growth_year": -58.93,
            "eps_4q": 1.19,
            "eps_4q_growth_year": 14.41,
            "roe": 0.94,
            "roe_4q": 4.84,
            "gross_profit": 32315,
            "gross_margin": 23.49,
            "gross_margin_4q_avg": 24.79,
            "net_income": 8400,
            "revenue": 137572,
            "common_shares": 360970,
            "book_valuer_per_share": 24.42,
            "book_valuer_per_share_4q_avg": 24.79,
            "equity": 881501,
            "current_ratio": 577.72,
            "debt_ratio": 21.42,
            "inventory_turnover_ratio": 2.29,
            "account_receivable_turnover_ratio": 1.63,
            "reinvestment_rate": -6.04,
            "research_to_sale_ratio": 3.26,
            "price_fair": 47.13,
            "eps_avg_yearly": 1.35,
            "eps_latest_yearly": 0.92,
            "eps_growth_yearly": 31.63
        },
        "20193": {
            "year_quarter": 20193,
            "year": 2019,
            "quarter": 3,
            "eps": 0.37,
            "eps_growth_year": -36.21,
            "eps_4q": 1.4,
            "eps_4q_growth_year": 23.16,
            "roe": 1.25,
            "roe_4q": 3.71,
            "gross_profit": 34578,
            "gross_margin": 24.85,
            "gross_margin_4q_avg": 23.33,
            "net_income": 10218,
            "revenue": 139125,
            "common_shares": 231021,
            "book_valuer_per_share": 32.78,
            "book_valuer_per_share_4q_avg": 26.82,
            "equity": 757338,
            "current_ratio": 353.42,
            "debt_ratio": 29.99,
            "inventory_turnover_ratio": 2.48,
            "account_receivable_turnover_ratio": 1.43,
            "reinvestment_rate": -14.16,
            "research_to_sale_ratio": 3.3,
            "price_fair": 45.62,
            "eps_avg_yearly": 1.3,
            "eps_latest_yearly": 1.48,
            "eps_growth_yearly": 46.49
        },
        "20194": {
            "year_quarter": 20194,
            "year": 2019,
            "quarter": 4,
            "eps": 0.47,
            "eps_growth_year": 54.27,
            "eps_4q": 1.39,
            "eps_4q_growth_year": 10.45,
            "roe": 1.42,
            "roe_4q": 3.9099999999999997,
            "gross_profit": 42014,
            "gross_margin": 35.17,
            "gross_margin_4q_avg": 25.08,
            "net_income": 10822,
            "revenue": 119469,
            "common_shares": 231021,
            "book_valuer_per_share": 33.1,
            "book_valuer_per_share_4q_avg": 28.86,
            "equity": 764794,
            "current_ratio": 743.79,
            "debt_ratio": 19.66,
            "inventory_turnover_ratio": 1.77,
            "account_receivable_turnover_ratio": 1.43,
            "reinvestment_rate": -28.61,
            "research_to_sale_ratio": 3.71,
            "price_fair": 50.28,
            "eps_avg_yearly": 1.44,
            "eps_latest_yearly": 1.88,
            "eps_growth_yearly": 84.17
        },
        "20201": {
            "year_quarter": 20201,
            "year": 2020,
            "quarter": 1,
            "eps": -0.36,
            "eps_growth_year": -550,
            "eps_4q": 0.91,
            "eps_4q_growth_year": -39.93,
            "roe": -1.1,
            "roe_4q": 2.51,
            "gross_profit": 2309,
            "gross_margin": 3.76,
            "gross_margin_4q_avg": 21.82,
            "net_income": -8351,
            "revenue": 61489,
            "common_shares": 231021,
            "book_valuer_per_share": 32.72,
            "book_valuer_per_share_4q_avg": 30.76,
            "equity": 755854,
            "current_ratio": 737.14,
            "debt_ratio": 19.74,
            "inventory_turnover_ratio": 1.08,
            "account_receivable_turnover_ratio": 1.14,
            "reinvestment_rate": -37.06,
            "research_to_sale_ratio": 6.3,
            "price_fair": 50.28,
            "eps_avg_yearly": 1.44,
            "eps_latest_yearly": 1.88,
            "eps_growth_yearly": 84.17
        },
        "20202": {
            "year_quarter": 20202,
            "year": 2020,
            "quarter": 2,
            "eps": 0.58,
            "eps_growth_year": 152.17,
            "eps_4q": 1.13,
            "eps_4q_growth_year": -4.92,
            "roe": 1.83,
            "roe_4q": 3.4,
            "gross_profit": 34969,
            "gross_margin": 28.99,
            "gross_margin_4q_avg": 23.19,
            "net_income": 13497,
            "revenue": 120629,
            "common_shares": 231021,
            "book_valuer_per_share": 31.15,
            "book_valuer_per_share_4q_avg": 32.44,
            "equity": 719543,
            "current_ratio": 482.28,
            "debt_ratio": 24.95,
            "inventory_turnover_ratio": 1.5,
            "account_receivable_turnover_ratio": 2.04,
            "reinvestment_rate": -39.81,
            "research_to_sale_ratio": 3.27,
            "price_fair": 50.28,
            "eps_avg_yearly": 1.44,
            "eps_latest_yearly": 1.88,
            "eps_growth_yearly": 84.17
        },
        "20203": {
            "year_quarter": 20203,
            "year": 2020,
            "quarter": 3,
            "eps": 0.81,
            "eps_growth_year": 118.92,
            "eps_4q": 1.51,
            "eps_4q_growth_year": 7.64,
            "roe": 2.58,
            "roe_4q": 4.73,
            "gross_profit": 48946,
            "gross_margin": 31.8,
            "gross_margin_4q_avg": 24.93,
            "net_income": 18820,
            "revenue": 153933,
            "common_shares": 231021,
            "book_valuer_per_share": 32.02,
            "book_valuer_per_share_4q_avg": 32.25,
            "equity": 739668,
            "current_ratio": 618.58,
            "debt_ratio": 21.67,
            "inventory_turnover_ratio": 1.96,
            "account_receivable_turnover_ratio": 1.88,
            "reinvestment_rate": -37.37,
            "research_to_sale_ratio": 2.26,
            "price_fair": 55.65,
            "eps_avg_yearly": 1.59,
            "eps_latest_yearly": 3.24,
            "eps_growth_yearly": 114.29
        },
        "20204": {
            "year_quarter": 20204,
            "year": 2020,
            "quarter": 4,
            "eps": 0.37,
            "eps_growth_year": -21.36,
            "eps_4q": 1.41,
            "eps_4q_growth_year": 0.92,
            "roe": 1.14,
            "roe_4q": 4.449999999999999,
            "gross_profit": 37554,
            "gross_margin": 29.33,
            "gross_margin_4q_avg": 23.47,
            "net_income": 8510,
            "revenue": 128038,
            "common_shares": 231021,
            "book_valuer_per_share": 32.63,
            "book_valuer_per_share_4q_avg": 32.13,
            "equity": 753863,
            "current_ratio": 590.17,
            "debt_ratio": 21.44,
            "inventory_turnover_ratio": 1.6,
            "account_receivable_turnover_ratio": 1.6,
            "reinvestment_rate": -39.38,
            "research_to_sale_ratio": 3.04,
            "price_fair": 55.3,
            "eps_avg_yearly": 1.58,
            "eps_latest_yearly": 1.48,
            "eps_growth_yearly": 91.42
        },
        "20211": {
            "year_quarter": 20211,
            "year": 2021,
            "quarter": 1,
            "eps": 0.99,
            "eps_growth_year": null,
            "eps_4q": 2.76,
            "eps_4q_growth_year": 202.33,
            "roe": 3,
            "roe_4q": 8.55,
            "gross_profit": 26474,
            "gross_margin": 23.48,
            "gross_margin_4q_avg": 28.4,
            "net_income": 22932,
            "revenue": 112736,
            "common_shares": 231021,
            "book_valuer_per_share": 33.61,
            "book_valuer_per_share_4q_avg": 32.35,
            "equity": 776476,
            "current_ratio": 581.66,
            "debt_ratio": 22.27,
            "inventory_turnover_ratio": 1.33,
            "account_receivable_turnover_ratio": 1.55,
            "reinvestment_rate": -33.4,
            "research_to_sale_ratio": 3.72,
            "price_fair": 64.75,
            "eps_avg_yearly": 1.85,
            "eps_latest_yearly": 3.96,
            "eps_growth_yearly": 165.61
        },
        "20212": {
            "year_quarter": 20212,
            "year": 2021,
            "quarter": 2,
            "eps": 10.1,
            "eps_growth_year": 1641.38,
            "eps_4q": 12.27,
            "eps_4q_growth_year": 982.62,
            "roe": 30.03,
            "roe_4q": 36.75,
            "gross_profit": 54643,
            "gross_margin": 30.02,
            "gross_margin_4q_avg": 28.66,
            "net_income": 233234,
            "revenue": 181992,
            "common_shares": 231021,
            "book_valuer_per_share": 33.62,
            "book_valuer_per_share_4q_avg": 32.97,
            "equity": 776642,
            "current_ratio": 418.33,
            "debt_ratio": 25.14,
            "inventory_turnover_ratio": 1.65,
            "account_receivable_turnover_ratio": 2.2,
            "reinvestment_rate": -16.08,
            "research_to_sale_ratio": 2.09,
            "price_fair": 174.65,
            "eps_avg_yearly": 4.99,
            "eps_latest_yearly": 40.4,
            "eps_growth_yearly": 379.75
        },
        "20213": {
            "year_quarter": 20213,
            "year": 2021,
            "quarter": 3,
            "eps": 1.07,
            "eps_growth_year": 32.1,
            "eps_4q": 12.53,
            "eps_4q_growth_year": 731.93,
            "roe": 4.02,
            "roe_4q": 38.19,
            "gross_profit": 57017,
            "gross_margin": 30.02,
            "gross_margin_4q_avg": 28.21,
            "net_income": 24737,
            "revenue": 189912,
            "common_shares": 231021,
            "book_valuer_per_share": 19.68,
            "book_valuer_per_share_4q_avg": 29.89,
            "equity": 454707,
            "current_ratio": 153.78,
            "debt_ratio": 55.95,
            "inventory_turnover_ratio": 1.63,
            "account_receivable_turnover_ratio": 1.87,
            "reinvestment_rate": -18.71,
            "research_to_sale_ratio": 1.72,
            "price_fair": 181.42,
            "eps_avg_yearly": 5.18,
            "eps_latest_yearly": 4.28,
            "eps_growth_yearly": 359.26
        },
        "20214": {
            "year_quarter": 20214,
            "year": 2021,
            "quarter": 4,
            "eps": 0.25,
            "eps_growth_year": -32.78,
            "eps_4q": 12.41,
            "eps_4q_growth_year": 782.57,
            "roe": 1.25,
            "roe_4q": 38.3,
            "gross_profit": 35307,
            "gross_margin": 25.51,
            "gross_margin_4q_avg": 27.26,
            "net_income": 5720,
            "revenue": 138397,
            "common_shares": 231021,
            "book_valuer_per_share": 19.96,
            "book_valuer_per_share_4q_avg": 26.72,
            "equity": 461158,
            "current_ratio": 274.96,
            "debt_ratio": 31.73,
            "inventory_turnover_ratio": 1.36,
            "account_receivable_turnover_ratio": 1.54,
            "reinvestment_rate": -24.74,
            "research_to_sale_ratio": 3.34,
            "price_fair": 182.23,
            "eps_avg_yearly": 5.21,
            "eps_latest_yearly": 1,
            "eps_growth_yearly": 354.81
        },
        "20221": {
            "year_quarter": 20221,
            "year": 2022,
            "quarter": 1,
            "eps": 0.23,
            "eps_growth_year": -76.77,
            "eps_4q": 11.65,
            "eps_4q_growth_year": 321.95,
            "roe": 1.31,
            "roe_4q": 36.61,
            "gross_profit": 24176,
            "gross_margin": 22.55,
            "gross_margin_4q_avg": 27.03,
            "net_income": 5342,
            "revenue": 107218,
            "common_shares": 231021,
            "book_valuer_per_share": 15.22,
            "book_valuer_per_share_4q_avg": 22.12,
            "equity": 351577,
            "current_ratio": 169.61,
            "debt_ratio": 46.71,
            "inventory_turnover_ratio": 1.22,
            "account_receivable_turnover_ratio": 1.69,
            "reinvestment_rate": -22.05,
            "research_to_sale_ratio": 2.93,
            "price_fair": 170.69,
            "eps_avg_yearly": 4.88,
            "eps_latest_yearly": 0.92,
            "eps_growth_yearly": 325.05
        },
        "20222": {
            "year_quarter": 20222,
            "year": 2022,
            "quarter": 2,
            "eps": 0.32,
            "eps_growth_year": -96.83,
            "eps_4q": 1.87,
            "eps_4q_growth_year": -84.79,
            "roe": 2.06,
            "roe_4q": 8.64,
            "gross_profit": 28806,
            "gross_margin": 26.86,
            "gross_margin_4q_avg": 26.24,
            "net_income": 7328,
            "revenue": 107244,
            "common_shares": 231021,
            "book_valuer_per_share": 15.51,
            "book_valuer_per_share_4q_avg": 17.59,
            "equity": 358262,
            "current_ratio": 327.92,
            "debt_ratio": 26.21,
            "inventory_turnover_ratio": 1.35,
            "account_receivable_turnover_ratio": 2,
            "reinvestment_rate": -23.27,
            "research_to_sale_ratio": 3.65,
            "price_fair": 161.7,
            "eps_avg_yearly": 4.62,
            "eps_latest_yearly": 1.28,
            "eps_growth_yearly": 313.01
        },
        "20223": {
            "year_quarter": 20223,
            "year": 2022,
            "quarter": 3,
            "eps": 0.28,
            "eps_growth_year": -73.83,
            "eps_4q": 1.08,
            "eps_4q_growth_year": -91.4,
            "roe": 1.92,
            "roe_4q": 6.54,
            "gross_profit": 24839,
            "gross_margin": 27.19,
            "gross_margin_4q_avg": 25.53,
            "net_income": 6513,
            "revenue": 91351,
            "common_shares": 231021,
            "book_valuer_per_share": 13.91,
            "book_valuer_per_share_4q_avg": 16.15,
            "equity": 321417,
            "current_ratio": 226.5,
            "debt_ratio": 33.82,
            "inventory_turnover_ratio": 1.4,
            "account_receivable_turnover_ratio": 1.83,
            "reinvestment_rate": -22.48,
            "research_to_sale_ratio": 4.15,
            "price_fair": 158.7,
            "eps_avg_yearly": 4.53,
            "eps_latest_yearly": 1.12,
            "eps_growth_yearly": 308.42
        },
        "20224": {
            "year_quarter": 20224,
            "year": 2022,
            "quarter": 4,
            "eps": 0.09,
            "eps_growth_year": -65.04,
            "eps_4q": 0.92,
            "eps_4q_growth_year": -92.61,
            "roe": 0.62,
            "roe_4q": 5.91,
            "gross_profit": 27755,
            "gross_margin": 32.23,
            "gross_margin_4q_avg": 27.21,
            "net_income": 2000,
            "revenue": 86117,
            "common_shares": 231021,
            "book_valuer_per_share": 13.96,
            "book_valuer_per_share_4q_avg": 14.65,
            "equity": 322518,
            "current_ratio": 298.83,
            "debt_ratio": 26.89,
            "inventory_turnover_ratio": 1.42,
            "account_receivable_turnover_ratio": 1.87,
            "reinvestment_rate": -24.83,
            "research_to_sale_ratio": 4.1,
            "price_fair": 156.6,
            "eps_avg_yearly": 4.47,
            "eps_latest_yearly": 0.36,
            "eps_growth_yearly": 302.83
        },
        "20231": {
            "year_quarter": 20231,
            "year": 2023,
            "quarter": 1,
            "eps": -0.08,
            "eps_growth_year": -134.78,
            "eps_4q": 0.61,
            "eps_4q_growth_year": -94.79,
            "roe": -0.59,
            "roe_4q": 4.01,
            "gross_profit": 20064,
            "gross_margin": 26.45,
            "gross_margin_4q_avg": 28.18,
            "net_income": -1815,
            "revenue": 75860,
            "common_shares": 231021,
            "book_valuer_per_share": 12.48,
            "book_valuer_per_share_4q_avg": 13.97,
            "equity": 288399,
            "current_ratio": 226.55,
            "debt_ratio": 31.82,
            "inventory_turnover_ratio": 1.42,
            "account_receivable_turnover_ratio": 1.72,
            "reinvestment_rate": -16.73,
            "research_to_sale_ratio": 4.54,
            "price_fair": 167.78,
            "eps_avg_yearly": 4.79,
            "eps_latest_yearly": 0.36,
            "eps_growth_yearly": 348.69
        }
    },
    "months": {
        "2002-11": {
            "month": "2002-11",
            "price": "39.45",
            "revenue": 35045
        },
        "2002-12": {
            "month": "2002-12",
            "price": "41.48",
            "revenue": 30728
        },
        "2003-01": {
            "month": "2003-01",
            "price": "38.29",
            "revenue": 30978
        },
        "2003-02": {
            "month": "2003-02",
            "price": "35.38",
            "revenue": 20653
        },
        "2003-03": {
            "month": "2003-03",
            "price": "34.04",
            "revenue": 33251
        },
        "2003-04": {
            "month": "2003-04",
            "price": "31.50",
            "revenue": 35094
        },
        "2003-05": {
            "month": "2003-05",
            "price": "33.85",
            "revenue": 32952
        },
        "2003-06": {
            "month": "2003-06",
            "price": "38.26",
            "revenue": 32829
        },
        "2003-07": {
            "month": "2003-07",
            "price": "38.87",
            "revenue": 37179
        },
        "2003-08": {
            "month": "2003-08",
            "price": "42.34",
            "revenue": 32734
        },
        "2003-09": {
            "month": "2003-09",
            "price": "39.43",
            "revenue": 35216
        },
        "2003-10": {
            "month": "2003-10",
            "price": "38.07",
            "revenue": 31403
        },
        "2003-11": {
            "month": "2003-11",
            "price": "40.14",
            "revenue": 32537
        },
        "2003-12": {
            "month": "2003-12",
            "price": "40.80",
            "revenue": 39462
        },
        "2004-01": {
            "month": "2004-01",
            "price": "40.50",
            "revenue": 22625
        },
        "2004-02": {
            "month": "2004-02",
            "price": "39.46",
            "revenue": 30635
        },
        "2004-03": {
            "month": "2004-03",
            "price": "37.10",
            "revenue": 42487
        },
        "2004-04": {
            "month": "2004-04",
            "price": "35.57",
            "revenue": 40445
        },
        "2004-05": {
            "month": "2004-05",
            "price": "29.26",
            "revenue": 38388
        },
        "2004-06": {
            "month": "2004-06",
            "price": "28.25",
            "revenue": 44243
        },
        "2004-07": {
            "month": "2004-07",
            "price": "27.42",
            "revenue": 40110
        },
        "2004-08": {
            "month": "2004-08",
            "price": "27.54",
            "revenue": 38595
        },
        "2004-09": {
            "month": "2004-09",
            "price": "27.03",
            "revenue": 37513
        },
        "2004-10": {
            "month": "2004-10",
            "price": "25.96",
            "revenue": 34246
        },
        "2004-11": {
            "month": "2004-11",
            "price": "28.55",
            "revenue": 31814
        },
        "2004-12": {
            "month": "2004-12",
            "price": "28.80",
            "revenue": 26337
        },
        "2005-01": {
            "month": "2005-01",
            "price": "27.40",
            "revenue": 28590
        },
        "2005-02": {
            "month": "2005-02",
            "price": "28.28",
            "revenue": 14819
        },
        "2005-03": {
            "month": "2005-03",
            "price": "28.55",
            "revenue": 35964
        },
        "2005-04": {
            "month": "2005-04",
            "price": "27.88",
            "revenue": 43610
        },
        "2005-05": {
            "month": "2005-05",
            "price": "26.28",
            "revenue": 35095
        },
        "2005-06": {
            "month": "2005-06",
            "price": "25.55",
            "revenue": 37004
        },
        "2005-07": {
            "month": "2005-07",
            "price": "25.43",
            "revenue": 31540
        },
        "2005-08": {
            "month": "2005-08",
            "price": "20.57",
            "revenue": 36911
        },
        "2005-09": {
            "month": "2005-09",
            "price": "20.25",
            "revenue": 34922
        },
        "2005-10": {
            "month": "2005-10",
            "price": "20.53",
            "revenue": 38807
        },
        "2005-11": {
            "month": "2005-11",
            "price": "21.32",
            "revenue": 39821
        },
        "2005-12": {
            "month": "2005-12",
            "price": "25.35",
            "revenue": 31380
        },
        "2006-01": {
            "month": "2006-01",
            "price": "30.13",
            "revenue": 31368
        },
        "2006-02": {
            "month": "2006-02",
            "price": "26.81",
            "revenue": 22487
        },
        "2006-03": {
            "month": "2006-03",
            "price": "26.24",
            "revenue": 40351
        },
        "2006-04": {
            "month": "2006-04",
            "price": "27.61",
            "revenue": 36368
        },
        "2006-05": {
            "month": "2006-05",
            "price": "29.22",
            "revenue": 39415
        },
        "2006-06": {
            "month": "2006-06",
            "price": "26.03",
            "revenue": 41469
        },
        "2006-07": {
            "month": "2006-07",
            "price": "27.00",
            "revenue": 39737
        },
        "2006-08": {
            "month": "2006-08",
            "price": "26.63",
            "revenue": 43482
        },
        "2006-09": {
            "month": "2006-09",
            "price": "27.00",
            "revenue": 38902
        },
        "2006-10": {
            "month": "2006-10",
            "price": "29.46",
            "revenue": 28209
        },
        "2006-11": {
            "month": "2006-11",
            "price": "30.00",
            "revenue": 29104
        },
        "2006-12": {
            "month": "2006-12",
            "price": "36.00",
            "revenue": 33782
        },
        "2007-01": {
            "month": "2007-01",
            "price": "38.39",
            "revenue": 39206
        },
        "2007-02": {
            "month": "2007-02",
            "price": "36.06",
            "revenue": 17561
        },
        "2007-03": {
            "month": "2007-03",
            "price": "37.96",
            "revenue": 40990
        },
        "2007-04": {
            "month": "2007-04",
            "price": "37.26",
            "revenue": 44058
        },
        "2007-05": {
            "month": "2007-05",
            "price": "35.85",
            "revenue": 50903
        },
        "2007-06": {
            "month": "2007-06",
            "price": "40.45",
            "revenue": 50084
        },
        "2007-07": {
            "month": "2007-07",
            "price": "43.54",
            "revenue": 50620
        },
        "2007-08": {
            "month": "2007-08",
            "price": "36.44",
            "revenue": 45170
        },
        "2007-09": {
            "month": "2007-09",
            "price": "35.13",
            "revenue": 39897
        },
        "2007-10": {
            "month": "2007-10",
            "price": "33.83",
            "revenue": 33809
        },
        "2007-11": {
            "month": "2007-11",
            "price": "31.17",
            "revenue": 34627
        },
        "2007-12": {
            "month": "2007-12",
            "price": "28.46",
            "revenue": 33986
        },
        "2008-01": {
            "month": "2008-01",
            "price": "28.12",
            "revenue": 36417
        },
        "2008-02": {
            "month": "2008-02",
            "price": "30.02",
            "revenue": 18795
        },
        "2008-03": {
            "month": "2008-03",
            "price": "28.72",
            "revenue": 42864
        },
        "2008-04": {
            "month": "2008-04",
            "price": "29.35",
            "revenue": 50841
        },
        "2008-05": {
            "month": "2008-05",
            "price": "27.37",
            "revenue": 55878
        },
        "2008-06": {
            "month": "2008-06",
            "price": "25.30",
            "revenue": 44245
        },
        "2008-07": {
            "month": "2008-07",
            "price": "21.14",
            "revenue": 48643
        },
        "2008-08": {
            "month": "2008-08",
            "price": "19.77",
            "revenue": 38501
        },
        "2008-09": {
            "month": "2008-09",
            "price": "16.35",
            "revenue": 37638
        },
        "2008-10": {
            "month": "2008-10",
            "price": "14.89",
            "revenue": 30414
        },
        "2008-11": {
            "month": "2008-11",
            "price": "13.46",
            "revenue": 30656
        },
        "2008-12": {
            "month": "2008-12",
            "price": "12.62",
            "revenue": 27805
        },
        "2009-01": {
            "month": "2009-01",
            "price": "12.48",
            "revenue": 18577
        },
        "2009-02": {
            "month": "2009-02",
            "price": "12.20",
            "revenue": 26690
        },
        "2009-03": {
            "month": "2009-03",
            "price": "14.59",
            "revenue": 34357
        },
        "2009-04": {
            "month": "2009-04",
            "price": "16.96",
            "revenue": 32609
        },
        "2009-05": {
            "month": "2009-05",
            "price": "18.13",
            "revenue": 28998
        },
        "2009-06": {
            "month": "2009-06",
            "price": "17.30",
            "revenue": 37452
        },
        "2009-07": {
            "month": "2009-07",
            "price": "18.53",
            "revenue": 44367
        },
        "2009-08": {
            "month": "2009-08",
            "price": "21.68",
            "revenue": 36046
        },
        "2009-09": {
            "month": "2009-09",
            "price": "25.04",
            "revenue": 39762
        },
        "2009-10": {
            "month": "2009-10",
            "price": "26.43",
            "revenue": 35470
        },
        "2009-11": {
            "month": "2009-11",
            "price": "26.24",
            "revenue": 32697
        },
        "2009-12": {
            "month": "2009-12",
            "price": "29.02",
            "revenue": 36353
        },
        "2010-01": {
            "month": "2010-01",
            "price": "30.15",
            "revenue": 24856
        },
        "2010-02": {
            "month": "2010-02",
            "price": "27.28",
            "revenue": 25760
        },
        "2010-03": {
            "month": "2010-03",
            "price": "29.51",
            "revenue": 36689
        },
        "2010-04": {
            "month": "2010-04",
            "price": "31.21",
            "revenue": 57036
        },
        "2010-05": {
            "month": "2010-05",
            "price": "30.53",
            "revenue": 65655
        },
        "2010-06": {
            "month": "2010-06",
            "price": "32.78",
            "revenue": 55335
        },
        "2010-07": {
            "month": "2010-07",
            "price": "32.99",
            "revenue": 51166
        },
        "2010-08": {
            "month": "2010-08",
            "price": "34.35",
            "revenue": 45619
        },
        "2010-09": {
            "month": "2010-09",
            "price": "33.12",
            "revenue": 42901
        },
        "2010-10": {
            "month": "2010-10",
            "price": "33.59",
            "revenue": 37626
        },
        "2010-11": {
            "month": "2010-11",
            "price": "32.53",
            "revenue": 34757
        },
        "2010-12": {
            "month": "2010-12",
            "price": "33.53",
            "revenue": 36779
        },
        "2011-01": {
            "month": "2011-01",
            "price": "32.93",
            "revenue": 39850
        },
        "2011-02": {
            "month": "2011-02",
            "price": "33.71",
            "revenue": 19388
        },
        "2011-03": {
            "month": "2011-03",
            "price": "32.04",
            "revenue": 43722
        },
        "2011-04": {
            "month": "2011-04",
            "price": "32.05",
            "revenue": 45958
        },
        "2011-05": {
            "month": "2011-05",
            "price": "31.48",
            "revenue": 55463
        },
        "2011-06": {
            "month": "2011-06",
            "price": "31.36",
            "revenue": 75539
        },
        "2011-07": {
            "month": "2011-07",
            "price": "30.14",
            "revenue": 71780
        },
        "2011-08": {
            "month": "2011-08",
            "price": "24.97",
            "revenue": 65313
        },
        "2011-09": {
            "month": "2011-09",
            "price": "23.72",
            "revenue": 59063
        },
        "2011-10": {
            "month": "2011-10",
            "price": "23.62",
            "revenue": 40603
        },
        "2011-11": {
            "month": "2011-11",
            "price": "23.67",
            "revenue": 58988
        },
        "2011-12": {
            "month": "2011-12",
            "price": "22.79",
            "revenue": 52651
        },
        "2012-01": {
            "month": "2012-01",
            "price": "22.62",
            "revenue": 33569
        },
        "2012-02": {
            "month": "2012-02",
            "price": "24.51",
            "revenue": 43317
        },
        "2012-03": {
            "month": "2012-03",
            "price": "25.27",
            "revenue": 73100
        },
        "2012-04": {
            "month": "2012-04",
            "price": "24.17",
            "revenue": 61774
        },
        "2012-05": {
            "month": "2012-05",
            "price": "23.03",
            "revenue": 69184
        },
        "2012-06": {
            "month": "2012-06",
            "price": "22.52",
            "revenue": 57663
        },
        "2012-07": {
            "month": "2012-07",
            "price": "22.98",
            "revenue": 72458
        },
        "2012-08": {
            "month": "2012-08",
            "price": "24.32",
            "revenue": 64351
        },
        "2012-09": {
            "month": "2012-09",
            "price": "23.94",
            "revenue": 59613
        },
        "2012-10": {
            "month": "2012-10",
            "price": "22.18",
            "revenue": 51704
        },
        "2012-11": {
            "month": "2012-11",
            "price": "22.01",
            "revenue": 51371
        },
        "2012-12": {
            "month": "2012-12",
            "price": "22.61",
            "revenue": 55626
        },
        "2013-01": {
            "month": "2013-01",
            "price": "22.86",
            "revenue": 50933
        },
        "2013-02": {
            "month": "2013-02",
            "price": "23.35",
            "revenue": 17918
        },
        "2013-03": {
            "month": "2013-03",
            "price": "23.00",
            "revenue": 57445
        },
        "2013-04": {
            "month": "2013-04",
            "price": "22.06",
            "revenue": 71341
        },
        "2013-05": {
            "month": "2013-05",
            "price": "22.14",
            "revenue": 74543
        },
        "2013-06": {
            "month": "2013-06",
            "price": "22.11",
            "revenue": 60701
        },
        "2013-07": {
            "month": "2013-07",
            "price": "22.32",
            "revenue": 63950
        },
        "2013-08": {
            "month": "2013-08",
            "price": "24.21",
            "revenue": 55711
        },
        "2013-09": {
            "month": "2013-09",
            "price": "24.06",
            "revenue": 51179
        },
        "2013-10": {
            "month": "2013-10",
            "price": "23.46",
            "revenue": 57614
        },
        "2013-11": {
            "month": "2013-11",
            "price": "23.70",
            "revenue": 50056
        },
        "2013-12": {
            "month": "2013-12",
            "price": "24.10",
            "revenue": 55865
        },
        "2014-01": {
            "month": "2014-01",
            "price": "24.89",
            "revenue": 54077
        },
        "2014-02": {
            "month": "2014-02",
            "price": "25.77",
            "revenue": 34982
        },
        "2014-03": {
            "month": "2014-03",
            "price": "27.30",
            "revenue": 67340
        },
        "2014-04": {
            "month": "2014-04",
            "price": "31.01",
            "revenue": 58609
        },
        "2014-05": {
            "month": "2014-05",
            "price": "27.72",
            "revenue": 59476
        },
        "2014-06": {
            "month": "2014-06",
            "price": "27.57",
            "revenue": 54697
        },
        "2014-07": {
            "month": "2014-07",
            "price": "26.60",
            "revenue": 56048
        },
        "2014-08": {
            "month": "2014-08",
            "price": "24.28",
            "revenue": 59743
        },
        "2014-09": {
            "month": "2014-09",
            "price": "24.49",
            "revenue": 59021
        },
        "2014-10": {
            "month": "2014-10",
            "price": "23.95",
            "revenue": 41761
        },
        "2014-11": {
            "month": "2014-11",
            "price": "23.84",
            "revenue": 49645
        },
        "2014-12": {
            "month": "2014-12",
            "price": "23.85",
            "revenue": 52686
        },
        "2015-01": {
            "month": "2015-01",
            "price": "24.27",
            "revenue": 47970
        },
        "2015-02": {
            "month": "2015-02",
            "price": "24.12",
            "revenue": 28543
        },
        "2015-03": {
            "month": "2015-03",
            "price": "24.05",
            "revenue": 51118
        },
        "2015-04": {
            "month": "2015-04",
            "price": "24.97",
            "revenue": 59563
        },
        "2015-05": {
            "month": "2015-05",
            "price": "25.25",
            "revenue": 64081
        },
        "2015-06": {
            "month": "2015-06",
            "price": "23.10",
            "revenue": 58432
        },
        "2015-07": {
            "month": "2015-07",
            "price": "23.38",
            "revenue": 55095
        },
        "2015-08": {
            "month": "2015-08",
            "price": "22.58",
            "revenue": 53998
        },
        "2015-09": {
            "month": "2015-09",
            "price": "22.01",
            "revenue": 44024
        },
        "2015-10": {
            "month": "2015-10",
            "price": "23.39",
            "revenue": 41880
        },
        "2015-11": {
            "month": "2015-11",
            "price": "22.59",
            "revenue": 43044
        },
        "2015-12": {
            "month": "2015-12",
            "price": "21.87",
            "revenue": 51283
        },
        "2016-01": {
            "month": "2016-01",
            "price": "22.80",
            "revenue": 53407
        },
        "2016-02": {
            "month": "2016-02",
            "price": "23.43",
            "revenue": 24082
        },
        "2016-03": {
            "month": "2016-03",
            "price": "23.06",
            "revenue": 60823
        },
        "2016-04": {
            "month": "2016-04",
            "price": "22.74",
            "revenue": 61433
        },
        "2016-05": {
            "month": "2016-05",
            "price": "22.11",
            "revenue": 60990
        },
        "2016-06": {
            "month": "2016-06",
            "price": "21.76",
            "revenue": 55214
        },
        "2016-07": {
            "month": "2016-07",
            "price": "21.37",
            "revenue": 52664
        },
        "2016-08": {
            "month": "2016-08",
            "price": "20.84",
            "revenue": 53660
        },
        "2016-09": {
            "month": "2016-09",
            "price": "20.13",
            "revenue": 49276
        },
        "2016-10": {
            "month": "2016-10",
            "price": "20.05",
            "revenue": 44415
        },
        "2016-11": {
            "month": "2016-11",
            "price": "19.90",
            "revenue": 50123
        },
        "2016-12": {
            "month": "2016-12",
            "price": "20.20",
            "revenue": 49042
        },
        "2017-01": {
            "month": "2017-01",
            "price": "20.01",
            "revenue": 42993
        },
        "2017-02": {
            "month": "2017-02",
            "price": "20.96",
            "revenue": 33300
        },
        "2017-03": {
            "month": "2017-03",
            "price": "21.13",
            "revenue": 58277
        },
        "2017-04": {
            "month": "2017-04",
            "price": "21.19",
            "revenue": 54469
        },
        "2017-05": {
            "month": "2017-05",
            "price": "21.24",
            "revenue": 56835
        },
        "2017-06": {
            "month": "2017-06",
            "price": "21.28",
            "revenue": 61625
        },
        "2017-07": {
            "month": "2017-07",
            "price": "21.39",
            "revenue": 58421
        },
        "2017-08": {
            "month": "2017-08",
            "price": "22.97",
            "revenue": 56289
        },
        "2017-09": {
            "month": "2017-09",
            "price": "23.38",
            "revenue": 47927
        },
        "2017-10": {
            "month": "2017-10",
            "price": "22.77",
            "revenue": 51165
        },
        "2017-11": {
            "month": "2017-11",
            "price": "23.20",
            "revenue": 50565
        },
        "2017-12": {
            "month": "2017-12",
            "price": "22.84",
            "revenue": 45708
        },
        "2018-01": {
            "month": "2018-01",
            "price": "23.18",
            "revenue": 56331
        },
        "2018-02": {
            "month": "2018-02",
            "price": "22.59",
            "revenue": 20746
        },
        "2018-03": {
            "month": "2018-03",
            "price": "22.92",
            "revenue": 48325
        },
        "2018-04": {
            "month": "2018-04",
            "price": "22.92",
            "revenue": 55243
        },
        "2018-05": {
            "month": "2018-05",
            "price": "22.75",
            "revenue": 64460
        },
        "2018-06": {
            "month": "2018-06",
            "price": "27.88",
            "revenue": 60496
        },
        "2018-07": {
            "month": "2018-07",
            "price": "31.43",
            "revenue": 65551
        },
        "2018-08": {
            "month": "2018-08",
            "price": "24.09",
            "revenue": 56781
        },
        "2018-09": {
            "month": "2018-09",
            "price": "22.18",
            "revenue": 43386
        },
        "2018-10": {
            "month": "2018-10",
            "price": "18.97",
            "revenue": 46052
        },
        "2018-11": {
            "month": "2018-11",
            "price": "18.83",
            "revenue": 44453
        },
        "2018-12": {
            "month": "2018-12",
            "price": "18.61",
            "revenue": 40729
        },
        "2019-01": {
            "month": "2019-01",
            "price": "18.40",
            "revenue": 46172
        },
        "2019-02": {
            "month": "2019-02",
            "price": "19.68",
            "revenue": 20626
        },
        "2019-03": {
            "month": "2019-03",
            "price": "20.68",
            "revenue": 46062
        },
        "2019-04": {
            "month": "2019-04",
            "price": "22.15",
            "revenue": 48899
        },
        "2019-05": {
            "month": "2019-05",
            "price": "21.85",
            "revenue": 50174
        },
        "2019-06": {
            "month": "2019-06",
            "price": "21.30",
            "revenue": 38498
        },
        "2019-07": {
            "month": "2019-07",
            "price": "21.43",
            "revenue": 52290
        },
        "2019-08": {
            "month": "2019-08",
            "price": "22.10",
            "revenue": 45346
        },
        "2019-09": {
            "month": "2019-09",
            "price": "21.34",
            "revenue": 41489
        },
        "2019-10": {
            "month": "2019-10",
            "price": "26.83",
            "revenue": 33258
        },
        "2019-11": {
            "month": "2019-11",
            "price": "25.30",
            "revenue": 40929
        },
        "2019-12": {
            "month": "2019-12",
            "price": "24.18",
            "revenue": 45282
        },
        "2020-01": {
            "month": "2020-01",
            "price": "24.00",
            "revenue": 31735
        },
        "2020-02": {
            "month": "2020-02",
            "price": "23.21",
            "revenue": 7223
        },
        "2020-03": {
            "month": "2020-03",
            "price": "20.40",
            "revenue": 22531
        },
        "2020-04": {
            "month": "2020-04",
            "price": "21.19",
            "revenue": 30662
        },
        "2020-05": {
            "month": "2020-05",
            "price": "25.09",
            "revenue": 45382
        },
        "2020-06": {
            "month": "2020-06",
            "price": "27.86",
            "revenue": 44584
        },
        "2020-07": {
            "month": "2020-07",
            "price": "37.22",
            "revenue": 47072
        },
        "2020-08": {
            "month": "2020-08",
            "price": "40.11",
            "revenue": 51036
        },
        "2020-09": {
            "month": "2020-09",
            "price": "63.60",
            "revenue": 55825
        },
        "2020-10": {
            "month": "2020-10",
            "price": "83.11",
            "revenue": 44699
        },
        "2020-11": {
            "month": "2020-11",
            "price": "104.36",
            "revenue": 39725
        },
        "2020-12": {
            "month": "2020-12",
            "price": "128.87",
            "revenue": 43614
        },
        "2021-01": {
            "month": "2021-01",
            "price": "115.70",
            "revenue": 46792
        },
        "2021-02": {
            "month": "2021-02",
            "price": "104.50",
            "revenue": 22000
        },
        "2021-03": {
            "month": "2021-03",
            "price": "109.02",
            "revenue": 43944
        },
        "2021-04": {
            "month": "2021-04",
            "price": "106.26",
            "revenue": 54641
        },
        "2021-05": {
            "month": "2021-05",
            "price": "106.35",
            "revenue": 63105
        },
        "2021-06": {
            "month": "2021-06",
            "price": "97.96",
            "revenue": 64245
        },
        "2021-07": {
            "month": "2021-07",
            "price": "88.12",
            "revenue": 69025
        },
        "2021-08": {
            "month": "2021-08",
            "price": "94.10",
            "revenue": 62886
        },
        "2021-09": {
            "month": "2021-09",
            "price": "93.80",
            "revenue": 58002
        },
        "2021-10": {
            "month": "2021-10",
            "price": "92.05",
            "revenue": 50986
        },
        "2021-11": {
            "month": "2021-11",
            "price": "74.38",
            "revenue": 41581
        },
        "2021-12": {
            "month": "2021-12",
            "price": "72.40",
            "revenue": 45830
        },
        "2022-01": {
            "month": "2022-01",
            "price": "69.97",
            "revenue": 48072
        },
        "2022-02": {
            "month": "2022-02",
            "price": "69.47",
            "revenue": 29169
        },
        "2022-03": {
            "month": "2022-03",
            "price": "70.09",
            "revenue": 29977
        },
        "2022-04": {
            "month": "2022-04",
            "price": "60.82",
            "revenue": 40867
        },
        "2022-05": {
            "month": "2022-05",
            "price": "59.69",
            "revenue": 31004
        },
        "2022-06": {
            "month": "2022-06",
            "price": "55.31",
            "revenue": 35372
        },
        "2022-07": {
            "month": "2022-07",
            "price": "51.60",
            "revenue": 33321
        },
        "2022-08": {
            "month": "2022-08",
            "price": "54.32",
            "revenue": 32424
        },
        "2022-09": {
            "month": "2022-09",
            "price": "52.00",
            "revenue": 25606
        },
        "2022-10": {
            "month": "2022-10",
            "price": "49.60",
            "revenue": 21760
        },
        "2022-11": {
            "month": "2022-11",
            "price": "50.45",
            "revenue": 31438
        },
        "2022-12": {
            "month": "2022-12",
            "price": "58.33",
            "revenue": 32919
        },
        "2023-01": {
            "month": "2023-01",
            "price": "57.35",
            "revenue": 17046
        },
        "2023-02": {
            "month": "2023-02",
            "price": "54.71",
            "revenue": 19261
        },
        "2023-03": {
            "month": "2023-03",
            "price": "55.64",
            "revenue": 39553
        },
        "2023-04": {
            "month": "2023-04",
            "price": "57.16",
            "revenue": 27013
        }
    }
}
