{
    "summary": {
        "stock_name": "詮欣",
        "stock_id": "6205",
        "category": "電子零組件",
        "main_business": "各種電子零件(連接器、電子線)等製造加工買賣業務<br>一般進出口貿易業務(期貨除外)<br>有關前項業務之代理經銷報價及投標業務",
        "website_url": "http://www.coxoc.com.tw",
        "ceo": "吳連溪",
        "pe_ratio": 40,
        "report_year_from": 2001,
        "report_year_to": 2023,
        "age": 23,
        "eps_negative_percentage": 0,
        "eps_growth_avg": {
            "last_all": 13.7,
            "last_2y": 17.03,
            "last_4y": 11.53,
            "last_8y": 1.32,
            "last_12y": 13.76,
            "last_16y": 8.49,
            "last_20y": 9.59,
            "at_2006_last_3y": 14.27,
            "at_2007_last_3y": 20.55,
            "at_2008_last_3y": 0.61,
            "at_2009_last_3y": -0.01,
            "at_2010_last_3y": -8.65,
            "at_2011_last_3y": -39.32,
            "at_2012_last_3y": 1.74,
            "at_2013_last_3y": 10.51,
            "at_2014_last_3y": 41.73,
            "at_2015_last_3y": 48.47,
            "at_2016_last_3y": 25.32,
            "at_2017_last_3y": 6.58,
            "at_2018_last_3y": -11.43,
            "at_2019_last_3y": -12.99,
            "at_2020_last_3y": -7.83,
            "at_2021_last_3y": 2.7,
            "at_2022_last_3y": 26.38,
            "at_2023_last_3y": 19.78,
            "at_2024_last_3y": 19.78,
            "at_2006_last_all": 31.42,
            "at_2007_last_all": 39.59,
            "at_2008_last_all": 24.76,
            "at_2009_last_all": 21.26,
            "at_2010_last_all": 13.61,
            "at_2011_last_all": 8.03,
            "at_2012_last_all": 16.39,
            "at_2013_last_all": 17.68,
            "at_2014_last_all": 22.26,
            "at_2015_last_all": 19.58,
            "at_2016_last_all": 18.77,
            "at_2017_last_all": 14.9,
            "at_2018_last_all": 14.34,
            "at_2019_last_all": 12.35,
            "at_2020_last_all": 13.17,
            "at_2021_last_all": 12.46,
            "at_2022_last_all": 16.63,
            "at_2023_last_all": 13.7,
            "at_2024_last_all": 13.7
        },
        "latest_eps": 2.07,
        "latest_price": 83.8,
        "latest_roe": 6.85,
        "latest_gross_margin": 38.89,
        "latest_equity": 2517349,
        "latest_revenue": 311693,
        "latest_gross_profit": 121215,
        "latest_net_income": 22029,
        "latest_debt_ratio": 31.5,
        "latest_current_ratio": 614.55,
        "latest_account_receivable_turnover_ratio": 0.95,
        "latest_inventory_turnover_ratio": 1.05,
        "latest_reinvestment_rate": 64.81,
        "latest_research_to_sale_ratio": 4.65
    },
    "eps_dividends": {
        "2000": {
            "cash": 1.53,
            "stock": 1.53,
            "eps": 0
        },
        "2001": {
            "cash": 2.25,
            "stock": 2.25,
            "eps": 0.89
        },
        "2002": {
            "cash": 0.5,
            "stock": 1.33,
            "eps": 2.15
        },
        "2003": {
            "cash": 0.5,
            "stock": 1,
            "eps": 3.34
        },
        "2004": {
            "cash": 0.8,
            "stock": 1.7,
            "eps": 3.86
        },
        "2005": {
            "cash": 1.76,
            "stock": 0.44,
            "eps": 3.83
        },
        "2006": {
            "cash": 1,
            "stock": 2,
            "eps": 3.33
        },
        "2007": {
            "cash": 2,
            "stock": 0.5,
            "eps": 6.01
        },
        "2008": {
            "cash": 3.5,
            "stock": 0.5,
            "eps": 2.15
        },
        "2009": {
            "cash": 0.8,
            "stock": 0,
            "eps": 2.08
        },
        "2010": {
            "cash": 1.5,
            "stock": 0,
            "eps": 1.09
        },
        "2011": {
            "cash": 0.98,
            "stock": 0,
            "eps": 0.63
        },
        "2012": {
            "cash": 0,
            "stock": 0,
            "eps": 1.57
        },
        "2013": {
            "cash": 1.2,
            "stock": 0,
            "eps": 2.07
        },
        "2014": {
            "cash": 1.5,
            "stock": 0,
            "eps": 3.67
        },
        "2015": {
            "cash": 2.2,
            "stock": 0,
            "eps": 3.11
        },
        "2016": {
            "cash": 2,
            "stock": 0,
            "eps": 3.34
        },
        "2017": {
            "cash": 2,
            "stock": 0,
            "eps": 1.9
        },
        "2018": {
            "cash": 1.2,
            "stock": 0,
            "eps": 2
        },
        "2019": {
            "cash": 1.5,
            "stock": 0,
            "eps": 1.57
        },
        "2020": {
            "cash": 1.2,
            "stock": 0,
            "eps": 2.01
        },
        "2021": {
            "cash": 1.5,
            "stock": 0,
            "eps": 1.99
        },
        "2022": {
            "cash": 2,
            "stock": 0,
            "eps": 4.05
        },
        "2023": {
            "cash": 3,
            "stock": 0,
            "eps": 2.11
        },
        "2024": {
            "cash": 1.5,
            "stock": 0,
            "eps": 0
        }
    },
    "dividends": {
        "2000-06-15": {
            "cash": 1.53,
            "stock": 1.53
        },
        "2001-06-04": {
            "cash": 2.25,
            "stock": 2.25
        },
        "2002-06-19": {
            "cash": 0.5,
            "stock": 1.33
        },
        "2003-03-25": {
            "cash": 0.5,
            "stock": 1
        },
        "2004-03-18": {
            "cash": 0.8,
            "stock": 1.7
        },
        "2005-04-26": {
            "cash": 1.76,
            "stock": 0.44
        },
        "2006-04-25": {
            "cash": 1,
            "stock": 2
        },
        "2007-04-12": {
            "cash": 2,
            "stock": 0.5
        },
        "2008-04-24": {
            "cash": 3.5,
            "stock": 0.5
        },
        "2009-04-27": {
            "cash": 0.8,
            "stock": 0
        },
        "2010-04-29": {
            "cash": 1.5,
            "stock": 0
        },
        "2011-01-01": {
            "cash": 0.38,
            "stock": 0
        },
        "2011-04-27": {
            "cash": 0.6,
            "stock": 0
        },
        "2013-03-22": {
            "cash": 1.2,
            "stock": 0
        },
        "2014-08-20": {
            "cash": 1.5,
            "stock": 0
        },
        "2015-08-14": {
            "cash": 2.2,
            "stock": 0
        },
        "2016-08-15": {
            "cash": 2,
            "stock": 0
        },
        "2017-08-15": {
            "cash": 2,
            "stock": 0
        },
        "2018-08-15": {
            "cash": 1.2,
            "stock": 0
        },
        "2019-07-31": {
            "cash": 1.5,
            "stock": 0
        },
        "2020-07-31": {
            "cash": 1.2,
            "stock": 0
        },
        "2021-09-17": {
            "cash": 1.5,
            "stock": 0
        },
        "2022-08-12": {
            "cash": 2,
            "stock": 0
        },
        "2023-08-11": {
            "cash": 3,
            "stock": 0
        },
        "2024-02-27": {
            "cash": 1.5,
            "stock": 0
        }
    },
    "prices": {
        "200101": "無",
        "200102": "無",
        "200103": "無",
        "200104": "無",
        "200105": "無",
        "200106": "無",
        "200107": "無",
        "200108": "無",
        "200109": "無",
        "200110": "無",
        "200111": "無",
        "200112": "無",
        "200201": "無",
        "200202": "無",
        "200203": "無",
        "200204": "無",
        "200205": "無",
        "200206": "無",
        "200207": "無",
        "200208": "無",
        "200209": "無",
        "200210": "無",
        "200211": "無",
        "200212": "33.12",
        "200301": "32.83",
        "200302": "33.19",
        "200303": "36.53",
        "200304": "38.32",
        "200305": "38.15",
        "200306": "41.61",
        "200307": "41.99",
        "200308": "45.70",
        "200309": "47.69",
        "200310": "44.09",
        "200311": "44.17",
        "200312": "45.12",
        "200401": "45.09",
        "200402": "44.18",
        "200403": "42.04",
        "200404": "41.29",
        "200405": "41.15",
        "200406": "40.77",
        "200407": "37.28",
        "200408": "30.38",
        "200409": "29.70",
        "200410": "29.59",
        "200411": "27.56",
        "200412": "22.99",
        "200501": "24.01",
        "200502": "29.42",
        "200503": "31.57",
        "200504": "28.45",
        "200505": "26.75",
        "200506": "30.05",
        "200507": "40.06",
        "200508": "37.91",
        "200509": "35.53",
        "200510": "35.39",
        "200511": "36.16",
        "200512": "43.91",
        "200601": "40.58",
        "200602": "37.14",
        "200603": "38.40",
        "200604": "41.76",
        "200605": "39.49",
        "200606": "36.79",
        "200607": "35.40",
        "200608": "32.55",
        "200609": "33.18",
        "200610": "36.09",
        "200611": "38.83",
        "200612": "42.75",
        "200701": "48.70",
        "200702": "47.73",
        "200703": "50.10",
        "200704": "60.86",
        "200705": "63.75",
        "200706": "68.06",
        "200707": "71.33",
        "200708": "66.51",
        "200709": "70.36",
        "200710": "70.28",
        "200711": "61.80",
        "200712": "57.21",
        "200801": "54.53",
        "200802": "54.04",
        "200803": "55.66",
        "200804": "54.35",
        "200805": "47.72",
        "200806": "40.88",
        "200807": "34.30",
        "200808": "35.58",
        "200809": "24.39",
        "200810": "20.02",
        "200811": "17.98",
        "200812": "15.43",
        "200901": "15.64",
        "200902": "18.71",
        "200903": "23.29",
        "200904": "24.33",
        "200905": "26.59",
        "200906": "23.99",
        "200907": "24.23",
        "200908": "25.65",
        "200909": "28.38",
        "200910": "29.60",
        "200911": "27.90",
        "200912": "29.78",
        "201001": "33.84",
        "201002": "32.74",
        "201003": "35.63",
        "201004": "38.44",
        "201005": "35.27",
        "201006": "29.77",
        "201007": "29.59",
        "201008": "29.86",
        "201009": "27.49",
        "201010": "27.35",
        "201011": "24.53",
        "201012": "24.96",
        "201101": "24.05",
        "201102": "22.45",
        "201103": "22.11",
        "201104": "22.48",
        "201105": "21.38",
        "201106": "20.16",
        "201107": "19.12",
        "201108": "16.91",
        "201109": "17.55",
        "201110": "17.63",
        "201111": "16.05",
        "201112": "15.52",
        "201201": "16.71",
        "201202": "17.78",
        "201203": "17.67",
        "201204": "15.66",
        "201205": "15.84",
        "201206": "15.46",
        "201207": "15.63",
        "201208": "15.24",
        "201209": "16.58",
        "201210": "15.27",
        "201211": "15.12",
        "201212": "15.64",
        "201301": "15.58",
        "201302": "16.15",
        "201303": "17.60",
        "201304": "18.43",
        "201305": "19.80",
        "201306": "19.83",
        "201307": "21.22",
        "201308": "24.67",
        "201309": "22.82",
        "201310": "22.10",
        "201311": "20.94",
        "201312": "22.21",
        "201401": "26.49",
        "201402": "28.41",
        "201403": "30.66",
        "201404": "34.81",
        "201405": "36.76",
        "201406": "39.13",
        "201407": "38.28",
        "201408": "37.43",
        "201409": "33.42",
        "201410": "29.98",
        "201411": "31.66",
        "201412": "33.09",
        "201501": "35.40",
        "201502": "36.52",
        "201503": "37.42",
        "201504": "34.12",
        "201505": "30.86",
        "201506": "28.23",
        "201507": "26.32",
        "201508": "22.50",
        "201509": "25.62",
        "201510": "28.88",
        "201511": "29.65",
        "201512": "27.45",
        "201601": "26.02",
        "201602": "28.81",
        "201603": "29.57",
        "201604": "28.30",
        "201605": "27.00",
        "201606": "26.82",
        "201607": "26.71",
        "201608": "28.15",
        "201609": "30.66",
        "201610": "30.58",
        "201611": "29.80",
        "201612": "29.61",
        "201701": "29.69",
        "201702": "33.56",
        "201703": "39.69",
        "201704": "37.37",
        "201705": "39.20",
        "201706": "39.35",
        "201707": "37.11",
        "201708": "35.87",
        "201709": "35.01",
        "201710": "35.01",
        "201711": "31.99",
        "201712": "30.38",
        "201801": "30.40",
        "201802": "29.03",
        "201803": "28.71",
        "201804": "28.11",
        "201805": "27.60",
        "201806": "27.72",
        "201807": "26.68",
        "201808": "25.50",
        "201809": "24.04",
        "201810": "21.75",
        "201811": "21.53",
        "201812": "22.04",
        "201901": "21.98",
        "201902": "23.67",
        "201903": "26.06",
        "201904": "28.09",
        "201905": "27.12",
        "201906": "26.85",
        "201907": "26.22",
        "201908": "25.73",
        "201909": "25.68",
        "201910": "25.65",
        "201911": "25.13",
        "201912": "25.54",
        "202001": "25.56",
        "202002": "24.33",
        "202003": "20.70",
        "202004": "21.14",
        "202005": "24.85",
        "202006": "32.93",
        "202007": "36.58",
        "202008": "34.46",
        "202009": "33.64",
        "202010": "33.70",
        "202011": "39.85",
        "202012": "47.50",
        "202101": "43.20",
        "202102": "42.68",
        "202103": "42.52",
        "202104": "41.78",
        "202105": "32.76",
        "202106": "30.49",
        "202107": "32.47",
        "202108": "31.77",
        "202109": "30.54",
        "202110": "33.00",
        "202111": "46.75",
        "202112": "66.85",
        "202201": "70.69",
        "202202": "85.63",
        "202203": "85.94",
        "202204": "82.01",
        "202205": "79.55",
        "202206": "74.17",
        "202207": "64.53",
        "202208": "77.30",
        "202209": "76.84",
        "202210": "80.38",
        "202211": "79.06",
        "202212": "73.59",
        "202301": "69.86",
        "202302": "87.33",
        "202303": "85.62",
        "202304": "76.59",
        "202305": "70.39",
        "202306": "72.78",
        "202307": "65.87",
        "202308": "59.80",
        "202309": "67.06",
        "202310": "67.86",
        "202311": "67.75",
        "202312": "74.33"
    },
    "quarters": {
        "20011": {
            "year_quarter": 20011,
            "year": 2001,
            "quarter": 1,
            "eps": null,
            "eps_growth_year": null,
            "eps_4q": null,
            "eps_4q_growth_year": null,
            "roe": null,
            "roe_4q": 0,
            "gross_profit": null,
            "gross_margin": null,
            "gross_margin_4q_avg": 0,
            "net_income": null,
            "net_income_4q": null,
            "revenue": null,
            "revenue_4q": null,
            "common_shares": null,
            "book_valuer_per_share": null,
            "book_valuer_per_share_4q_avg": 0,
            "equity": null,
            "current_ratio": null,
            "debt_ratio": null,
            "inventory_turnover_ratio": null,
            "account_receivable_turnover_ratio": null,
            "reinvestment_rate": null,
            "research_to_sale_ratio": null,
            "price_fair": 0,
            "eps_avg_yearly": 0,
            "eps_latest_yearly": 0,
            "eps_growth_yearly": 0
        },
        "20012": {
            "year_quarter": 20012,
            "year": 2001,
            "quarter": 2,
            "eps": null,
            "eps_growth_year": null,
            "eps_4q": null,
            "eps_4q_growth_year": null,
            "roe": null,
            "roe_4q": 0,
            "gross_profit": null,
            "gross_margin": null,
            "gross_margin_4q_avg": 0,
            "net_income": null,
            "net_income_4q": null,
            "revenue": null,
            "revenue_4q": null,
            "common_shares": null,
            "book_valuer_per_share": null,
            "book_valuer_per_share_4q_avg": 0,
            "equity": null,
            "current_ratio": null,
            "debt_ratio": null,
            "inventory_turnover_ratio": null,
            "account_receivable_turnover_ratio": null,
            "reinvestment_rate": null,
            "research_to_sale_ratio": null,
            "price_fair": 0,
            "eps_avg_yearly": 0,
            "eps_latest_yearly": 0,
            "eps_growth_yearly": 0
        },
        "20013": {
            "year_quarter": 20013,
            "year": 2001,
            "quarter": 3,
            "eps": 0.29,
            "eps_growth_year": null,
            "eps_4q": null,
            "eps_4q_growth_year": null,
            "roe": 2.27,
            "roe_4q": 2.27,
            "gross_profit": 38051,
            "gross_margin": 25.7,
            "gross_margin_4q_avg": 8.57,
            "net_income": 8259,
            "net_income_4q": null,
            "revenue": 148035,
            "revenue_4q": null,
            "common_shares": 282800,
            "book_valuer_per_share": 12.89,
            "book_valuer_per_share_4q_avg": 4.3,
            "equity": 364593,
            "current_ratio": 149.94,
            "debt_ratio": 33.72,
            "inventory_turnover_ratio": 1.85,
            "account_receivable_turnover_ratio": null,
            "reinvestment_rate": null,
            "research_to_sale_ratio": null,
            "price_fair": 0,
            "eps_avg_yearly": 0,
            "eps_latest_yearly": 0,
            "eps_growth_yearly": 0
        },
        "20014": {
            "year_quarter": 20014,
            "year": 2001,
            "quarter": 4,
            "eps": 0.6,
            "eps_growth_year": null,
            "eps_4q": null,
            "eps_4q_growth_year": null,
            "roe": 4.51,
            "roe_4q": 6.779999999999999,
            "gross_profit": 35818,
            "gross_margin": 21.39,
            "gross_margin_4q_avg": 11.77,
            "net_income": 16846,
            "net_income_4q": null,
            "revenue": 167448,
            "revenue_4q": null,
            "common_shares": 282800,
            "book_valuer_per_share": 13.53,
            "book_valuer_per_share_4q_avg": 6.61,
            "equity": 382573,
            "current_ratio": 177.23,
            "debt_ratio": 32.38,
            "inventory_turnover_ratio": 2.03,
            "account_receivable_turnover_ratio": null,
            "reinvestment_rate": null,
            "research_to_sale_ratio": null,
            "price_fair": 0,
            "eps_avg_yearly": 0,
            "eps_latest_yearly": 0,
            "eps_growth_yearly": 0
        },
        "20021": {
            "year_quarter": 20021,
            "year": 2002,
            "quarter": 1,
            "eps": 0.46,
            "eps_growth_year": null,
            "eps_4q": null,
            "eps_4q_growth_year": null,
            "roe": 3.31,
            "roe_4q": 10.09,
            "gross_profit": 43792,
            "gross_margin": 24.54,
            "gross_margin_4q_avg": 17.91,
            "net_income": 13656,
            "net_income_4q": null,
            "revenue": 178433,
            "revenue_4q": null,
            "common_shares": 300000,
            "book_valuer_per_share": 14.76,
            "book_valuer_per_share_4q_avg": 10.3,
            "equity": 442669,
            "current_ratio": 183.2,
            "debt_ratio": 31.78,
            "inventory_turnover_ratio": 1.92,
            "account_receivable_turnover_ratio": null,
            "reinvestment_rate": null,
            "research_to_sale_ratio": null,
            "price_fair": 5.52,
            "eps_avg_yearly": 1.84,
            "eps_latest_yearly": 1.84,
            "eps_growth_yearly": -93.33
        },
        "20022": {
            "year_quarter": 20022,
            "year": 2002,
            "quarter": 2,
            "eps": 0.36,
            "eps_growth_year": null,
            "eps_4q": 1.65,
            "eps_4q_growth_year": null,
            "roe": 2.47,
            "roe_4q": 12.559999999999999,
            "gross_profit": 47993,
            "gross_margin": 24.59,
            "gross_margin_4q_avg": 24.06,
            "net_income": 10851,
            "net_income_4q": null,
            "revenue": 195137,
            "revenue_4q": null,
            "common_shares": 300000,
            "book_valuer_per_share": 14.49,
            "book_valuer_per_share_4q_avg": 13.92,
            "equity": 434566,
            "current_ratio": 160.87,
            "debt_ratio": 37.32,
            "inventory_turnover_ratio": 2.03,
            "account_receivable_turnover_ratio": null,
            "reinvestment_rate": null,
            "research_to_sale_ratio": null,
            "price_fair": 4.92,
            "eps_avg_yearly": 1.64,
            "eps_latest_yearly": 1.44,
            "eps_growth_yearly": -90.14
        },
        "20023": {
            "year_quarter": 20023,
            "year": 2002,
            "quarter": 3,
            "eps": 0.71,
            "eps_growth_year": 144.83,
            "eps_4q": 1.91,
            "eps_4q_growth_year": null,
            "roe": 5.48,
            "roe_4q": 15.770000000000001,
            "gross_profit": 44609,
            "gross_margin": 23.24,
            "gross_margin_4q_avg": 23.44,
            "net_income": 24496,
            "net_income_4q": null,
            "revenue": 191988,
            "revenue_4q": null,
            "common_shares": 345000,
            "book_valuer_per_share": 13.31,
            "book_valuer_per_share_4q_avg": 14.02,
            "equity": 459062,
            "current_ratio": 171.26,
            "debt_ratio": 30.36,
            "inventory_turnover_ratio": 1.97,
            "account_receivable_turnover_ratio": null,
            "reinvestment_rate": null,
            "research_to_sale_ratio": null,
            "price_fair": 71.4,
            "eps_avg_yearly": 2.04,
            "eps_latest_yearly": 2.84,
            "eps_growth_yearly": 69.53
        },
        "20024": {
            "year_quarter": 20024,
            "year": 2002,
            "quarter": 4,
            "eps": 0.62,
            "eps_growth_year": 3.33,
            "eps_4q": 2.04,
            "eps_4q_growth_year": null,
            "roe": 4.53,
            "roe_4q": 15.790000000000003,
            "gross_profit": 40467,
            "gross_margin": 20.73,
            "gross_margin_4q_avg": 23.28,
            "net_income": 21332,
            "net_income_4q": null,
            "revenue": 195183,
            "revenue_4q": null,
            "common_shares": 345000,
            "book_valuer_per_share": 14,
            "book_valuer_per_share_4q_avg": 14.14,
            "equity": 482843,
            "current_ratio": 184.31,
            "debt_ratio": 33.38,
            "inventory_turnover_ratio": 1.78,
            "account_receivable_turnover_ratio": null,
            "reinvestment_rate": null,
            "research_to_sale_ratio": null,
            "price_fair": 75.25,
            "eps_avg_yearly": 2.15,
            "eps_latest_yearly": 2.48,
            "eps_growth_yearly": 39.47
        },
        "20031": {
            "year_quarter": 20031,
            "year": 2003,
            "quarter": 1,
            "eps": 0.77,
            "eps_growth_year": 67.39,
            "eps_4q": 2.41,
            "eps_4q_growth_year": null,
            "roe": 5.36,
            "roe_4q": 17.84,
            "gross_profit": 44648,
            "gross_margin": 21.63,
            "gross_margin_4q_avg": 22.55,
            "net_income": 26578,
            "net_income_4q": null,
            "revenue": 206460,
            "revenue_4q": null,
            "common_shares": 345000,
            "book_valuer_per_share": 14.77,
            "book_valuer_per_share_4q_avg": 14.14,
            "equity": 509421,
            "current_ratio": 162.52,
            "debt_ratio": 34.55,
            "inventory_turnover_ratio": 1.76,
            "account_receivable_turnover_ratio": null,
            "reinvestment_rate": null,
            "research_to_sale_ratio": null,
            "price_fair": 81.76,
            "eps_avg_yearly": 2.34,
            "eps_latest_yearly": 3.08,
            "eps_growth_yearly": 50.93
        },
        "20032": {
            "year_quarter": 20032,
            "year": 2003,
            "quarter": 2,
            "eps": 0.78,
            "eps_growth_year": 116.67,
            "eps_4q": 2.89,
            "eps_4q_growth_year": 75.5,
            "roe": 5.23,
            "roe_4q": 20.6,
            "gross_profit": 49179,
            "gross_margin": 24.09,
            "gross_margin_4q_avg": 22.42,
            "net_income": 26783,
            "net_income_4q": null,
            "revenue": 204157,
            "revenue_4q": null,
            "common_shares": 345000,
            "book_valuer_per_share": 14.94,
            "book_valuer_per_share_4q_avg": 14.26,
            "equity": 515592,
            "current_ratio": 160.58,
            "debt_ratio": 34.87,
            "inventory_turnover_ratio": 1.78,
            "account_receivable_turnover_ratio": null,
            "reinvestment_rate": null,
            "research_to_sale_ratio": null,
            "price_fair": 86.33,
            "eps_avg_yearly": 2.47,
            "eps_latest_yearly": 3.12,
            "eps_growth_yearly": 43.31
        },
        "20033": {
            "year_quarter": 20033,
            "year": 2003,
            "quarter": 3,
            "eps": 0.77,
            "eps_growth_year": 8.45,
            "eps_4q": 2.71,
            "eps_4q_growth_year": 41.89,
            "roe": 5.61,
            "roe_4q": 20.73,
            "gross_profit": 46741,
            "gross_margin": 19.23,
            "gross_margin_4q_avg": 21.42,
            "net_income": 29676,
            "net_income_4q": null,
            "revenue": 243087,
            "revenue_4q": null,
            "common_shares": 385000,
            "book_valuer_per_share": 14.08,
            "book_valuer_per_share_4q_avg": 14.45,
            "equity": 542226,
            "current_ratio": 170.01,
            "debt_ratio": 32.72,
            "inventory_turnover_ratio": 2.19,
            "account_receivable_turnover_ratio": null,
            "reinvestment_rate": null,
            "research_to_sale_ratio": null,
            "price_fair": 89.4,
            "eps_avg_yearly": 2.55,
            "eps_latest_yearly": 3.08,
            "eps_growth_yearly": 36.39
        },
        "20034": {
            "year_quarter": 20034,
            "year": 2003,
            "quarter": 4,
            "eps": 1.02,
            "eps_growth_year": 64.52,
            "eps_4q": 3.18,
            "eps_4q_growth_year": 55.72,
            "roe": 6.45,
            "roe_4q": 22.65,
            "gross_profit": 56190,
            "gross_margin": 20.08,
            "gross_margin_4q_avg": 21.26,
            "net_income": 39153,
            "net_income_4q": null,
            "revenue": 279819,
            "revenue_4q": null,
            "common_shares": 385000,
            "book_valuer_per_share": 15.08,
            "book_valuer_per_share_4q_avg": 14.72,
            "equity": 672057,
            "current_ratio": 235.56,
            "debt_ratio": 49.64,
            "inventory_turnover_ratio": 1.75,
            "account_receivable_turnover_ratio": null,
            "reinvestment_rate": null,
            "research_to_sale_ratio": null,
            "price_fair": 96.08,
            "eps_avg_yearly": 2.75,
            "eps_latest_yearly": 4.08,
            "eps_growth_yearly": 48.08
        },
        "20041": {
            "year_quarter": 20041,
            "year": 2004,
            "quarter": 1,
            "eps": 1.03,
            "eps_growth_year": 33.77,
            "eps_4q": 3.51,
            "eps_4q_growth_year": 45.44,
            "roe": 6.19,
            "roe_4q": 23.48,
            "gross_profit": 57669,
            "gross_margin": 20.95,
            "gross_margin_4q_avg": 21.09,
            "net_income": 39739,
            "net_income_4q": null,
            "revenue": 275309,
            "revenue_4q": null,
            "common_shares": 385000,
            "book_valuer_per_share": 15.89,
            "book_valuer_per_share_4q_avg": 15,
            "equity": 611639,
            "current_ratio": 222.5,
            "debt_ratio": 46.72,
            "inventory_turnover_ratio": 1.62,
            "account_receivable_turnover_ratio": null,
            "reinvestment_rate": null,
            "research_to_sale_ratio": null,
            "price_fair": 101.42,
            "eps_avg_yearly": 2.9,
            "eps_latest_yearly": 4.12,
            "eps_growth_yearly": 43.17
        },
        "20042": {
            "year_quarter": 20042,
            "year": 2004,
            "quarter": 2,
            "eps": 0.98,
            "eps_growth_year": 25.64,
            "eps_4q": 3.8,
            "eps_4q_growth_year": 31.43,
            "roe": 6.14,
            "roe_4q": 24.39,
            "gross_profit": 61390,
            "gross_margin": 21.89,
            "gross_margin_4q_avg": 20.54,
            "net_income": 37774,
            "net_income_4q": null,
            "revenue": 280393,
            "revenue_4q": null,
            "common_shares": 385000,
            "book_valuer_per_share": 16.06,
            "book_valuer_per_share_4q_avg": 15.28,
            "equity": 618356,
            "current_ratio": 208.44,
            "debt_ratio": 46.78,
            "inventory_turnover_ratio": 2.26,
            "account_receivable_turnover_ratio": null,
            "reinvestment_rate": null,
            "research_to_sale_ratio": null,
            "price_fair": 105,
            "eps_avg_yearly": 3,
            "eps_latest_yearly": 3.92,
            "eps_growth_yearly": 36.91
        },
        "20043": {
            "year_quarter": 20043,
            "year": 2004,
            "quarter": 3,
            "eps": 1.13,
            "eps_growth_year": 46.75,
            "eps_4q": 3.68,
            "eps_4q_growth_year": 35.87,
            "roe": 8.03,
            "roe_4q": 26.81,
            "gross_profit": 66629,
            "gross_margin": 20.84,
            "gross_margin_4q_avg": 20.94,
            "net_income": 51712,
            "net_income_4q": null,
            "revenue": 319727,
            "revenue_4q": null,
            "common_shares": 459250,
            "book_valuer_per_share": 14.59,
            "book_valuer_per_share_4q_avg": 15.41,
            "equity": 670068,
            "current_ratio": 229.43,
            "debt_ratio": 43.88,
            "inventory_turnover_ratio": 2.89,
            "account_receivable_turnover_ratio": null,
            "reinvestment_rate": null,
            "research_to_sale_ratio": null,
            "price_fair": 109.84,
            "eps_avg_yearly": 3.14,
            "eps_latest_yearly": 4.52,
            "eps_growth_yearly": 39.12
        },
        "20044": {
            "year_quarter": 20044,
            "year": 2004,
            "quarter": 4,
            "eps": 0.72,
            "eps_growth_year": -29.41,
            "eps_4q": 3.54,
            "eps_4q_growth_year": 11.27,
            "roe": 4.51,
            "roe_4q": 24.87,
            "gross_profit": 59336,
            "gross_margin": 19.67,
            "gross_margin_4q_avg": 20.84,
            "net_income": 32972,
            "net_income_4q": null,
            "revenue": 301595,
            "revenue_4q": null,
            "common_shares": 459250,
            "book_valuer_per_share": 15.01,
            "book_valuer_per_share_4q_avg": 15.39,
            "equity": 791242,
            "current_ratio": 261.4,
            "debt_ratio": 45.08,
            "inventory_turnover_ratio": 2.05,
            "account_receivable_turnover_ratio": null,
            "reinvestment_rate": null,
            "research_to_sale_ratio": null,
            "price_fair": 105.24,
            "eps_avg_yearly": 3.12,
            "eps_latest_yearly": 2.88,
            "eps_growth_yearly": 23.77
        },
        "20051": {
            "year_quarter": 20051,
            "year": 2005,
            "quarter": 1,
            "eps": 0.8,
            "eps_growth_year": -22.33,
            "eps_4q": 3.43,
            "eps_4q_growth_year": -2.37,
            "roe": 4.68,
            "roe_4q": 23.36,
            "gross_profit": 52438,
            "gross_margin": 19.34,
            "gross_margin_4q_avg": 20.44,
            "net_income": 37319,
            "net_income_4q": null,
            "revenue": 271101,
            "revenue_4q": null,
            "common_shares": 484242,
            "book_valuer_per_share": 16.59,
            "book_valuer_per_share_4q_avg": 15.56,
            "equity": 803168,
            "current_ratio": 217.38,
            "debt_ratio": 38.63,
            "inventory_turnover_ratio": 1.97,
            "account_receivable_turnover_ratio": null,
            "reinvestment_rate": null,
            "research_to_sale_ratio": null,
            "price_fair": 109.31,
            "eps_avg_yearly": 3.12,
            "eps_latest_yearly": 3.2,
            "eps_growth_yearly": 25.36
        },
        "20052": {
            "year_quarter": 20052,
            "year": 2005,
            "quarter": 2,
            "eps": 0.85,
            "eps_growth_year": -13.27,
            "eps_4q": 3.4,
            "eps_4q_growth_year": -10.35,
            "roe": 5.25,
            "roe_4q": 22.47,
            "gross_profit": 56370,
            "gross_margin": 20.1,
            "gross_margin_4q_avg": 19.99,
            "net_income": 40606,
            "net_income_4q": null,
            "revenue": 280414,
            "revenue_4q": null,
            "common_shares": 484871,
            "book_valuer_per_share": 15.33,
            "book_valuer_per_share_4q_avg": 15.38,
            "equity": 743106,
            "current_ratio": 171.29,
            "debt_ratio": 45.18,
            "inventory_turnover_ratio": 3.3,
            "account_receivable_turnover_ratio": null,
            "reinvestment_rate": 39.12,
            "research_to_sale_ratio": null,
            "price_fair": 110,
            "eps_avg_yearly": 3.14,
            "eps_latest_yearly": 3.4,
            "eps_growth_yearly": 25.33
        },
        "20053": {
            "year_quarter": 20053,
            "year": 2005,
            "quarter": 3,
            "eps": 1.28,
            "eps_growth_year": 13.27,
            "eps_4q": 3.43,
            "eps_4q_growth_year": -6.74,
            "roe": 7.84,
            "roe_4q": 22.28,
            "gross_profit": 74791,
            "gross_margin": 22.06,
            "gross_margin_4q_avg": 20.29,
            "net_income": 65981,
            "net_income_4q": null,
            "revenue": 339076,
            "revenue_4q": null,
            "common_shares": 549834,
            "book_valuer_per_share": 17.09,
            "book_valuer_per_share_4q_avg": 16.01,
            "equity": 939475,
            "current_ratio": 185.19,
            "debt_ratio": 34.39,
            "inventory_turnover_ratio": 4.2,
            "account_receivable_turnover_ratio": null,
            "reinvestment_rate": -9.29,
            "research_to_sale_ratio": null,
            "price_fair": 114.61,
            "eps_avg_yearly": 3.27,
            "eps_latest_yearly": 5.12,
            "eps_growth_yearly": 37.13
        },
        "20054": {
            "year_quarter": 20054,
            "year": 2005,
            "quarter": 4,
            "eps": 0.9,
            "eps_growth_year": 25,
            "eps_4q": 3.66,
            "eps_4q_growth_year": 3.41,
            "roe": 4.6,
            "roe_4q": 22.369999999999997,
            "gross_profit": 101636,
            "gross_margin": 26.4,
            "gross_margin_4q_avg": 21.98,
            "net_income": 46879,
            "net_income_4q": null,
            "revenue": 384985,
            "revenue_4q": null,
            "common_shares": 552584,
            "book_valuer_per_share": 17.94,
            "book_valuer_per_share_4q_avg": 16.74,
            "equity": 1097465,
            "current_ratio": 261.72,
            "debt_ratio": 32.62,
            "inventory_turnover_ratio": 2.94,
            "account_receivable_turnover_ratio": null,
            "reinvestment_rate": 23.87,
            "research_to_sale_ratio": null,
            "price_fair": 115.33,
            "eps_avg_yearly": 3.3,
            "eps_latest_yearly": 3.6,
            "eps_growth_yearly": 27.39
        },
        "20061": {
            "year_quarter": 20061,
            "year": 2006,
            "quarter": 1,
            "eps": 0.6,
            "eps_growth_year": -25,
            "eps_4q": 3.39,
            "eps_4q_growth_year": -1.09,
            "roe": 3.11,
            "roe_4q": 20.799999999999997,
            "gross_profit": 62965,
            "gross_margin": 20.23,
            "gross_margin_4q_avg": 22.2,
            "net_income": 33029,
            "net_income_4q": null,
            "revenue": 311293,
            "revenue_4q": null,
            "common_shares": 552584,
            "book_valuer_per_share": 18.54,
            "book_valuer_per_share_4q_avg": 17.23,
            "equity": 1024388,
            "current_ratio": 195.82,
            "debt_ratio": 31.9,
            "inventory_turnover_ratio": 2.77,
            "account_receivable_turnover_ratio": null,
            "reinvestment_rate": -5.1,
            "research_to_sale_ratio": null,
            "price_fair": 116.19,
            "eps_avg_yearly": 3.33,
            "eps_latest_yearly": 2.4,
            "eps_growth_yearly": 24.89
        },
        "20062": {
            "year_quarter": 20062,
            "year": 2006,
            "quarter": 2,
            "eps": 0.92,
            "eps_growth_year": 8.24,
            "eps_4q": 3.57,
            "eps_4q_growth_year": 4.84,
            "roe": 4.98,
            "roe_4q": 20.53,
            "gross_profit": 80260,
            "gross_margin": 20.65,
            "gross_margin_4q_avg": 22.34,
            "net_income": 50677,
            "net_income_4q": null,
            "revenue": 388743,
            "revenue_4q": null,
            "common_shares": 552584,
            "book_valuer_per_share": 18.31,
            "book_valuer_per_share_4q_avg": 17.97,
            "equity": 1011851,
            "current_ratio": 188.57,
            "debt_ratio": 33.68,
            "inventory_turnover_ratio": 6.33,
            "account_receivable_turnover_ratio": null,
            "reinvestment_rate": -5.03,
            "research_to_sale_ratio": null,
            "price_fair": 121.45,
            "eps_avg_yearly": 3.47,
            "eps_latest_yearly": 3.68,
            "eps_growth_yearly": 43.66
        },
        "20063": {
            "year_quarter": 20063,
            "year": 2006,
            "quarter": 3,
            "eps": 1.07,
            "eps_growth_year": -16.41,
            "eps_4q": 3.01,
            "eps_4q_growth_year": -12.33,
            "roe": 6.88,
            "roe_4q": 19.57,
            "gross_profit": 106926,
            "gross_margin": 24.48,
            "gross_margin_4q_avg": 22.94,
            "net_income": 72082,
            "net_income_4q": null,
            "revenue": 436846,
            "revenue_4q": null,
            "common_shares": 674630,
            "book_valuer_per_share": 16.07,
            "book_valuer_per_share_4q_avg": 17.72,
            "equity": 1083932,
            "current_ratio": 189.41,
            "debt_ratio": 33.15,
            "inventory_turnover_ratio": 6.1,
            "account_receivable_turnover_ratio": null,
            "reinvestment_rate": -2.25,
            "research_to_sale_ratio": null,
            "price_fair": 119.01,
            "eps_avg_yearly": 3.56,
            "eps_latest_yearly": 4.28,
            "eps_growth_yearly": 23.43
        },
        "20064": {
            "year_quarter": 20064,
            "year": 2006,
            "quarter": 4,
            "eps": 0.74,
            "eps_growth_year": -17.78,
            "eps_4q": 3.04,
            "eps_4q_growth_year": -16.99,
            "roe": 4.26,
            "roe_4q": 19.23,
            "gross_profit": 107330,
            "gross_margin": 21.03,
            "gross_margin_4q_avg": 21.6,
            "net_income": 50112,
            "net_income_4q": null,
            "revenue": 510369,
            "revenue_4q": null,
            "common_shares": 674630,
            "book_valuer_per_share": 16.81,
            "book_valuer_per_share_4q_avg": 17.43,
            "equity": 1267407,
            "current_ratio": 254.57,
            "debt_ratio": 35.88,
            "inventory_turnover_ratio": 3.17,
            "account_receivable_turnover_ratio": null,
            "reinvestment_rate": 21.16,
            "research_to_sale_ratio": null,
            "price_fair": 103.71,
            "eps_avg_yearly": 3.59,
            "eps_latest_yearly": 2.96,
            "eps_growth_yearly": 18.89
        },
        "20071": {
            "year_quarter": 20071,
            "year": 2007,
            "quarter": 1,
            "eps": 1.22,
            "eps_growth_year": 103.33,
            "eps_4q": 3.79,
            "eps_4q_growth_year": 11.91,
            "roe": 6.59,
            "roe_4q": 22.71,
            "gross_profit": 105318,
            "gross_margin": 23.97,
            "gross_margin_4q_avg": 22.53,
            "net_income": 82019,
            "net_income_4q": null,
            "revenue": 439422,
            "revenue_4q": null,
            "common_shares": 674630,
            "book_valuer_per_share": 18.1,
            "book_valuer_per_share_4q_avg": 17.32,
            "equity": 1221013,
            "current_ratio": 187.62,
            "debt_ratio": 31.88,
            "inventory_turnover_ratio": 2.69,
            "account_receivable_turnover_ratio": null,
            "reinvestment_rate": -2.51,
            "research_to_sale_ratio": null,
            "price_fair": 129.59,
            "eps_avg_yearly": 3.7,
            "eps_latest_yearly": 4.88,
            "eps_growth_yearly": 29.06
        },
        "20072": {
            "year_quarter": 20072,
            "year": 2007,
            "quarter": 2,
            "eps": 1.48,
            "eps_growth_year": 60.87,
            "eps_4q": 4.52,
            "eps_4q_growth_year": 26.57,
            "roe": 8.26,
            "roe_4q": 25.99,
            "gross_profit": 126665,
            "gross_margin": 24.54,
            "gross_margin_4q_avg": 23.51,
            "net_income": 99530,
            "net_income_4q": null,
            "revenue": 516220,
            "revenue_4q": null,
            "common_shares": 674630,
            "book_valuer_per_share": 17.62,
            "book_valuer_per_share_4q_avg": 17.15,
            "equity": 1188965,
            "current_ratio": 131.18,
            "debt_ratio": 47.14,
            "inventory_turnover_ratio": 6.73,
            "account_receivable_turnover_ratio": null,
            "reinvestment_rate": -0.98,
            "research_to_sale_ratio": null,
            "price_fair": 135.71,
            "eps_avg_yearly": 3.88,
            "eps_latest_yearly": 5.92,
            "eps_growth_yearly": 34.06
        },
        "20073": {
            "year_quarter": 20073,
            "year": 2007,
            "quarter": 3,
            "eps": 2.42,
            "eps_growth_year": 126.17,
            "eps_4q": 5.63,
            "eps_4q_growth_year": 87.15,
            "roe": 13.45,
            "roe_4q": 32.56,
            "gross_profit": 144717,
            "gross_margin": 23.79,
            "gross_margin_4q_avg": 23.33,
            "net_income": 174631,
            "net_income_4q": null,
            "revenue": 608238,
            "revenue_4q": null,
            "common_shares": 720362,
            "book_valuer_per_share": 19.54,
            "book_valuer_per_share_4q_avg": 18.02,
            "equity": 1407886,
            "current_ratio": 211.52,
            "debt_ratio": 40.82,
            "inventory_turnover_ratio": 7.08,
            "account_receivable_turnover_ratio": null,
            "reinvestment_rate": -0.92,
            "research_to_sale_ratio": null,
            "price_fair": 150.15,
            "eps_avg_yearly": 4.29,
            "eps_latest_yearly": 9.68,
            "eps_growth_yearly": 50.26
        },
        "20074": {
            "year_quarter": 20074,
            "year": 2007,
            "quarter": 4,
            "eps": 0.89,
            "eps_growth_year": 20.27,
            "eps_4q": 5.88,
            "eps_4q_growth_year": 93.43,
            "roe": 4.34,
            "roe_4q": 32.64,
            "gross_profit": 144503,
            "gross_margin": 27.95,
            "gross_margin_4q_avg": 25.06,
            "net_income": 63513,
            "net_income_4q": null,
            "revenue": 516929,
            "revenue_4q": null,
            "common_shares": 720440,
            "book_valuer_per_share": 18.26,
            "book_valuer_per_share_4q_avg": 18.38,
            "equity": 1518536,
            "current_ratio": 252.13,
            "debt_ratio": 44.44,
            "inventory_turnover_ratio": 2.2,
            "account_receivable_turnover_ratio": null,
            "reinvestment_rate": 21.13,
            "research_to_sale_ratio": null,
            "price_fair": 149.01,
            "eps_avg_yearly": 4.26,
            "eps_latest_yearly": 3.56,
            "eps_growth_yearly": 26.34
        },
        "20081": {
            "year_quarter": 20081,
            "year": 2008,
            "quarter": 1,
            "eps": 0.37,
            "eps_growth_year": -69.67,
            "eps_4q": 4.53,
            "eps_4q_growth_year": 19.53,
            "roe": 1.94,
            "roe_4q": 27.989999999999995,
            "gross_profit": 160796,
            "gross_margin": 25.35,
            "gross_margin_4q_avg": 25.41,
            "net_income": 29690,
            "net_income_4q": null,
            "revenue": 634247,
            "revenue_4q": null,
            "common_shares": 720440,
            "book_valuer_per_share": 18.57,
            "book_valuer_per_share_4q_avg": 18.5,
            "equity": 1545231,
            "current_ratio": 265.39,
            "debt_ratio": 42.32,
            "inventory_turnover_ratio": 1.59,
            "account_receivable_turnover_ratio": null,
            "reinvestment_rate": 34.04,
            "research_to_sale_ratio": null,
            "price_fair": 87.92,
            "eps_avg_yearly": 4.09,
            "eps_latest_yearly": 1.48,
            "eps_growth_yearly": 11.48
        },
        "20082": {
            "year_quarter": 20082,
            "year": 2008,
            "quarter": 2,
            "eps": 0.68,
            "eps_growth_year": -54.05,
            "eps_4q": 4.07,
            "eps_4q_growth_year": -9.87,
            "roe": 3.65,
            "roe_4q": 23.38,
            "gross_profit": 170681,
            "gross_margin": 24.01,
            "gross_margin_4q_avg": 25.28,
            "net_income": 51989,
            "net_income_4q": null,
            "revenue": 710975,
            "revenue_4q": null,
            "common_shares": 720440,
            "book_valuer_per_share": 15.27,
            "book_valuer_per_share_4q_avg": 17.91,
            "equity": 1303610,
            "current_ratio": 202.45,
            "debt_ratio": 50.76,
            "inventory_turnover_ratio": 1.82,
            "account_receivable_turnover_ratio": null,
            "reinvestment_rate": 31.09,
            "research_to_sale_ratio": null,
            "price_fair": 140.61,
            "eps_avg_yearly": 4.02,
            "eps_latest_yearly": 2.72,
            "eps_growth_yearly": 33.64
        },
        "20083": {
            "year_quarter": 20083,
            "year": 2008,
            "quarter": 3,
            "eps": 0.81,
            "eps_growth_year": -66.53,
            "eps_4q": 2.35,
            "eps_4q_growth_year": -58.22,
            "roe": 5.25,
            "roe_4q": 15.18,
            "gross_profit": 143911,
            "gross_margin": 25.21,
            "gross_margin_4q_avg": 25.63,
            "net_income": 67838,
            "net_income_4q": null,
            "revenue": 570816,
            "revenue_4q": null,
            "common_shares": 772261,
            "book_valuer_per_share": 14.32,
            "book_valuer_per_share_4q_avg": 16.61,
            "equity": 1278677,
            "current_ratio": 179.64,
            "debt_ratio": 44,
            "inventory_turnover_ratio": 1.65,
            "account_receivable_turnover_ratio": null,
            "reinvestment_rate": 28.05,
            "research_to_sale_ratio": null,
            "price_fair": 137.81,
            "eps_avg_yearly": 3.94,
            "eps_latest_yearly": 3.24,
            "eps_growth_yearly": 34.6
        },
        "20084": {
            "year_quarter": 20084,
            "year": 2008,
            "quarter": 4,
            "eps": 0.29,
            "eps_growth_year": -67.42,
            "eps_4q": 1.85,
            "eps_4q_growth_year": -68.6,
            "roe": 1.93,
            "roe_4q": 12.77,
            "gross_profit": 112272,
            "gross_margin": 23.1,
            "gross_margin_4q_avg": 24.42,
            "net_income": 24308,
            "net_income_4q": null,
            "revenue": 485941,
            "revenue_4q": null,
            "common_shares": 772261,
            "book_valuer_per_share": 13.83,
            "book_valuer_per_share_4q_avg": 15.5,
            "equity": 1241371,
            "current_ratio": 200.52,
            "debt_ratio": 39.9,
            "inventory_turnover_ratio": 1.58,
            "account_receivable_turnover_ratio": 1.82,
            "reinvestment_rate": 11.99,
            "research_to_sale_ratio": null,
            "price_fair": 134.05,
            "eps_avg_yearly": 3.83,
            "eps_latest_yearly": 1.16,
            "eps_growth_yearly": 27.62
        },
        "20091": {
            "year_quarter": 20091,
            "year": 2009,
            "quarter": 1,
            "eps": 0.65,
            "eps_growth_year": 75.68,
            "eps_4q": 2.09,
            "eps_4q_growth_year": -53.96,
            "roe": 4.29,
            "roe_4q": 15.12,
            "gross_profit": 135236,
            "gross_margin": 26.63,
            "gross_margin_4q_avg": 24.74,
            "net_income": 55066,
            "net_income_4q": null,
            "revenue": 507740,
            "revenue_4q": null,
            "common_shares": 772261,
            "book_valuer_per_share": 14.82,
            "book_valuer_per_share_4q_avg": 14.56,
            "equity": 1327008,
            "current_ratio": 215.99,
            "debt_ratio": 37.76,
            "inventory_turnover_ratio": 1.77,
            "account_receivable_turnover_ratio": 0.95,
            "reinvestment_rate": 25.34,
            "research_to_sale_ratio": null,
            "price_fair": 132.74,
            "eps_avg_yearly": 3.79,
            "eps_latest_yearly": 2.6,
            "eps_growth_yearly": 55.87
        },
        "20092": {
            "year_quarter": 20092,
            "year": 2009,
            "quarter": 2,
            "eps": 0.6,
            "eps_growth_year": -11.76,
            "eps_4q": 2.12,
            "eps_4q_growth_year": -47.92,
            "roe": 3.71,
            "roe_4q": 15.18,
            "gross_profit": 136906,
            "gross_margin": 27.37,
            "gross_margin_4q_avg": 25.58,
            "net_income": 49120,
            "net_income_4q": null,
            "revenue": 500205,
            "revenue_4q": null,
            "common_shares": 772261,
            "book_valuer_per_share": 14.77,
            "book_valuer_per_share_4q_avg": 14.44,
            "equity": 1320723,
            "current_ratio": 204.11,
            "debt_ratio": 38.56,
            "inventory_turnover_ratio": 2,
            "account_receivable_turnover_ratio": 0.97,
            "reinvestment_rate": 24.85,
            "research_to_sale_ratio": null,
            "price_fair": 130.55,
            "eps_avg_yearly": 3.73,
            "eps_latest_yearly": 2.4,
            "eps_growth_yearly": 52.39
        },
        "20093": {
            "year_quarter": 20093,
            "year": 2009,
            "quarter": 3,
            "eps": 0.45,
            "eps_growth_year": -44.44,
            "eps_4q": 1.55,
            "eps_4q_growth_year": -34.06,
            "roe": 3.04,
            "roe_4q": 12.969999999999999,
            "gross_profit": 149206,
            "gross_margin": 29.56,
            "gross_margin_4q_avg": 26.67,
            "net_income": 42454,
            "net_income_4q": null,
            "revenue": 504775,
            "revenue_4q": null,
            "common_shares": 772261,
            "book_valuer_per_share": 15.99,
            "book_valuer_per_share_4q_avg": 14.85,
            "equity": 1475494,
            "current_ratio": 292.41,
            "debt_ratio": 28.78,
            "inventory_turnover_ratio": 2.05,
            "account_receivable_turnover_ratio": 1,
            "reinvestment_rate": 25.25,
            "research_to_sale_ratio": null,
            "price_fair": 123.29,
            "eps_avg_yearly": 3.52,
            "eps_latest_yearly": 1.8,
            "eps_growth_yearly": 33.49
        },
        "20094": {
            "year_quarter": 20094,
            "year": 2009,
            "quarter": 4,
            "eps": 0.38,
            "eps_growth_year": 31.03,
            "eps_4q": 2.08,
            "eps_4q_growth_year": 12.57,
            "roe": 2.34,
            "roe_4q": 13.379999999999999,
            "gross_profit": 122258,
            "gross_margin": 25.52,
            "gross_margin_4q_avg": 27.27,
            "net_income": 35383,
            "net_income_4q": null,
            "revenue": 478998,
            "revenue_4q": null,
            "common_shares": 772261,
            "book_valuer_per_share": 17.57,
            "book_valuer_per_share_4q_avg": 15.79,
            "equity": 1544352,
            "current_ratio": 297,
            "debt_ratio": 28.23,
            "inventory_turnover_ratio": 1.96,
            "account_receivable_turnover_ratio": 1.91,
            "reinvestment_rate": 32.05,
            "research_to_sale_ratio": null,
            "price_fair": 118.74,
            "eps_avg_yearly": 3.39,
            "eps_latest_yearly": 1.52,
            "eps_growth_yearly": 37.02
        },
        "20101": {
            "year_quarter": 20101,
            "year": 2010,
            "quarter": 1,
            "eps": 0.44,
            "eps_growth_year": -32.31,
            "eps_4q": 1.87,
            "eps_4q_growth_year": -10.29,
            "roe": 2.38,
            "roe_4q": 11.469999999999999,
            "gross_profit": 118967,
            "gross_margin": 22.1,
            "gross_margin_4q_avg": 26.14,
            "net_income": 36952,
            "net_income_4q": null,
            "revenue": 538348,
            "revenue_4q": null,
            "common_shares": 772261,
            "book_valuer_per_share": 17.69,
            "book_valuer_per_share_4q_avg": 16.51,
            "equity": 1557616,
            "current_ratio": 285.68,
            "debt_ratio": 30.69,
            "inventory_turnover_ratio": 2.03,
            "account_receivable_turnover_ratio": 1.01,
            "reinvestment_rate": 41.56,
            "research_to_sale_ratio": 2.25,
            "price_fair": 117.34,
            "eps_avg_yearly": 3.35,
            "eps_latest_yearly": 1.76,
            "eps_growth_yearly": 49.3
        },
        "20102": {
            "year_quarter": 20102,
            "year": 2010,
            "quarter": 2,
            "eps": 0.42,
            "eps_growth_year": -29.44,
            "eps_4q": 1.68,
            "eps_4q_growth_year": -20.65,
            "roe": 2.45,
            "roe_4q": 10.21,
            "gross_profit": 143540,
            "gross_margin": 23.11,
            "gross_margin_4q_avg": 25.07,
            "net_income": 37253,
            "net_income_4q": null,
            "revenue": 621018,
            "revenue_4q": null,
            "common_shares": 772261,
            "book_valuer_per_share": 16.45,
            "book_valuer_per_share_4q_avg": 16.93,
            "equity": 1482277,
            "current_ratio": 229.92,
            "debt_ratio": 37.13,
            "inventory_turnover_ratio": 2.06,
            "account_receivable_turnover_ratio": 1.02,
            "reinvestment_rate": 42.01,
            "research_to_sale_ratio": 1.95,
            "price_fair": 112.96,
            "eps_avg_yearly": 3.23,
            "eps_latest_yearly": 1.68,
            "eps_growth_yearly": 34.84
        },
        "20103": {
            "year_quarter": 20103,
            "year": 2010,
            "quarter": 3,
            "eps": 0.28,
            "eps_growth_year": -38.67,
            "eps_4q": 1.51,
            "eps_4q_growth_year": -2.36,
            "roe": 1.46,
            "roe_4q": 8.629999999999999,
            "gross_profit": 135221,
            "gross_margin": 21.74,
            "gross_margin_4q_avg": 23.12,
            "net_income": 21839,
            "net_income_4q": null,
            "revenue": 622117,
            "revenue_4q": null,
            "common_shares": 772261,
            "book_valuer_per_share": 16.66,
            "book_valuer_per_share_4q_avg": 17.09,
            "equity": 1502872,
            "current_ratio": 266.2,
            "debt_ratio": 31.68,
            "inventory_turnover_ratio": 2,
            "account_receivable_turnover_ratio": 0.95,
            "reinvestment_rate": 42.38,
            "research_to_sale_ratio": 2.01,
            "price_fair": 98.25,
            "eps_avg_yearly": 3.03,
            "eps_latest_yearly": 1.12,
            "eps_growth_yearly": 22.43
        },
        "20104": {
            "year_quarter": 20104,
            "year": 2010,
            "quarter": 4,
            "eps": -0.05,
            "eps_growth_year": -112.33,
            "eps_4q": 1.09,
            "eps_4q_growth_year": -47.63,
            "roe": -0.58,
            "roe_4q": 5.71,
            "gross_profit": 96958,
            "gross_margin": 16.55,
            "gross_margin_4q_avg": 20.88,
            "net_income": -8710,
            "net_income_4q": null,
            "revenue": 586024,
            "revenue_4q": null,
            "common_shares": 772261,
            "book_valuer_per_share": 16.44,
            "book_valuer_per_share_4q_avg": 16.81,
            "equity": 1479668,
            "current_ratio": 267.06,
            "debt_ratio": 30.7,
            "inventory_turnover_ratio": 2.01,
            "account_receivable_turnover_ratio": 0.92,
            "reinvestment_rate": 30.16,
            "research_to_sale_ratio": 1.83,
            "price_fair": 106.21,
            "eps_avg_yearly": 3.03,
            "eps_latest_yearly": 1.12,
            "eps_growth_yearly": 32.15
        },
        "20111": {
            "year_quarter": 20111,
            "year": 2011,
            "quarter": 1,
            "eps": 0.19,
            "eps_growth_year": -56.82,
            "eps_4q": 0.84,
            "eps_4q_growth_year": -54.95,
            "roe": 1.12,
            "roe_4q": 4.45,
            "gross_profit": 102656,
            "gross_margin": 18.95,
            "gross_margin_4q_avg": 20.09,
            "net_income": 16366,
            "net_income_4q": null,
            "revenue": 541622,
            "revenue_4q": null,
            "common_shares": 748231,
            "book_valuer_per_share": 16.45,
            "book_valuer_per_share_4q_avg": 16.5,
            "equity": 1430236,
            "current_ratio": 246.52,
            "debt_ratio": 32.58,
            "inventory_turnover_ratio": 1.73,
            "account_receivable_turnover_ratio": 0.86,
            "reinvestment_rate": 60.13,
            "research_to_sale_ratio": 1.6,
            "price_fair": 75.21,
            "eps_avg_yearly": 2.9,
            "eps_latest_yearly": 1.12,
            "eps_growth_yearly": 15.91
        },
        "20112": {
            "year_quarter": 20112,
            "year": 2011,
            "quarter": 2,
            "eps": 0.24,
            "eps_growth_year": -43.4,
            "eps_4q": 0.66,
            "eps_4q_growth_year": -60.8,
            "roe": 1.57,
            "roe_4q": 3.5700000000000003,
            "gross_profit": 112906,
            "gross_margin": 18.44,
            "gross_margin_4q_avg": 18.92,
            "net_income": 22226,
            "net_income_4q": null,
            "revenue": 612423,
            "revenue_4q": null,
            "common_shares": 748231,
            "book_valuer_per_share": 16.03,
            "book_valuer_per_share_4q_avg": 16.4,
            "equity": 1408350,
            "current_ratio": 237.7,
            "debt_ratio": 33.65,
            "inventory_turnover_ratio": 1.93,
            "account_receivable_turnover_ratio": 0.92,
            "reinvestment_rate": 53.65,
            "research_to_sale_ratio": 1.81,
            "price_fair": 69.67,
            "eps_avg_yearly": 2.55,
            "eps_latest_yearly": 0.96,
            "eps_growth_yearly": 17.34
        },
        "20113": {
            "year_quarter": 20113,
            "year": 2011,
            "quarter": 3,
            "eps": 0.39,
            "eps_growth_year": 39.89,
            "eps_4q": 0.77,
            "eps_4q_growth_year": -48.95,
            "roe": 2.48,
            "roe_4q": 4.59,
            "gross_profit": 100461,
            "gross_margin": 17.16,
            "gross_margin_4q_avg": 17.78,
            "net_income": 35007,
            "net_income_4q": null,
            "revenue": 585554,
            "revenue_4q": null,
            "common_shares": 748231,
            "book_valuer_per_share": 16.16,
            "book_valuer_per_share_4q_avg": 16.27,
            "equity": 1413276,
            "current_ratio": 274.15,
            "debt_ratio": 31,
            "inventory_turnover_ratio": 2.09,
            "account_receivable_turnover_ratio": 0.83,
            "reinvestment_rate": 64.25,
            "research_to_sale_ratio": 2.03,
            "price_fair": 53.25,
            "eps_avg_yearly": 1.97,
            "eps_latest_yearly": 1.56,
            "eps_growth_yearly": 17.05
        },
        "20114": {
            "year_quarter": 20114,
            "year": 2011,
            "quarter": 4,
            "eps": -0.19,
            "eps_growth_year": null,
            "eps_4q": 0.64,
            "eps_4q_growth_year": -41.56,
            "roe": -1.05,
            "roe_4q": 4.12,
            "gross_profit": 63003,
            "gross_margin": 11.18,
            "gross_margin_4q_avg": 16.43,
            "net_income": -14611,
            "net_income_4q": null,
            "revenue": 563787,
            "revenue_4q": null,
            "common_shares": 732491,
            "book_valuer_per_share": 16.05,
            "book_valuer_per_share_4q_avg": 16.17,
            "equity": 1378821,
            "current_ratio": 263.3,
            "debt_ratio": 32.13,
            "inventory_turnover_ratio": 2.23,
            "account_receivable_turnover_ratio": 0.81,
            "reinvestment_rate": -5.5,
            "research_to_sale_ratio": 1.63,
            "price_fair": 64.62,
            "eps_avg_yearly": 1.85,
            "eps_latest_yearly": 1.56,
            "eps_growth_yearly": 37.81
        },
        "20121": {
            "year_quarter": 20121,
            "year": 2012,
            "quarter": 1,
            "eps": 0.16,
            "eps_growth_year": -15.79,
            "eps_4q": 0.61,
            "eps_4q_growth_year": -28,
            "roe": 0.81,
            "roe_4q": 3.8100000000000005,
            "gross_profit": 98185,
            "gross_margin": 18.29,
            "gross_margin_4q_avg": 16.27,
            "net_income": 11166,
            "net_income_4q": null,
            "revenue": 536827,
            "revenue_4q": null,
            "common_shares": 732491,
            "book_valuer_per_share": 16.23,
            "book_valuer_per_share_4q_avg": 16.12,
            "equity": 1373250,
            "current_ratio": 268.1,
            "debt_ratio": 31.8,
            "inventory_turnover_ratio": 1.91,
            "account_receivable_turnover_ratio": 0.81,
            "reinvestment_rate": -9.24,
            "research_to_sale_ratio": 1.44,
            "price_fair": 65.68,
            "eps_avg_yearly": 1.88,
            "eps_latest_yearly": 1.56,
            "eps_growth_yearly": 60.44
        },
        "20122": {
            "year_quarter": 20122,
            "year": 2012,
            "quarter": 2,
            "eps": 0.58,
            "eps_growth_year": 142.81,
            "eps_4q": 0.94,
            "eps_4q_growth_year": 42.45,
            "roe": 3.08,
            "roe_4q": 5.32,
            "gross_profit": 119650,
            "gross_margin": 18.77,
            "gross_margin_4q_avg": 16.35,
            "net_income": 42536,
            "net_income_4q": null,
            "revenue": 637294,
            "revenue_4q": null,
            "common_shares": 718391,
            "book_valuer_per_share": 16.41,
            "book_valuer_per_share_4q_avg": 16.21,
            "equity": 1389548,
            "current_ratio": 253.33,
            "debt_ratio": 34.33,
            "inventory_turnover_ratio": 2.57,
            "account_receivable_turnover_ratio": 0.92,
            "reinvestment_rate": -17.72,
            "research_to_sale_ratio": 1.4,
            "price_fair": 64.52,
            "eps_avg_yearly": 1.84,
            "eps_latest_yearly": 2.32,
            "eps_growth_yearly": 120.01
        },
        "20123": {
            "year_quarter": 20123,
            "year": 2012,
            "quarter": 3,
            "eps": 0.61,
            "eps_growth_year": 58.84,
            "eps_4q": 1.15,
            "eps_4q_growth_year": 49.28,
            "roe": 3.2,
            "roe_4q": 6.04,
            "gross_profit": 137180,
            "gross_margin": 20.7,
            "gross_margin_4q_avg": 17.24,
            "net_income": 45182,
            "net_income_4q": null,
            "revenue": 662776,
            "revenue_4q": null,
            "common_shares": 718391,
            "book_valuer_per_share": 17.01,
            "book_valuer_per_share_4q_avg": 16.43,
            "equity": 1434231,
            "current_ratio": 254.09,
            "debt_ratio": 33.82,
            "inventory_turnover_ratio": 3.02,
            "account_receivable_turnover_ratio": 0.91,
            "reinvestment_rate": -11.32,
            "research_to_sale_ratio": 1.31,
            "price_fair": 62.18,
            "eps_avg_yearly": 1.78,
            "eps_latest_yearly": 2.44,
            "eps_growth_yearly": 115.36
        },
        "20124": {
            "year_quarter": 20124,
            "year": 2012,
            "quarter": 4,
            "eps": 0.22,
            "eps_growth_year": null,
            "eps_4q": 1.58,
            "eps_4q_growth_year": 147.76,
            "roe": 0.84,
            "roe_4q": 7.93,
            "gross_profit": 112373,
            "gross_margin": 19.29,
            "gross_margin_4q_avg": 19.26,
            "net_income": 12113,
            "net_income_4q": null,
            "revenue": 582517,
            "revenue_4q": null,
            "common_shares": 718391,
            "book_valuer_per_share": 17.28,
            "book_valuer_per_share_4q_avg": 16.73,
            "equity": 1449679,
            "current_ratio": 268.16,
            "debt_ratio": 32.67,
            "inventory_turnover_ratio": 2.67,
            "account_receivable_turnover_ratio": 0.83,
            "reinvestment_rate": -9.18,
            "research_to_sale_ratio": 1.27,
            "price_fair": 61.37,
            "eps_avg_yearly": 1.75,
            "eps_latest_yearly": 0.88,
            "eps_growth_yearly": 115.45
        },
        "20131": {
            "year_quarter": 20131,
            "year": 2013,
            "quarter": 1,
            "eps": 0.54,
            "eps_growth_year": 237.5,
            "eps_4q": 1.96,
            "eps_4q_growth_year": 222.24,
            "roe": 2.76,
            "roe_4q": 9.879999999999999,
            "gross_profit": 112304,
            "gross_margin": 19.77,
            "gross_margin_4q_avg": 19.63,
            "net_income": 40241,
            "net_income_4q": null,
            "revenue": 567991,
            "revenue_4q": null,
            "common_shares": 718391,
            "book_valuer_per_share": 17.58,
            "book_valuer_per_share_4q_avg": 17.07,
            "equity": 1470572,
            "current_ratio": 291.59,
            "debt_ratio": 30.93,
            "inventory_turnover_ratio": 2.51,
            "account_receivable_turnover_ratio": 0.82,
            "reinvestment_rate": -1.71,
            "research_to_sale_ratio": 1.33,
            "price_fair": 60.08,
            "eps_avg_yearly": 1.72,
            "eps_latest_yearly": 2.16,
            "eps_growth_yearly": 122.56
        },
        "20132": {
            "year_quarter": 20132,
            "year": 2013,
            "quarter": 2,
            "eps": 0.56,
            "eps_growth_year": -3.76,
            "eps_4q": 1.94,
            "eps_4q_growth_year": 106.44,
            "roe": 2.79,
            "roe_4q": 9.59,
            "gross_profit": 123333,
            "gross_margin": 20.52,
            "gross_margin_4q_avg": 20.07,
            "net_income": 40597,
            "net_income_4q": null,
            "revenue": 601162,
            "revenue_4q": null,
            "common_shares": 718391,
            "book_valuer_per_share": 17.26,
            "book_valuer_per_share_4q_avg": 17.28,
            "equity": 1442951,
            "current_ratio": 243.31,
            "debt_ratio": 35.72,
            "inventory_turnover_ratio": 2.62,
            "account_receivable_turnover_ratio": 0.86,
            "reinvestment_rate": -3.43,
            "research_to_sale_ratio": 1.26,
            "price_fair": 59.62,
            "eps_avg_yearly": 1.7,
            "eps_latest_yearly": 2.24,
            "eps_growth_yearly": 126.36
        },
        "20133": {
            "year_quarter": 20133,
            "year": 2013,
            "quarter": 3,
            "eps": 0.53,
            "eps_growth_year": -13.57,
            "eps_4q": 1.86,
            "eps_4q_growth_year": 60.93,
            "roe": 2.54,
            "roe_4q": 8.93,
            "gross_profit": 141725,
            "gross_margin": 22.98,
            "gross_margin_4q_avg": 20.64,
            "net_income": 37173,
            "net_income_4q": null,
            "revenue": 616602,
            "revenue_4q": null,
            "common_shares": 718391,
            "book_valuer_per_share": 17.84,
            "book_valuer_per_share_4q_avg": 17.49,
            "equity": 1483566,
            "current_ratio": 270.24,
            "debt_ratio": 32.64,
            "inventory_turnover_ratio": 2.57,
            "account_receivable_turnover_ratio": 0.88,
            "reinvestment_rate": -0.44,
            "research_to_sale_ratio": 1.19,
            "price_fair": 60.55,
            "eps_avg_yearly": 1.73,
            "eps_latest_yearly": 2.12,
            "eps_growth_yearly": 132.9
        },
        "20134": {
            "year_quarter": 20134,
            "year": 2013,
            "quarter": 4,
            "eps": 0.44,
            "eps_growth_year": 97.83,
            "eps_4q": 2.08,
            "eps_4q_growth_year": 31.78,
            "roe": 1.51,
            "roe_4q": 9.6,
            "gross_profit": 105183,
            "gross_margin": 19.36,
            "gross_margin_4q_avg": 20.66,
            "net_income": 22369,
            "net_income_4q": null,
            "revenue": 543340,
            "revenue_4q": null,
            "common_shares": 718391,
            "book_valuer_per_share": 18.3,
            "book_valuer_per_share_4q_avg": 17.75,
            "equity": 1486959,
            "current_ratio": 275.28,
            "debt_ratio": 32.09,
            "inventory_turnover_ratio": 2.37,
            "account_receivable_turnover_ratio": 0.82,
            "reinvestment_rate": -65.34,
            "research_to_sale_ratio": 1.47,
            "price_fair": 61.25,
            "eps_avg_yearly": 1.75,
            "eps_latest_yearly": 1.76,
            "eps_growth_yearly": 132.43
        },
        "20141": {
            "year_quarter": 20141,
            "year": 2014,
            "quarter": 1,
            "eps": 0.85,
            "eps_growth_year": 57.41,
            "eps_4q": 2.39,
            "eps_4q_growth_year": 22.16,
            "roe": 4.07,
            "roe_4q": 10.91,
            "gross_profit": 139661,
            "gross_margin": 24.76,
            "gross_margin_4q_avg": 21.91,
            "net_income": 62456,
            "net_income_4q": null,
            "revenue": 564077,
            "revenue_4q": null,
            "common_shares": 718391,
            "book_valuer_per_share": 19.61,
            "book_valuer_per_share_4q_avg": 18.25,
            "equity": 1582752,
            "current_ratio": 272.56,
            "debt_ratio": 31.86,
            "inventory_turnover_ratio": 2.29,
            "account_receivable_turnover_ratio": 0.88,
            "reinvestment_rate": -31.75,
            "research_to_sale_ratio": 1.75,
            "price_fair": 66.03,
            "eps_avg_yearly": 1.89,
            "eps_latest_yearly": 3.4,
            "eps_growth_yearly": 158.23
        },
        "20142": {
            "year_quarter": 20142,
            "year": 2014,
            "quarter": 2,
            "eps": 0.81,
            "eps_growth_year": 44.64,
            "eps_4q": 2.63,
            "eps_4q_growth_year": 35.89,
            "roe": 3.13,
            "roe_4q": 11.25,
            "gross_profit": 166740,
            "gross_margin": 24.1,
            "gross_margin_4q_avg": 22.8,
            "net_income": 49948,
            "net_income_4q": null,
            "revenue": 691900,
            "revenue_4q": null,
            "common_shares": 718391,
            "book_valuer_per_share": 19.94,
            "book_valuer_per_share_4q_avg": 18.92,
            "equity": 1604461,
            "current_ratio": 213.82,
            "debt_ratio": 37.23,
            "inventory_turnover_ratio": 2.79,
            "account_receivable_turnover_ratio": 0.97,
            "reinvestment_rate": 14.8,
            "research_to_sale_ratio": 1.28,
            "price_fair": 70.58,
            "eps_avg_yearly": 2.02,
            "eps_latest_yearly": 3.24,
            "eps_growth_yearly": 158.17
        },
        "20143": {
            "year_quarter": 20143,
            "year": 2014,
            "quarter": 3,
            "eps": 1.18,
            "eps_growth_year": 122.64,
            "eps_4q": 3.28,
            "eps_4q_growth_year": 76.64,
            "roe": 5.42,
            "roe_4q": 14.13,
            "gross_profit": 151613,
            "gross_margin": 24.24,
            "gross_margin_4q_avg": 23.12,
            "net_income": 87333,
            "net_income_4q": null,
            "revenue": 625575,
            "revenue_4q": null,
            "common_shares": 718391,
            "book_valuer_per_share": 20.08,
            "book_valuer_per_share_4q_avg": 19.48,
            "equity": 1616868,
            "current_ratio": 233.92,
            "debt_ratio": 35.88,
            "inventory_turnover_ratio": 2.51,
            "account_receivable_turnover_ratio": 0.85,
            "reinvestment_rate": -4.2,
            "research_to_sale_ratio": 1.7,
            "price_fair": 81.08,
            "eps_avg_yearly": 2.32,
            "eps_latest_yearly": 4.72,
            "eps_growth_yearly": 184.51
        },
        "20144": {
            "year_quarter": 20144,
            "year": 2014,
            "quarter": 4,
            "eps": 0.83,
            "eps_growth_year": 88.04,
            "eps_4q": 3.67,
            "eps_4q_growth_year": 76.79,
            "roe": 3.6,
            "roe_4q": 16.22,
            "gross_profit": 158682,
            "gross_margin": 24.41,
            "gross_margin_4q_avg": 24.38,
            "net_income": 59302,
            "net_income_4q": null,
            "revenue": 650018,
            "revenue_4q": null,
            "common_shares": 718391,
            "book_valuer_per_share": 20.98,
            "book_valuer_per_share_4q_avg": 20.15,
            "equity": 1681702,
            "current_ratio": 255.27,
            "debt_ratio": 33.48,
            "inventory_turnover_ratio": 2.71,
            "account_receivable_turnover_ratio": 0.9,
            "reinvestment_rate": -12.7,
            "research_to_sale_ratio": 2.37,
            "price_fair": 83.78,
            "eps_avg_yearly": 2.39,
            "eps_latest_yearly": 3.32,
            "eps_growth_yearly": 161.19
        },
        "20151": {
            "year_quarter": 20151,
            "year": 2015,
            "quarter": 1,
            "eps": 0.64,
            "eps_growth_year": -24.71,
            "eps_4q": 3.46,
            "eps_4q_growth_year": 44.8,
            "roe": 2.75,
            "roe_4q": 14.899999999999999,
            "gross_profit": 155188,
            "gross_margin": 26.7,
            "gross_margin_4q_avg": 24.86,
            "net_income": 46844,
            "net_income_4q": null,
            "revenue": 581136,
            "revenue_4q": null,
            "common_shares": 718391,
            "book_valuer_per_share": 21.73,
            "book_valuer_per_share_4q_avg": 20.68,
            "equity": 1729252,
            "current_ratio": 274.89,
            "debt_ratio": 31.18,
            "inventory_turnover_ratio": 2.43,
            "account_receivable_turnover_ratio": 0.84,
            "reinvestment_rate": -12.69,
            "research_to_sale_ratio": 1.67,
            "price_fair": 84.2,
            "eps_avg_yearly": 2.41,
            "eps_latest_yearly": 2.56,
            "eps_growth_yearly": 143.14
        },
        "20152": {
            "year_quarter": 20152,
            "year": 2015,
            "quarter": 2,
            "eps": 0.69,
            "eps_growth_year": -14.81,
            "eps_4q": 3.34,
            "eps_4q_growth_year": 26.74,
            "roe": 2.26,
            "roe_4q": 14.03,
            "gross_profit": 124691,
            "gross_margin": 23.39,
            "gross_margin_4q_avg": 24.69,
            "net_income": 37951,
            "net_income_4q": null,
            "revenue": 533126,
            "revenue_4q": null,
            "common_shares": 718391,
            "book_valuer_per_share": 20.59,
            "book_valuer_per_share_4q_avg": 20.85,
            "equity": 1634993,
            "current_ratio": 250.45,
            "debt_ratio": 33.52,
            "inventory_turnover_ratio": 2.45,
            "account_receivable_turnover_ratio": 0.89,
            "reinvestment_rate": 2.85,
            "research_to_sale_ratio": 1.73,
            "price_fair": 88.7,
            "eps_avg_yearly": 2.53,
            "eps_latest_yearly": 2.76,
            "eps_growth_yearly": 137.85
        },
        "20153": {
            "year_quarter": 20153,
            "year": 2015,
            "quarter": 3,
            "eps": 1.26,
            "eps_growth_year": 6.78,
            "eps_4q": 3.42,
            "eps_4q_growth_year": 4.18,
            "roe": 5.47,
            "roe_4q": 14.08,
            "gross_profit": 141952,
            "gross_margin": 25.72,
            "gross_margin_4q_avg": 25.06,
            "net_income": 90600,
            "net_income_4q": null,
            "revenue": 551837,
            "revenue_4q": null,
            "common_shares": 718391,
            "book_valuer_per_share": 21.18,
            "book_valuer_per_share_4q_avg": 21.12,
            "equity": 1678887,
            "current_ratio": 301.23,
            "debt_ratio": 29.18,
            "inventory_turnover_ratio": 2.76,
            "account_receivable_turnover_ratio": 0.96,
            "reinvestment_rate": -0.56,
            "research_to_sale_ratio": 1.92,
            "price_fair": 97.4,
            "eps_avg_yearly": 2.78,
            "eps_latest_yearly": 5.04,
            "eps_growth_yearly": 143.59
        },
        "20154": {
            "year_quarter": 20154,
            "year": 2015,
            "quarter": 4,
            "eps": 0.52,
            "eps_growth_year": -37.77,
            "eps_4q": 3.1,
            "eps_4q_growth_year": -15.48,
            "roe": 1.19,
            "roe_4q": 11.67,
            "gross_profit": 112004,
            "gross_margin": 22.35,
            "gross_margin_4q_avg": 24.54,
            "net_income": 20199,
            "net_income_4q": null,
            "revenue": 501089,
            "revenue_4q": null,
            "common_shares": 718391,
            "book_valuer_per_share": 22.3,
            "book_valuer_per_share_4q_avg": 21.45,
            "equity": 1714519,
            "current_ratio": 294.54,
            "debt_ratio": 29.61,
            "inventory_turnover_ratio": 2.65,
            "account_receivable_turnover_ratio": 0.89,
            "reinvestment_rate": 5.56,
            "research_to_sale_ratio": 1.77,
            "price_fair": 95.76,
            "eps_avg_yearly": 2.74,
            "eps_latest_yearly": 2.08,
            "eps_growth_yearly": 118.36
        },
        "20161": {
            "year_quarter": 20161,
            "year": 2016,
            "quarter": 1,
            "eps": 0.44,
            "eps_growth_year": -31.25,
            "eps_4q": 2.91,
            "eps_4q_growth_year": -16.03,
            "roe": 1.92,
            "roe_4q": 10.84,
            "gross_profit": 148421,
            "gross_margin": 30.36,
            "gross_margin_4q_avg": 25.46,
            "net_income": 32939,
            "net_income_4q": null,
            "revenue": 488855,
            "revenue_4q": null,
            "common_shares": 718391,
            "book_valuer_per_share": 22.36,
            "book_valuer_per_share_4q_avg": 21.61,
            "equity": 1719981,
            "current_ratio": 315.63,
            "debt_ratio": 27.62,
            "inventory_turnover_ratio": 2.26,
            "account_receivable_turnover_ratio": 0.93,
            "reinvestment_rate": 7.38,
            "research_to_sale_ratio": 1.56,
            "price_fair": 93.63,
            "eps_avg_yearly": 2.68,
            "eps_latest_yearly": 1.76,
            "eps_growth_yearly": 107.12
        },
        "20162": {
            "year_quarter": 20162,
            "year": 2016,
            "quarter": 2,
            "eps": 0.63,
            "eps_growth_year": -8.7,
            "eps_4q": 2.84,
            "eps_4q_growth_year": -14.93,
            "roe": 2.75,
            "roe_4q": 11.329999999999998,
            "gross_profit": 168323,
            "gross_margin": 32.98,
            "gross_margin_4q_avg": 27.85,
            "net_income": 45822,
            "net_income_4q": null,
            "revenue": 510436,
            "revenue_4q": null,
            "common_shares": 718391,
            "book_valuer_per_share": 20.82,
            "book_valuer_per_share_4q_avg": 21.67,
            "equity": 1609734,
            "current_ratio": 251.18,
            "debt_ratio": 34.14,
            "inventory_turnover_ratio": 2.5,
            "account_receivable_turnover_ratio": 0.94,
            "reinvestment_rate": 11.18,
            "research_to_sale_ratio": 1.83,
            "price_fair": 94.06,
            "eps_avg_yearly": 2.69,
            "eps_latest_yearly": 2.52,
            "eps_growth_yearly": 52.29
        },
        "20163": {
            "year_quarter": 20163,
            "year": 2016,
            "quarter": 3,
            "eps": 1.57,
            "eps_growth_year": 24.6,
            "eps_4q": 3.16,
            "eps_4q_growth_year": -7.63,
            "roe": 6.93,
            "roe_4q": 12.79,
            "gross_profit": 164901,
            "gross_margin": 31.73,
            "gross_margin_4q_avg": 29.36,
            "net_income": 113119,
            "net_income_4q": null,
            "revenue": 519647,
            "revenue_4q": null,
            "common_shares": 718391,
            "book_valuer_per_share": 22.38,
            "book_valuer_per_share_4q_avg": 21.97,
            "equity": 1656129,
            "current_ratio": 283.39,
            "debt_ratio": 29.51,
            "inventory_turnover_ratio": 2.68,
            "account_receivable_turnover_ratio": 0.9,
            "reinvestment_rate": 17.3,
            "research_to_sale_ratio": 1.72,
            "price_fair": 102.46,
            "eps_avg_yearly": 2.93,
            "eps_latest_yearly": 6.28,
            "eps_growth_yearly": 88.3
        },
        "20164": {
            "year_quarter": 20164,
            "year": 2016,
            "quarter": 4,
            "eps": 0.7,
            "eps_growth_year": 35.56,
            "eps_4q": 3.34,
            "eps_4q_growth_year": 7.7,
            "roe": 2.93,
            "roe_4q": 14.53,
            "gross_profit": 164959,
            "gross_margin": 31.97,
            "gross_margin_4q_avg": 31.76,
            "net_income": 48488,
            "net_income_4q": null,
            "revenue": 516032,
            "revenue_4q": null,
            "common_shares": 718391,
            "book_valuer_per_share": 22.37,
            "book_valuer_per_share_4q_avg": 21.98,
            "equity": 1649136,
            "current_ratio": 274.97,
            "debt_ratio": 31.1,
            "inventory_turnover_ratio": 2.48,
            "account_receivable_turnover_ratio": 0.89,
            "reinvestment_rate": 11.76,
            "research_to_sale_ratio": 3.2,
            "price_fair": 106.66,
            "eps_avg_yearly": 3.05,
            "eps_latest_yearly": 2.8,
            "eps_growth_yearly": 90.43
        },
        "20171": {
            "year_quarter": 20171,
            "year": 2017,
            "quarter": 1,
            "eps": 0.28,
            "eps_growth_year": -36.36,
            "eps_4q": 3.18,
            "eps_4q_growth_year": 9.54,
            "roe": 1.17,
            "roe_4q": 13.78,
            "gross_profit": 151803,
            "gross_margin": 33.93,
            "gross_margin_4q_avg": 32.65,
            "net_income": 19743,
            "net_income_4q": null,
            "revenue": 447360,
            "revenue_4q": null,
            "common_shares": 718391,
            "book_valuer_per_share": 23.34,
            "book_valuer_per_share_4q_avg": 22.23,
            "equity": 1718117,
            "current_ratio": 298.81,
            "debt_ratio": 28.39,
            "inventory_turnover_ratio": 1.93,
            "account_receivable_turnover_ratio": 0.83,
            "reinvestment_rate": 13.71,
            "research_to_sale_ratio": 1.98,
            "price_fair": 104.39,
            "eps_avg_yearly": 2.98,
            "eps_latest_yearly": 1.12,
            "eps_growth_yearly": 39.06
        },
        "20172": {
            "year_quarter": 20172,
            "year": 2017,
            "quarter": 2,
            "eps": 0.64,
            "eps_growth_year": 1.59,
            "eps_4q": 3.2,
            "eps_4q_growth_year": 12.55,
            "roe": 2.77,
            "roe_4q": 13.8,
            "gross_profit": 141596,
            "gross_margin": 30.21,
            "gross_margin_4q_avg": 31.96,
            "net_income": 46268,
            "net_income_4q": null,
            "revenue": 468673,
            "revenue_4q": null,
            "common_shares": 718391,
            "book_valuer_per_share": 22.01,
            "book_valuer_per_share_4q_avg": 22.53,
            "equity": 1623194,
            "current_ratio": 249.05,
            "debt_ratio": 33.47,
            "inventory_turnover_ratio": 2.09,
            "account_receivable_turnover_ratio": 0.92,
            "reinvestment_rate": 14.94,
            "research_to_sale_ratio": 1.88,
            "price_fair": 105.09,
            "eps_avg_yearly": 3,
            "eps_latest_yearly": 2.56,
            "eps_growth_yearly": 70.28
        },
        "20173": {
            "year_quarter": 20173,
            "year": 2017,
            "quarter": 3,
            "eps": 0.78,
            "eps_growth_year": -50.32,
            "eps_4q": 2.4,
            "eps_4q_growth_year": -23.87,
            "roe": 3.37,
            "roe_4q": 10.24,
            "gross_profit": 142917,
            "gross_margin": 30.06,
            "gross_margin_4q_avg": 31.54,
            "net_income": 55617,
            "net_income_4q": null,
            "revenue": 475516,
            "revenue_4q": null,
            "common_shares": 718391,
            "book_valuer_per_share": 22.75,
            "book_valuer_per_share_4q_avg": 22.62,
            "equity": 1675926,
            "current_ratio": 305.83,
            "debt_ratio": 27.52,
            "inventory_turnover_ratio": 2.33,
            "account_receivable_turnover_ratio": 0.95,
            "reinvestment_rate": 13.58,
            "research_to_sale_ratio": 1.68,
            "price_fair": 107.28,
            "eps_avg_yearly": 3.07,
            "eps_latest_yearly": 3.12,
            "eps_growth_yearly": 77.09
        },
        "20174": {
            "year_quarter": 20174,
            "year": 2017,
            "quarter": 4,
            "eps": 0.2,
            "eps_growth_year": -71.22,
            "eps_4q": 1.9,
            "eps_4q_growth_year": -43.08,
            "roe": 0.78,
            "roe_4q": 8.09,
            "gross_profit": 100005,
            "gross_margin": 27.45,
            "gross_margin_4q_avg": 30.41,
            "net_income": 13140,
            "net_income_4q": null,
            "revenue": 364259,
            "revenue_4q": null,
            "common_shares": 718391,
            "book_valuer_per_share": 23.14,
            "book_valuer_per_share_4q_avg": 22.81,
            "equity": 1702288,
            "current_ratio": 309.32,
            "debt_ratio": 26.63,
            "inventory_turnover_ratio": 1.84,
            "account_receivable_turnover_ratio": 0.8,
            "reinvestment_rate": 16.73,
            "research_to_sale_ratio": 2.19,
            "price_fair": 105.18,
            "eps_avg_yearly": 3.01,
            "eps_latest_yearly": 0.8,
            "eps_growth_yearly": 62.74
        },
        "20181": {
            "year_quarter": 20181,
            "year": 2018,
            "quarter": 1,
            "eps": 0.2,
            "eps_growth_year": -28.57,
            "eps_4q": 1.82,
            "eps_4q_growth_year": -42.7,
            "roe": 0.61,
            "roe_4q": 7.529999999999999,
            "gross_profit": 112967,
            "gross_margin": 30.41,
            "gross_margin_4q_avg": 29.53,
            "net_income": 10511,
            "net_income_4q": null,
            "revenue": 371431,
            "revenue_4q": null,
            "common_shares": 718391,
            "book_valuer_per_share": 23.69,
            "book_valuer_per_share_4q_avg": 22.9,
            "equity": 1732144,
            "current_ratio": 322.88,
            "debt_ratio": 25.38,
            "inventory_turnover_ratio": 1.72,
            "account_receivable_turnover_ratio": 0.91,
            "reinvestment_rate": -20.13,
            "research_to_sale_ratio": 1.71,
            "price_fair": 99.49,
            "eps_avg_yearly": 2.84,
            "eps_latest_yearly": 0.8,
            "eps_growth_yearly": 39.45
        },
        "20182": {
            "year_quarter": 20182,
            "year": 2018,
            "quarter": 2,
            "eps": 0.63,
            "eps_growth_year": -1.56,
            "eps_4q": 1.81,
            "eps_4q_growth_year": -43.25,
            "roe": 2.71,
            "roe_4q": 7.47,
            "gross_profit": 125860,
            "gross_margin": 28.41,
            "gross_margin_4q_avg": 29.08,
            "net_income": 45811,
            "net_income_4q": null,
            "revenue": 442942,
            "revenue_4q": null,
            "common_shares": 718391,
            "book_valuer_per_share": 22.55,
            "book_valuer_per_share_4q_avg": 23.03,
            "equity": 1650765,
            "current_ratio": 254.91,
            "debt_ratio": 30.77,
            "inventory_turnover_ratio": 2.11,
            "account_receivable_turnover_ratio": 0.98,
            "reinvestment_rate": -37.23,
            "research_to_sale_ratio": 1.61,
            "price_fair": 97.91,
            "eps_avg_yearly": 2.8,
            "eps_latest_yearly": 2.52,
            "eps_growth_yearly": 94.37
        },
        "20183": {
            "year_quarter": 20183,
            "year": 2018,
            "quarter": 3,
            "eps": 0.85,
            "eps_growth_year": 8.97,
            "eps_4q": 1.89,
            "eps_4q_growth_year": -21.51,
            "roe": 3.7,
            "roe_4q": 7.800000000000001,
            "gross_profit": 124161,
            "gross_margin": 31.88,
            "gross_margin_4q_avg": 29.54,
            "net_income": 61617,
            "net_income_4q": null,
            "revenue": 389469,
            "revenue_4q": null,
            "common_shares": 718391,
            "book_valuer_per_share": 22.99,
            "book_valuer_per_share_4q_avg": 23.09,
            "equity": 1677380,
            "current_ratio": 307.25,
            "debt_ratio": 26.03,
            "inventory_turnover_ratio": 1.78,
            "account_receivable_turnover_ratio": 0.8,
            "reinvestment_rate": -25.8,
            "research_to_sale_ratio": 2.22,
            "price_fair": 95.03,
            "eps_avg_yearly": 2.72,
            "eps_latest_yearly": 3.4,
            "eps_growth_yearly": 91.68
        },
        "20184": {
            "year_quarter": 20184,
            "year": 2018,
            "quarter": 4,
            "eps": 0.32,
            "eps_growth_year": 60.24,
            "eps_4q": 2.01,
            "eps_4q_growth_year": 5.59,
            "roe": 1.38,
            "roe_4q": 8.4,
            "gross_profit": 88481,
            "gross_margin": 29.02,
            "gross_margin_4q_avg": 29.93,
            "net_income": 23181,
            "net_income_4q": null,
            "revenue": 304882,
            "revenue_4q": null,
            "common_shares": 718391,
            "book_valuer_per_share": 23.26,
            "book_valuer_per_share_4q_avg": 23.12,
            "equity": 1684749,
            "current_ratio": 323,
            "debt_ratio": 24.43,
            "inventory_turnover_ratio": 1.46,
            "account_receivable_turnover_ratio": 0.72,
            "reinvestment_rate": -25.54,
            "research_to_sale_ratio": 3.17,
            "price_fair": 90.56,
            "eps_avg_yearly": 2.59,
            "eps_latest_yearly": 1.28,
            "eps_growth_yearly": 83.51
        },
        "20191": {
            "year_quarter": 20191,
            "year": 2019,
            "quarter": 1,
            "eps": 0.41,
            "eps_growth_year": 105,
            "eps_4q": 2.21,
            "eps_4q_growth_year": 21.39,
            "roe": 1.68,
            "roe_4q": 9.469999999999999,
            "gross_profit": 98579,
            "gross_margin": 30.15,
            "gross_margin_4q_avg": 29.87,
            "net_income": 29174,
            "net_income_4q": null,
            "revenue": 326948,
            "revenue_4q": null,
            "common_shares": 718391,
            "book_valuer_per_share": 24.71,
            "book_valuer_per_share_4q_avg": 23.38,
            "equity": 1788916,
            "current_ratio": 353.05,
            "debt_ratio": 23.48,
            "inventory_turnover_ratio": 1.59,
            "account_receivable_turnover_ratio": 0.9,
            "reinvestment_rate": -27.41,
            "research_to_sale_ratio": 2.85,
            "price_fair": 88.55,
            "eps_avg_yearly": 2.53,
            "eps_latest_yearly": 1.64,
            "eps_growth_yearly": 96.27
        },
        "20192": {
            "year_quarter": 20192,
            "year": 2019,
            "quarter": 2,
            "eps": 0.24,
            "eps_growth_year": -61.9,
            "eps_4q": 1.82,
            "eps_4q_growth_year": 0.56,
            "roe": 0.99,
            "roe_4q": 7.75,
            "gross_profit": 81579,
            "gross_margin": 27.79,
            "gross_margin_4q_avg": 29.71,
            "net_income": 17342,
            "net_income_4q": null,
            "revenue": 293578,
            "revenue_4q": null,
            "common_shares": 718391,
            "book_valuer_per_share": 23.8,
            "book_valuer_per_share_4q_avg": 23.69,
            "equity": 1723583,
            "current_ratio": 304.06,
            "debt_ratio": 25.99,
            "inventory_turnover_ratio": 1.64,
            "account_receivable_turnover_ratio": 0.83,
            "reinvestment_rate": -25.85,
            "research_to_sale_ratio": 3.35,
            "price_fair": 84.61,
            "eps_avg_yearly": 2.42,
            "eps_latest_yearly": 0.96,
            "eps_growth_yearly": 83.95
        },
        "20193": {
            "year_quarter": 20193,
            "year": 2019,
            "quarter": 3,
            "eps": 0.77,
            "eps_growth_year": -9.41,
            "eps_4q": 1.74,
            "eps_4q_growth_year": -7.53,
            "roe": 3.23,
            "roe_4q": 7.279999999999999,
            "gross_profit": 78991,
            "gross_margin": 27.76,
            "gross_margin_4q_avg": 28.68,
            "net_income": 55474,
            "net_income_4q": null,
            "revenue": 284544,
            "revenue_4q": null,
            "common_shares": 718391,
            "book_valuer_per_share": 23.7,
            "book_valuer_per_share_4q_avg": 23.87,
            "equity": 1716275,
            "current_ratio": 375.67,
            "debt_ratio": 21.41,
            "inventory_turnover_ratio": 1.8,
            "account_receivable_turnover_ratio": 0.82,
            "reinvestment_rate": -20.01,
            "research_to_sale_ratio": 3.24,
            "price_fair": 80.33,
            "eps_avg_yearly": 2.3,
            "eps_latest_yearly": 3.08,
            "eps_growth_yearly": 118.5
        },
        "20194": {
            "year_quarter": 20194,
            "year": 2019,
            "quarter": 4,
            "eps": 0.15,
            "eps_growth_year": -54.16,
            "eps_4q": 1.57,
            "eps_4q_growth_year": -21.9,
            "roe": 0.59,
            "roe_4q": 6.489999999999999,
            "gross_profit": 86730,
            "gross_margin": 31.91,
            "gross_margin_4q_avg": 29.4,
            "net_income": 10333,
            "net_income_4q": null,
            "revenue": 271835,
            "revenue_4q": null,
            "common_shares": 718391,
            "book_valuer_per_share": 24.36,
            "book_valuer_per_share_4q_avg": 24.14,
            "equity": 1763159,
            "current_ratio": 355.59,
            "debt_ratio": 21.89,
            "inventory_turnover_ratio": 1.59,
            "account_receivable_turnover_ratio": 0.8,
            "reinvestment_rate": -19.1,
            "research_to_sale_ratio": 3.61,
            "price_fair": 77.09,
            "eps_avg_yearly": 2.2,
            "eps_latest_yearly": 0.6,
            "eps_growth_yearly": 113.06
        },
        "20201": {
            "year_quarter": 20201,
            "year": 2020,
            "quarter": 1,
            "eps": 0.25,
            "eps_growth_year": -39.02,
            "eps_4q": 1.41,
            "eps_4q_growth_year": -36.13,
            "roe": 1.02,
            "roe_4q": 5.83,
            "gross_profit": 78420,
            "gross_margin": 29.71,
            "gross_margin_4q_avg": 29.29,
            "net_income": 17505,
            "net_income_4q": null,
            "revenue": 263927,
            "revenue_4q": null,
            "common_shares": 718391,
            "book_valuer_per_share": 23.03,
            "book_valuer_per_share_4q_avg": 23.72,
            "equity": 1662291,
            "current_ratio": 371.85,
            "debt_ratio": 21.05,
            "inventory_turnover_ratio": 1.59,
            "account_receivable_turnover_ratio": 0.78,
            "reinvestment_rate": -20.64,
            "research_to_sale_ratio": 3.54,
            "price_fair": 75.43,
            "eps_avg_yearly": 2.16,
            "eps_latest_yearly": 1,
            "eps_growth_yearly": 133.57
        },
        "20202": {
            "year_quarter": 20202,
            "year": 2020,
            "quarter": 2,
            "eps": 0.83,
            "eps_growth_year": 245.83,
            "eps_4q": 1.99,
            "eps_4q_growth_year": 8.96,
            "roe": 3.49,
            "roe_4q": 8.33,
            "gross_profit": 150015,
            "gross_margin": 34.89,
            "gross_margin_4q_avg": 31.07,
            "net_income": 58831,
            "net_income_4q": null,
            "revenue": 429957,
            "revenue_4q": null,
            "common_shares": 718391,
            "book_valuer_per_share": 23.57,
            "book_valuer_per_share_4q_avg": 23.67,
            "equity": 1706163,
            "current_ratio": 251.19,
            "debt_ratio": 28.3,
            "inventory_turnover_ratio": 2.36,
            "account_receivable_turnover_ratio": 1.05,
            "reinvestment_rate": -14.85,
            "research_to_sale_ratio": 2.45,
            "price_fair": 77.18,
            "eps_avg_yearly": 2.21,
            "eps_latest_yearly": 3.32,
            "eps_growth_yearly": 180.77
        },
        "20203": {
            "year_quarter": 20203,
            "year": 2020,
            "quarter": 3,
            "eps": 0.57,
            "eps_growth_year": -25.97,
            "eps_4q": 1.78,
            "eps_4q_growth_year": 2.21,
            "roe": 2.32,
            "roe_4q": 7.42,
            "gross_profit": 130238,
            "gross_margin": 38.68,
            "gross_margin_4q_avg": 33.8,
            "net_income": 40376,
            "net_income_4q": null,
            "revenue": 336674,
            "revenue_4q": null,
            "common_shares": 718391,
            "book_valuer_per_share": 24.5,
            "book_valuer_per_share_4q_avg": 23.87,
            "equity": 1772193,
            "current_ratio": 331,
            "debt_ratio": 22.51,
            "inventory_turnover_ratio": 1.55,
            "account_receivable_turnover_ratio": 0.7,
            "reinvestment_rate": -22.58,
            "research_to_sale_ratio": 3.29,
            "price_fair": 68.43,
            "eps_avg_yearly": 1.96,
            "eps_latest_yearly": 2.28,
            "eps_growth_yearly": 135.64
        },
        "20204": {
            "year_quarter": 20204,
            "year": 2020,
            "quarter": 4,
            "eps": 0.36,
            "eps_growth_year": 144.04,
            "eps_4q": 2,
            "eps_4q_growth_year": 27.33,
            "roe": 1.41,
            "roe_4q": 8.24,
            "gross_profit": 99732,
            "gross_margin": 32.77,
            "gross_margin_4q_avg": 34.01,
            "net_income": 25350,
            "net_income_4q": null,
            "revenue": 304364,
            "revenue_4q": null,
            "common_shares": 718391,
            "book_valuer_per_share": 25.21,
            "book_valuer_per_share_4q_avg": 24.08,
            "equity": 1822664,
            "current_ratio": 424.15,
            "debt_ratio": 32.46,
            "inventory_turnover_ratio": 1.38,
            "account_receivable_turnover_ratio": 0.74,
            "reinvestment_rate": -11.59,
            "research_to_sale_ratio": 3.68,
            "price_fair": 65.45,
            "eps_avg_yearly": 1.87,
            "eps_latest_yearly": 1.44,
            "eps_growth_yearly": 140.28
        },
        "20211": {
            "year_quarter": 20211,
            "year": 2021,
            "quarter": 1,
            "eps": 0.3,
            "eps_growth_year": 20,
            "eps_4q": 2.05,
            "eps_4q_growth_year": 44.83,
            "roe": 1.15,
            "roe_4q": 8.37,
            "gross_profit": 96679,
            "gross_margin": 28.79,
            "gross_margin_4q_avg": 33.78,
            "net_income": 21431,
            "net_income_4q": null,
            "revenue": 335850,
            "revenue_4q": null,
            "common_shares": 720290,
            "book_valuer_per_share": 25.99,
            "book_valuer_per_share_4q_avg": 24.82,
            "equity": 1896565,
            "current_ratio": 434.85,
            "debt_ratio": 31.22,
            "inventory_turnover_ratio": 1.42,
            "account_receivable_turnover_ratio": 0.9,
            "reinvestment_rate": -16.6,
            "research_to_sale_ratio": 2.78,
            "price_fair": 65.63,
            "eps_avg_yearly": 1.88,
            "eps_latest_yearly": 1.2,
            "eps_growth_yearly": 151.12
        },
        "20212": {
            "year_quarter": 20212,
            "year": 2021,
            "quarter": 2,
            "eps": 0.44,
            "eps_growth_year": -46.99,
            "eps_4q": 1.67,
            "eps_4q_growth_year": -16.11,
            "roe": 1.63,
            "roe_4q": 6.51,
            "gross_profit": 117345,
            "gross_margin": 27.62,
            "gross_margin_4q_avg": 31.97,
            "net_income": 31257,
            "net_income_4q": null,
            "revenue": 424839,
            "revenue_4q": null,
            "common_shares": 720290,
            "book_valuer_per_share": 26.54,
            "book_valuer_per_share_4q_avg": 25.56,
            "equity": 1936033,
            "current_ratio": 387.6,
            "debt_ratio": 32.21,
            "inventory_turnover_ratio": 1.62,
            "account_receivable_turnover_ratio": 0.97,
            "reinvestment_rate": -15.66,
            "research_to_sale_ratio": 2.75,
            "price_fair": 63.88,
            "eps_avg_yearly": 1.83,
            "eps_latest_yearly": 1.76,
            "eps_growth_yearly": 130.64
        },
        "20213": {
            "year_quarter": 20213,
            "year": 2021,
            "quarter": 3,
            "eps": 0.69,
            "eps_growth_year": 21.05,
            "eps_4q": 1.79,
            "eps_4q_growth_year": 0.34,
            "roe": 2.6,
            "roe_4q": 6.790000000000001,
            "gross_profit": 128283,
            "gross_margin": 30.27,
            "gross_margin_4q_avg": 29.86,
            "net_income": 49559,
            "net_income_4q": null,
            "revenue": 423841,
            "revenue_4q": null,
            "common_shares": 720402,
            "book_valuer_per_share": 25.79,
            "book_valuer_per_share_4q_avg": 25.88,
            "equity": 1882287,
            "current_ratio": 379.26,
            "debt_ratio": 32.78,
            "inventory_turnover_ratio": 1.52,
            "account_receivable_turnover_ratio": 0.86,
            "reinvestment_rate": -12.92,
            "research_to_sale_ratio": 2.68,
            "price_fair": 63.09,
            "eps_avg_yearly": 1.8,
            "eps_latest_yearly": 2.76,
            "eps_growth_yearly": 139.38
        },
        "20214": {
            "year_quarter": 20214,
            "year": 2021,
            "quarter": 4,
            "eps": 0.56,
            "eps_growth_year": 52.92,
            "eps_4q": 1.86,
            "eps_4q_growth_year": -6.67,
            "roe": 2.06,
            "roe_4q": 7.4399999999999995,
            "gross_profit": 125963,
            "gross_margin": 30.36,
            "gross_margin_4q_avg": 29.26,
            "net_income": 43366,
            "net_income_4q": null,
            "revenue": 414936,
            "revenue_4q": null,
            "common_shares": 785459,
            "book_valuer_per_share": 29.39,
            "book_valuer_per_share_4q_avg": 26.93,
            "equity": 2332678,
            "current_ratio": 384.6,
            "debt_ratio": 23.16,
            "inventory_turnover_ratio": 1.55,
            "account_receivable_turnover_ratio": 0.81,
            "reinvestment_rate": -15.84,
            "research_to_sale_ratio": 2.13,
            "price_fair": 66.24,
            "eps_avg_yearly": 1.89,
            "eps_latest_yearly": 2.24,
            "eps_growth_yearly": 153.25
        },
        "20221": {
            "year_quarter": 20221,
            "year": 2022,
            "quarter": 1,
            "eps": 0.91,
            "eps_growth_year": 203.33,
            "eps_4q": 2.48,
            "eps_4q_growth_year": 21.23,
            "roe": 3.06,
            "roe_4q": 9.350000000000001,
            "gross_profit": 157293,
            "gross_margin": 32.61,
            "gross_margin_4q_avg": 30.22,
            "net_income": 72316,
            "net_income_4q": null,
            "revenue": 482345,
            "revenue_4q": null,
            "common_shares": 793733,
            "book_valuer_per_share": 29.97,
            "book_valuer_per_share_4q_avg": 27.92,
            "equity": 2390277,
            "current_ratio": 352.11,
            "debt_ratio": 24.08,
            "inventory_turnover_ratio": 1.61,
            "account_receivable_turnover_ratio": 0.89,
            "reinvestment_rate": 75.93,
            "research_to_sale_ratio": 1.96,
            "price_fair": 72.45,
            "eps_avg_yearly": 2.07,
            "eps_latest_yearly": 3.64,
            "eps_growth_yearly": 168.88
        },
        "20222": {
            "year_quarter": 20222,
            "year": 2022,
            "quarter": 2,
            "eps": 1,
            "eps_growth_year": 127.27,
            "eps_4q": 3.08,
            "eps_4q_growth_year": 84.75,
            "roe": 3.42,
            "roe_4q": 11.14,
            "gross_profit": 163612,
            "gross_margin": 35.17,
            "gross_margin_4q_avg": 32.1,
            "net_income": 79521,
            "net_income_4q": null,
            "revenue": 465143,
            "revenue_4q": null,
            "common_shares": 794172,
            "book_valuer_per_share": 28.34,
            "book_valuer_per_share_4q_avg": 28.37,
            "equity": 2262106,
            "current_ratio": 288.57,
            "debt_ratio": 28.36,
            "inventory_turnover_ratio": 1.3,
            "account_receivable_turnover_ratio": 0.84,
            "reinvestment_rate": 62.24,
            "research_to_sale_ratio": 2.35,
            "price_fair": 75.69,
            "eps_avg_yearly": 2.16,
            "eps_latest_yearly": 4,
            "eps_growth_yearly": 117.6
        },
        "20223": {
            "year_quarter": 20223,
            "year": 2022,
            "quarter": 3,
            "eps": 1.09,
            "eps_growth_year": 57.97,
            "eps_4q": 3.54,
            "eps_4q_growth_year": 97.85,
            "roe": 3.77,
            "roe_4q": 12.31,
            "gross_profit": 161017,
            "gross_margin": 35.64,
            "gross_margin_4q_avg": 33.45,
            "net_income": 86691,
            "net_income_4q": null,
            "revenue": 451770,
            "revenue_4q": null,
            "common_shares": 795949,
            "book_valuer_per_share": 29.23,
            "book_valuer_per_share_4q_avg": 29.23,
            "equity": 2337703,
            "current_ratio": 336.94,
            "debt_ratio": 24.13,
            "inventory_turnover_ratio": 1.15,
            "account_receivable_turnover_ratio": 0.87,
            "reinvestment_rate": 69.21,
            "research_to_sale_ratio": 2.6,
            "price_fair": 77.79,
            "eps_avg_yearly": 2.22,
            "eps_latest_yearly": 4.36,
            "eps_growth_yearly": 111.12
        },
        "20224": {
            "year_quarter": 20224,
            "year": 2022,
            "quarter": 4,
            "eps": 1.05,
            "eps_growth_year": 89.19,
            "eps_4q": 4.04,
            "eps_4q_growth_year": 116.49,
            "roe": 3.5,
            "roe_4q": 13.75,
            "gross_profit": 196262,
            "gross_margin": 41.41,
            "gross_margin_4q_avg": 36.21,
            "net_income": 83376,
            "net_income_4q": null,
            "revenue": 473905,
            "revenue_4q": null,
            "common_shares": 797726,
            "book_valuer_per_share": 30.29,
            "book_valuer_per_share_4q_avg": 29.46,
            "equity": 2427665,
            "current_ratio": 287.14,
            "debt_ratio": 24.74,
            "inventory_turnover_ratio": 1.04,
            "account_receivable_turnover_ratio": 0.89,
            "reinvestment_rate": 70.7,
            "research_to_sale_ratio": 2.89,
            "price_fair": 84.18,
            "eps_avg_yearly": 2.41,
            "eps_latest_yearly": 4.2,
            "eps_growth_yearly": 125.79
        },
        "20231": {
            "year_quarter": 20231,
            "year": 2023,
            "quarter": 1,
            "eps": 1.16,
            "eps_growth_year": 27.47,
            "eps_4q": 4.28,
            "eps_4q_growth_year": 72.51,
            "roe": 3.91,
            "roe_4q": 14.6,
            "gross_profit": 216392,
            "gross_margin": 41.83,
            "gross_margin_4q_avg": 38.51,
            "net_income": 92826,
            "net_income_4q": null,
            "revenue": 517369,
            "revenue_4q": null,
            "common_shares": 800286,
            "book_valuer_per_share": 28.86,
            "book_valuer_per_share_4q_avg": 29.18,
            "equity": 2320185,
            "current_ratio": 230.09,
            "debt_ratio": 30.26,
            "inventory_turnover_ratio": 1.18,
            "account_receivable_turnover_ratio": 0.86,
            "reinvestment_rate": 66.99,
            "research_to_sale_ratio": 2.2,
            "price_fair": 90.74,
            "eps_avg_yearly": 2.59,
            "eps_latest_yearly": 4.64,
            "eps_growth_yearly": 121.38
        },
        "20232": {
            "year_quarter": 20232,
            "year": 2023,
            "quarter": 2,
            "eps": 0.23,
            "eps_growth_year": -77,
            "eps_4q": 3.52,
            "eps_4q_growth_year": 14.19,
            "roe": 0.78,
            "roe_4q": 11.96,
            "gross_profit": 92324,
            "gross_margin": 32.71,
            "gross_margin_4q_avg": 37.9,
            "net_income": 18058,
            "net_income_4q": null,
            "revenue": 282218,
            "revenue_4q": null,
            "common_shares": 800347,
            "book_valuer_per_share": 29.03,
            "book_valuer_per_share_4q_avg": 29.35,
            "equity": 2334079,
            "current_ratio": 264.12,
            "debt_ratio": 26.23,
            "inventory_turnover_ratio": 0.85,
            "account_receivable_turnover_ratio": 0.51,
            "reinvestment_rate": 63.95,
            "research_to_sale_ratio": 4.87,
            "price_fair": 90.65,
            "eps_avg_yearly": 2.59,
            "eps_latest_yearly": 0.92,
            "eps_growth_yearly": 111.7
        },
        "20233": {
            "year_quarter": 20233,
            "year": 2023,
            "quarter": 3,
            "eps": 0.45,
            "eps_growth_year": -58.72,
            "eps_4q": 2.82,
            "eps_4q_growth_year": -20.46,
            "roe": 1.51,
            "roe_4q": 9.7,
            "gross_profit": 87681,
            "gross_margin": 33.2,
            "gross_margin_4q_avg": 37.29,
            "net_income": 36503,
            "net_income_4q": null,
            "revenue": 264063,
            "revenue_4q": null,
            "common_shares": 822328,
            "book_valuer_per_share": 30.13,
            "book_valuer_per_share_4q_avg": 29.58,
            "equity": 2488438,
            "current_ratio": 434.44,
            "debt_ratio": 16.47,
            "inventory_turnover_ratio": 0.86,
            "account_receivable_turnover_ratio": 0.68,
            "reinvestment_rate": 67.03,
            "research_to_sale_ratio": 4.81,
            "price_fair": 87.85,
            "eps_avg_yearly": 2.51,
            "eps_latest_yearly": 1.8,
            "eps_growth_yearly": 80.41
        },
        "20234": {
            "year_quarter": 20234,
            "year": 2023,
            "quarter": 4,
            "eps": 0.27,
            "eps_growth_year": -74.08,
            "eps_4q": 2.07,
            "eps_4q_growth_year": -48.74,
            "roe": 0.88,
            "roe_4q": 7.08,
            "gross_profit": 121215,
            "gross_margin": 38.89,
            "gross_margin_4q_avg": 36.66,
            "net_income": 22029,
            "net_income_4q": null,
            "revenue": 311693,
            "revenue_4q": null,
            "common_shares": 822359,
            "book_valuer_per_share": 30.49,
            "book_valuer_per_share_4q_avg": 29.63,
            "equity": 2517349,
            "current_ratio": 614.55,
            "debt_ratio": 31.5,
            "inventory_turnover_ratio": 1.05,
            "account_receivable_turnover_ratio": 0.95,
            "reinvestment_rate": 64.81,
            "research_to_sale_ratio": 4.65,
            "price_fair": 88.9,
            "eps_avg_yearly": 2.54,
            "eps_latest_yearly": 1.08,
            "eps_growth_yearly": 90.54
        }
    },
    "months": {
        "2002-12": {
            "month": "2002-12",
            "price": "33.12",
            "revenue": 65464
        },
        "2003-01": {
            "month": "2003-01",
            "price": "32.83",
            "revenue": 73811
        },
        "2003-02": {
            "month": "2003-02",
            "price": "33.19",
            "revenue": 52331
        },
        "2003-03": {
            "month": "2003-03",
            "price": "36.53",
            "revenue": 80318
        },
        "2003-04": {
            "month": "2003-04",
            "price": "38.32",
            "revenue": 60005
        },
        "2003-05": {
            "month": "2003-05",
            "price": "38.15",
            "revenue": 72868
        },
        "2003-06": {
            "month": "2003-06",
            "price": "41.61",
            "revenue": 71283
        },
        "2003-07": {
            "month": "2003-07",
            "price": "41.99",
            "revenue": 75557
        },
        "2003-08": {
            "month": "2003-08",
            "price": "45.70",
            "revenue": 85159
        },
        "2003-09": {
            "month": "2003-09",
            "price": "47.69",
            "revenue": 82372
        },
        "2003-10": {
            "month": "2003-10",
            "price": "44.09",
            "revenue": 91371
        },
        "2003-11": {
            "month": "2003-11",
            "price": "44.17",
            "revenue": 100134
        },
        "2003-12": {
            "month": "2003-12",
            "price": "45.12",
            "revenue": 88314
        },
        "2004-01": {
            "month": "2004-01",
            "price": "45.09",
            "revenue": 76886
        },
        "2004-02": {
            "month": "2004-02",
            "price": "44.18",
            "revenue": 96138
        },
        "2004-03": {
            "month": "2004-03",
            "price": "42.04",
            "revenue": 102285
        },
        "2004-04": {
            "month": "2004-04",
            "price": "41.29",
            "revenue": 104717
        },
        "2004-05": {
            "month": "2004-05",
            "price": "41.15",
            "revenue": 90300
        },
        "2004-06": {
            "month": "2004-06",
            "price": "40.77",
            "revenue": 85376
        },
        "2004-07": {
            "month": "2004-07",
            "price": "37.28",
            "revenue": 100077
        },
        "2004-08": {
            "month": "2004-08",
            "price": "30.38",
            "revenue": 102559
        },
        "2004-09": {
            "month": "2004-09",
            "price": "29.70",
            "revenue": 117091
        },
        "2004-10": {
            "month": "2004-10",
            "price": "29.59",
            "revenue": 100008
        },
        "2004-11": {
            "month": "2004-11",
            "price": "27.56",
            "revenue": 106954
        },
        "2004-12": {
            "month": "2004-12",
            "price": "22.99",
            "revenue": 94633
        },
        "2005-01": {
            "month": "2005-01",
            "price": "24.01",
            "revenue": 99174
        },
        "2005-02": {
            "month": "2005-02",
            "price": "29.42",
            "revenue": 81093
        },
        "2005-03": {
            "month": "2005-03",
            "price": "31.57",
            "revenue": 90834
        },
        "2005-04": {
            "month": "2005-04",
            "price": "28.45",
            "revenue": 91236
        },
        "2005-05": {
            "month": "2005-05",
            "price": "26.75",
            "revenue": 92106
        },
        "2005-06": {
            "month": "2005-06",
            "price": "30.05",
            "revenue": 97072
        },
        "2005-07": {
            "month": "2005-07",
            "price": "40.06",
            "revenue": 102186
        },
        "2005-08": {
            "month": "2005-08",
            "price": "37.91",
            "revenue": 117515
        },
        "2005-09": {
            "month": "2005-09",
            "price": "35.53",
            "revenue": 119375
        },
        "2005-10": {
            "month": "2005-10",
            "price": "35.39",
            "revenue": 140998
        },
        "2005-11": {
            "month": "2005-11",
            "price": "36.16",
            "revenue": 148219
        },
        "2005-12": {
            "month": "2005-12",
            "price": "43.91",
            "revenue": 95768
        },
        "2006-01": {
            "month": "2006-01",
            "price": "40.58",
            "revenue": 102482
        },
        "2006-02": {
            "month": "2006-02",
            "price": "37.14",
            "revenue": 80739
        },
        "2006-03": {
            "month": "2006-03",
            "price": "38.40",
            "revenue": 128072
        },
        "2006-04": {
            "month": "2006-04",
            "price": "41.76",
            "revenue": 125546
        },
        "2006-05": {
            "month": "2006-05",
            "price": "39.49",
            "revenue": 128330
        },
        "2006-06": {
            "month": "2006-06",
            "price": "36.79",
            "revenue": 134867
        },
        "2006-07": {
            "month": "2006-07",
            "price": "35.40",
            "revenue": 124941
        },
        "2006-08": {
            "month": "2006-08",
            "price": "32.55",
            "revenue": 151063
        },
        "2006-09": {
            "month": "2006-09",
            "price": "33.18",
            "revenue": 160842
        },
        "2006-10": {
            "month": "2006-10",
            "price": "36.09",
            "revenue": 171839
        },
        "2006-11": {
            "month": "2006-11",
            "price": "38.83",
            "revenue": 180957
        },
        "2006-12": {
            "month": "2006-12",
            "price": "42.75",
            "revenue": 157573
        },
        "2007-01": {
            "month": "2007-01",
            "price": "48.70",
            "revenue": 156268
        },
        "2007-02": {
            "month": "2007-02",
            "price": "47.73",
            "revenue": 110489
        },
        "2007-03": {
            "month": "2007-03",
            "price": "50.10",
            "revenue": 172665
        },
        "2007-04": {
            "month": "2007-04",
            "price": "60.86",
            "revenue": 190303
        },
        "2007-05": {
            "month": "2007-05",
            "price": "63.75",
            "revenue": 155720
        },
        "2007-06": {
            "month": "2007-06",
            "price": "68.06",
            "revenue": 170197
        },
        "2007-07": {
            "month": "2007-07",
            "price": "71.33",
            "revenue": 196702
        },
        "2007-08": {
            "month": "2007-08",
            "price": "66.51",
            "revenue": 207015
        },
        "2007-09": {
            "month": "2007-09",
            "price": "70.36",
            "revenue": 204521
        },
        "2007-10": {
            "month": "2007-10",
            "price": "70.28",
            "revenue": 181446
        },
        "2007-11": {
            "month": "2007-11",
            "price": "61.80",
            "revenue": 184679
        },
        "2007-12": {
            "month": "2007-12",
            "price": "57.21",
            "revenue": 150804
        },
        "2008-01": {
            "month": "2008-01",
            "price": "54.53",
            "revenue": 193840
        },
        "2008-02": {
            "month": "2008-02",
            "price": "54.04",
            "revenue": 111277
        },
        "2008-03": {
            "month": "2008-03",
            "price": "55.66",
            "revenue": 150599
        },
        "2008-04": {
            "month": "2008-04",
            "price": "54.35",
            "revenue": 160536
        },
        "2008-05": {
            "month": "2008-05",
            "price": "47.72",
            "revenue": 182259
        },
        "2008-06": {
            "month": "2008-06",
            "price": "40.88",
            "revenue": 140055
        },
        "2008-07": {
            "month": "2008-07",
            "price": "34.30",
            "revenue": 184310
        },
        "2008-08": {
            "month": "2008-08",
            "price": "35.58",
            "revenue": 182433
        },
        "2008-09": {
            "month": "2008-09",
            "price": "24.39",
            "revenue": 204102
        },
        "2008-10": {
            "month": "2008-10",
            "price": "20.02",
            "revenue": 189789
        },
        "2008-11": {
            "month": "2008-11",
            "price": "17.98",
            "revenue": 156493
        },
        "2008-12": {
            "month": "2008-12",
            "price": "15.43",
            "revenue": 139761
        },
        "2009-01": {
            "month": "2009-01",
            "price": "15.64",
            "revenue": 144131
        },
        "2009-02": {
            "month": "2009-02",
            "price": "18.71",
            "revenue": 144863
        },
        "2009-03": {
            "month": "2009-03",
            "price": "23.29",
            "revenue": 216293
        },
        "2009-04": {
            "month": "2009-04",
            "price": "24.33",
            "revenue": 199282
        },
        "2009-05": {
            "month": "2009-05",
            "price": "26.59",
            "revenue": 154672
        },
        "2009-06": {
            "month": "2009-06",
            "price": "23.99",
            "revenue": 152932
        },
        "2009-07": {
            "month": "2009-07",
            "price": "24.23",
            "revenue": 160939
        },
        "2009-08": {
            "month": "2009-08",
            "price": "25.65",
            "revenue": 152717
        },
        "2009-09": {
            "month": "2009-09",
            "price": "28.38",
            "revenue": 186889
        },
        "2009-10": {
            "month": "2009-10",
            "price": "29.60",
            "revenue": 163601
        },
        "2009-11": {
            "month": "2009-11",
            "price": "27.90",
            "revenue": 157493
        },
        "2009-12": {
            "month": "2009-12",
            "price": "29.78",
            "revenue": 166488
        },
        "2010-01": {
            "month": "2010-01",
            "price": "33.84",
            "revenue": 191207
        },
        "2010-02": {
            "month": "2010-02",
            "price": "32.74",
            "revenue": 130600
        },
        "2010-03": {
            "month": "2010-03",
            "price": "35.63",
            "revenue": 216542
        },
        "2010-04": {
            "month": "2010-04",
            "price": "38.44",
            "revenue": 222549
        },
        "2010-05": {
            "month": "2010-05",
            "price": "35.27",
            "revenue": 209161
        },
        "2010-06": {
            "month": "2010-06",
            "price": "29.77",
            "revenue": 190229
        },
        "2010-07": {
            "month": "2010-07",
            "price": "29.59",
            "revenue": 200723
        },
        "2010-08": {
            "month": "2010-08",
            "price": "29.86",
            "revenue": 201498
        },
        "2010-09": {
            "month": "2010-09",
            "price": "27.49",
            "revenue": 218897
        },
        "2010-10": {
            "month": "2010-10",
            "price": "27.35",
            "revenue": 195360
        },
        "2010-11": {
            "month": "2010-11",
            "price": "24.53",
            "revenue": 207191
        },
        "2010-12": {
            "month": "2010-12",
            "price": "24.96",
            "revenue": 183660
        },
        "2011-01": {
            "month": "2011-01",
            "price": "24.05",
            "revenue": 201189
        },
        "2011-02": {
            "month": "2011-02",
            "price": "22.45",
            "revenue": 130125
        },
        "2011-03": {
            "month": "2011-03",
            "price": "22.11",
            "revenue": 210150
        },
        "2011-04": {
            "month": "2011-04",
            "price": "22.48",
            "revenue": 203134
        },
        "2011-05": {
            "month": "2011-05",
            "price": "21.38",
            "revenue": 219014
        },
        "2011-06": {
            "month": "2011-06",
            "price": "20.16",
            "revenue": 190432
        },
        "2011-07": {
            "month": "2011-07",
            "price": "19.12",
            "revenue": 192150
        },
        "2011-08": {
            "month": "2011-08",
            "price": "16.91",
            "revenue": 200946
        },
        "2011-09": {
            "month": "2011-09",
            "price": "17.55",
            "revenue": 192388
        },
        "2011-10": {
            "month": "2011-10",
            "price": "17.63",
            "revenue": 182577
        },
        "2011-11": {
            "month": "2011-11",
            "price": "16.05",
            "revenue": 199403
        },
        "2011-12": {
            "month": "2011-12",
            "price": "15.52",
            "revenue": 181850
        },
        "2012-01": {
            "month": "2012-01",
            "price": "16.71",
            "revenue": 170374
        },
        "2012-02": {
            "month": "2012-02",
            "price": "17.78",
            "revenue": 161471
        },
        "2012-03": {
            "month": "2012-03",
            "price": "17.67",
            "revenue": 204685
        },
        "2012-04": {
            "month": "2012-04",
            "price": "15.66",
            "revenue": 230964
        },
        "2012-05": {
            "month": "2012-05",
            "price": "15.84",
            "revenue": 204500
        },
        "2012-06": {
            "month": "2012-06",
            "price": "15.46",
            "revenue": 202127
        },
        "2012-07": {
            "month": "2012-07",
            "price": "15.63",
            "revenue": 213286
        },
        "2012-08": {
            "month": "2012-08",
            "price": "15.24",
            "revenue": 229277
        },
        "2012-09": {
            "month": "2012-09",
            "price": "16.58",
            "revenue": 220213
        },
        "2012-10": {
            "month": "2012-10",
            "price": "15.27",
            "revenue": 199430
        },
        "2012-11": {
            "month": "2012-11",
            "price": "15.12",
            "revenue": 213175
        },
        "2012-12": {
            "month": "2012-12",
            "price": "15.64",
            "revenue": 169912
        },
        "2013-01": {
            "month": "2013-01",
            "price": "15.58",
            "revenue": 223056
        },
        "2013-02": {
            "month": "2013-02",
            "price": "16.15",
            "revenue": 145302
        },
        "2013-03": {
            "month": "2013-03",
            "price": "17.60",
            "revenue": 199633
        },
        "2013-04": {
            "month": "2013-04",
            "price": "18.43",
            "revenue": 217231
        },
        "2013-05": {
            "month": "2013-05",
            "price": "19.80",
            "revenue": 204914
        },
        "2013-06": {
            "month": "2013-06",
            "price": "19.83",
            "revenue": 179018
        },
        "2013-07": {
            "month": "2013-07",
            "price": "21.22",
            "revenue": 198944
        },
        "2013-08": {
            "month": "2013-08",
            "price": "24.67",
            "revenue": 211563
        },
        "2013-09": {
            "month": "2013-09",
            "price": "22.82",
            "revenue": 206095
        },
        "2013-10": {
            "month": "2013-10",
            "price": "22.10",
            "revenue": 185168
        },
        "2013-11": {
            "month": "2013-11",
            "price": "20.94",
            "revenue": 177955
        },
        "2013-12": {
            "month": "2013-12",
            "price": "22.21",
            "revenue": 180217
        },
        "2014-01": {
            "month": "2014-01",
            "price": "26.49",
            "revenue": 200652
        },
        "2014-02": {
            "month": "2014-02",
            "price": "28.41",
            "revenue": 140082
        },
        "2014-03": {
            "month": "2014-03",
            "price": "30.66",
            "revenue": 223343
        },
        "2014-04": {
            "month": "2014-04",
            "price": "34.81",
            "revenue": 261593
        },
        "2014-05": {
            "month": "2014-05",
            "price": "36.76",
            "revenue": 239071
        },
        "2014-06": {
            "month": "2014-06",
            "price": "39.13",
            "revenue": 192762
        },
        "2014-07": {
            "month": "2014-07",
            "price": "38.28",
            "revenue": 205367
        },
        "2014-08": {
            "month": "2014-08",
            "price": "37.43",
            "revenue": 197728
        },
        "2014-09": {
            "month": "2014-09",
            "price": "33.42",
            "revenue": 220954
        },
        "2014-10": {
            "month": "2014-10",
            "price": "29.98",
            "revenue": 235638
        },
        "2014-11": {
            "month": "2014-11",
            "price": "31.66",
            "revenue": 207844
        },
        "2014-12": {
            "month": "2014-12",
            "price": "33.09",
            "revenue": 206536
        },
        "2015-01": {
            "month": "2015-01",
            "price": "35.40",
            "revenue": 233481
        },
        "2015-02": {
            "month": "2015-02",
            "price": "36.52",
            "revenue": 161305
        },
        "2015-03": {
            "month": "2015-03",
            "price": "37.42",
            "revenue": 186350
        },
        "2015-04": {
            "month": "2015-04",
            "price": "34.12",
            "revenue": 192090
        },
        "2015-05": {
            "month": "2015-05",
            "price": "30.86",
            "revenue": 183342
        },
        "2015-06": {
            "month": "2015-06",
            "price": "28.23",
            "revenue": 157694
        },
        "2015-07": {
            "month": "2015-07",
            "price": "26.32",
            "revenue": 183237
        },
        "2015-08": {
            "month": "2015-08",
            "price": "22.50",
            "revenue": 188450
        },
        "2015-09": {
            "month": "2015-09",
            "price": "25.62",
            "revenue": 180150
        },
        "2015-10": {
            "month": "2015-10",
            "price": "28.88",
            "revenue": 179945
        },
        "2015-11": {
            "month": "2015-11",
            "price": "29.65",
            "revenue": 152202
        },
        "2015-12": {
            "month": "2015-12",
            "price": "27.45",
            "revenue": 168942
        },
        "2016-01": {
            "month": "2016-01",
            "price": "26.02",
            "revenue": 186604
        },
        "2016-02": {
            "month": "2016-02",
            "price": "28.81",
            "revenue": 113011
        },
        "2016-03": {
            "month": "2016-03",
            "price": "29.57",
            "revenue": 189239
        },
        "2016-04": {
            "month": "2016-04",
            "price": "28.30",
            "revenue": 164373
        },
        "2016-05": {
            "month": "2016-05",
            "price": "27.00",
            "revenue": 158508
        },
        "2016-06": {
            "month": "2016-06",
            "price": "26.82",
            "revenue": 187556
        },
        "2016-07": {
            "month": "2016-07",
            "price": "26.71",
            "revenue": 180198
        },
        "2016-08": {
            "month": "2016-08",
            "price": "28.15",
            "revenue": 173682
        },
        "2016-09": {
            "month": "2016-09",
            "price": "30.66",
            "revenue": 165768
        },
        "2016-10": {
            "month": "2016-10",
            "price": "30.58",
            "revenue": 165693
        },
        "2016-11": {
            "month": "2016-11",
            "price": "29.80",
            "revenue": 185687
        },
        "2016-12": {
            "month": "2016-12",
            "price": "29.61",
            "revenue": 164652
        },
        "2017-01": {
            "month": "2017-01",
            "price": "29.69",
            "revenue": 150514
        },
        "2017-02": {
            "month": "2017-02",
            "price": "33.56",
            "revenue": 120549
        },
        "2017-03": {
            "month": "2017-03",
            "price": "39.69",
            "revenue": 176297
        },
        "2017-04": {
            "month": "2017-04",
            "price": "37.37",
            "revenue": 162384
        },
        "2017-05": {
            "month": "2017-05",
            "price": "39.20",
            "revenue": 150992
        },
        "2017-06": {
            "month": "2017-06",
            "price": "39.35",
            "revenue": 155296
        },
        "2017-07": {
            "month": "2017-07",
            "price": "37.11",
            "revenue": 155929
        },
        "2017-08": {
            "month": "2017-08",
            "price": "35.87",
            "revenue": 157990
        },
        "2017-09": {
            "month": "2017-09",
            "price": "35.01",
            "revenue": 161597
        },
        "2017-10": {
            "month": "2017-10",
            "price": "35.01",
            "revenue": 107666
        },
        "2017-11": {
            "month": "2017-11",
            "price": "31.99",
            "revenue": 124019
        },
        "2017-12": {
            "month": "2017-12",
            "price": "30.38",
            "revenue": 132574
        },
        "2018-01": {
            "month": "2018-01",
            "price": "30.40",
            "revenue": 151587
        },
        "2018-02": {
            "month": "2018-02",
            "price": "29.03",
            "revenue": 98449
        },
        "2018-03": {
            "month": "2018-03",
            "price": "28.71",
            "revenue": 121395
        },
        "2018-04": {
            "month": "2018-04",
            "price": "28.11",
            "revenue": 143709
        },
        "2018-05": {
            "month": "2018-05",
            "price": "27.60",
            "revenue": 149283
        },
        "2018-06": {
            "month": "2018-06",
            "price": "27.72",
            "revenue": 149951
        },
        "2018-07": {
            "month": "2018-07",
            "price": "26.68",
            "revenue": 138898
        },
        "2018-08": {
            "month": "2018-08",
            "price": "25.50",
            "revenue": 132641
        },
        "2018-09": {
            "month": "2018-09",
            "price": "24.04",
            "revenue": 117930
        },
        "2018-10": {
            "month": "2018-10",
            "price": "21.75",
            "revenue": 109104
        },
        "2018-11": {
            "month": "2018-11",
            "price": "21.53",
            "revenue": 110558
        },
        "2018-12": {
            "month": "2018-12",
            "price": "22.04",
            "revenue": 85220
        },
        "2019-01": {
            "month": "2019-01",
            "price": "21.98",
            "revenue": 144208
        },
        "2019-02": {
            "month": "2019-02",
            "price": "23.67",
            "revenue": 82433
        },
        "2019-03": {
            "month": "2019-03",
            "price": "26.06",
            "revenue": 100308
        },
        "2019-04": {
            "month": "2019-04",
            "price": "28.09",
            "revenue": 106399
        },
        "2019-05": {
            "month": "2019-05",
            "price": "27.12",
            "revenue": 101294
        },
        "2019-06": {
            "month": "2019-06",
            "price": "26.85",
            "revenue": 85885
        },
        "2019-07": {
            "month": "2019-07",
            "price": "26.22",
            "revenue": 94511
        },
        "2019-08": {
            "month": "2019-08",
            "price": "25.73",
            "revenue": 88961
        },
        "2019-09": {
            "month": "2019-09",
            "price": "25.68",
            "revenue": 101071
        },
        "2019-10": {
            "month": "2019-10",
            "price": "25.65",
            "revenue": 90692
        },
        "2019-11": {
            "month": "2019-11",
            "price": "25.13",
            "revenue": 89617
        },
        "2019-12": {
            "month": "2019-12",
            "price": "25.54",
            "revenue": 91526
        },
        "2020-01": {
            "month": "2020-01",
            "price": "25.56",
            "revenue": 96455
        },
        "2020-02": {
            "month": "2020-02",
            "price": "24.33",
            "revenue": 66932
        },
        "2020-03": {
            "month": "2020-03",
            "price": "20.70",
            "revenue": 100540
        },
        "2020-04": {
            "month": "2020-04",
            "price": "21.14",
            "revenue": 141244
        },
        "2020-05": {
            "month": "2020-05",
            "price": "24.85",
            "revenue": 147235
        },
        "2020-06": {
            "month": "2020-06",
            "price": "32.93",
            "revenue": 141478
        },
        "2020-07": {
            "month": "2020-07",
            "price": "36.58",
            "revenue": 147109
        },
        "2020-08": {
            "month": "2020-08",
            "price": "34.46",
            "revenue": 83637
        },
        "2020-09": {
            "month": "2020-09",
            "price": "33.64",
            "revenue": 105928
        },
        "2020-10": {
            "month": "2020-10",
            "price": "33.70",
            "revenue": 95932
        },
        "2020-11": {
            "month": "2020-11",
            "price": "39.85",
            "revenue": 101970
        },
        "2020-12": {
            "month": "2020-12",
            "price": "47.50",
            "revenue": 106462
        },
        "2021-01": {
            "month": "2021-01",
            "price": "43.20",
            "revenue": 150998
        },
        "2021-02": {
            "month": "2021-02",
            "price": "42.68",
            "revenue": 70520
        },
        "2021-03": {
            "month": "2021-03",
            "price": "42.52",
            "revenue": 114333
        },
        "2021-04": {
            "month": "2021-04",
            "price": "41.78",
            "revenue": 138887
        },
        "2021-05": {
            "month": "2021-05",
            "price": "32.76",
            "revenue": 141918
        },
        "2021-06": {
            "month": "2021-06",
            "price": "30.49",
            "revenue": 144034
        },
        "2021-07": {
            "month": "2021-07",
            "price": "32.47",
            "revenue": 162127
        },
        "2021-08": {
            "month": "2021-08",
            "price": "31.77",
            "revenue": 136709
        },
        "2021-09": {
            "month": "2021-09",
            "price": "30.54",
            "revenue": 125005
        },
        "2021-10": {
            "month": "2021-10",
            "price": "33.00",
            "revenue": 121243
        },
        "2021-11": {
            "month": "2021-11",
            "price": "46.75",
            "revenue": 146625
        },
        "2021-12": {
            "month": "2021-12",
            "price": "66.85",
            "revenue": 147069
        },
        "2022-01": {
            "month": "2022-01",
            "price": "70.69",
            "revenue": 199677
        },
        "2022-02": {
            "month": "2022-02",
            "price": "85.63",
            "revenue": 120739
        },
        "2022-03": {
            "month": "2022-03",
            "price": "85.94",
            "revenue": 161928
        },
        "2022-04": {
            "month": "2022-04",
            "price": "82.01",
            "revenue": 183834
        },
        "2022-05": {
            "month": "2022-05",
            "price": "79.55",
            "revenue": 140648
        },
        "2022-06": {
            "month": "2022-06",
            "price": "74.17",
            "revenue": 140662
        },
        "2022-07": {
            "month": "2022-07",
            "price": "64.53",
            "revenue": 143506
        },
        "2022-08": {
            "month": "2022-08",
            "price": "77.30",
            "revenue": 135288
        },
        "2022-09": {
            "month": "2022-09",
            "price": "76.84",
            "revenue": 172975
        },
        "2022-10": {
            "month": "2022-10",
            "price": "80.38",
            "revenue": 170064
        },
        "2022-11": {
            "month": "2022-11",
            "price": "79.06",
            "revenue": 161076
        },
        "2022-12": {
            "month": "2022-12",
            "price": "73.59",
            "revenue": 142766
        },
        "2023-01": {
            "month": "2023-01",
            "price": "69.86",
            "revenue": 205057
        },
        "2023-02": {
            "month": "2023-02",
            "price": "87.33",
            "revenue": 167664
        },
        "2023-03": {
            "month": "2023-03",
            "price": "85.62",
            "revenue": 144647
        },
        "2023-04": {
            "month": "2023-04",
            "price": "76.59",
            "revenue": 96143
        },
        "2023-05": {
            "month": "2023-05",
            "price": "70.39",
            "revenue": 104621
        },
        "2023-06": {
            "month": "2023-06",
            "price": "72.78",
            "revenue": 81454
        },
        "2023-07": {
            "month": "2023-07",
            "price": "65.87",
            "revenue": 101991
        },
        "2023-08": {
            "month": "2023-08",
            "price": "59.80",
            "revenue": 78195
        },
        "2023-09": {
            "month": "2023-09",
            "price": "67.06",
            "revenue": 83877
        },
        "2023-10": {
            "month": "2023-10",
            "price": "67.86",
            "revenue": 94628
        },
        "2023-11": {
            "month": "2023-11",
            "price": "67.75",
            "revenue": 92995
        },
        "2023-12": {
            "month": "2023-12",
            "price": "74.33",
            "revenue": 124069
        }
    }
}
