{
    "summary": {
        "stock_name": "飛捷",
        "stock_id": "6206",
        "category": "電腦及週邊設備",
        "main_business": "端點銷售系統 POS  SYSTEM<br>平板電腦PANEL PC<br>資訊服務系統KIOSK",
        "website_url": "http://www.flytech.com",
        "ceo": "徐嘉宏",
        "pe_ratio": 23,
        "report_year_from": 2001,
        "report_year_to": 2023,
        "age": 23,
        "eps_negative_percentage": 0,
        "eps_growth_avg": {
            "last_all": 5.18,
            "last_2y": 5.58,
            "last_4y": -2.26,
            "last_8y": -4.19,
            "last_12y": -2.12,
            "last_16y": -1.21,
            "last_20y": 1.32,
            "at_2006_last_3y": 12.1,
            "at_2007_last_3y": 19.54,
            "at_2008_last_3y": 7.4,
            "at_2009_last_3y": 9.37,
            "at_2010_last_3y": 1.72,
            "at_2011_last_3y": -7.63,
            "at_2012_last_3y": 1.62,
            "at_2013_last_3y": 3.96,
            "at_2014_last_3y": 2.54,
            "at_2015_last_3y": 5.05,
            "at_2016_last_3y": 0.41,
            "at_2017_last_3y": -9.98,
            "at_2018_last_3y": -6.6,
            "at_2019_last_3y": -7.35,
            "at_2020_last_3y": -8.38,
            "at_2021_last_3y": -0.45,
            "at_2022_last_3y": 10.09,
            "at_2023_last_3y": -0.81,
            "at_2024_last_3y": -0.81,
            "at_2006_last_all": 26.92,
            "at_2007_last_all": 26.16,
            "at_2008_last_all": 17.52,
            "at_2009_last_all": 17.36,
            "at_2010_last_all": 15.72,
            "at_2011_last_all": 12.64,
            "at_2012_last_all": 11.73,
            "at_2013_last_all": 12.89,
            "at_2014_last_all": 11.67,
            "at_2015_last_all": 10.47,
            "at_2016_last_all": 8.71,
            "at_2017_last_all": 7.17,
            "at_2018_last_all": 7.37,
            "at_2019_last_all": 6.51,
            "at_2020_last_all": 5.12,
            "at_2021_last_all": 5.65,
            "at_2022_last_all": 7.89,
            "at_2023_last_all": 5.18,
            "at_2024_last_all": 5.18
        },
        "latest_eps": 3.51,
        "latest_price": 79,
        "latest_roe": 9.74,
        "latest_gross_margin": 44.17,
        "latest_equity": 4704474,
        "latest_revenue": 994969,
        "latest_gross_profit": 439521,
        "latest_net_income": 161982,
        "latest_debt_ratio": 16.49,
        "latest_current_ratio": 463.88,
        "latest_account_receivable_turnover_ratio": 1.36,
        "latest_inventory_turnover_ratio": 0.9,
        "latest_reinvestment_rate": -3.79,
        "latest_research_to_sale_ratio": 7.12
    },
    "eps_dividends": {
        "2001": {
            "cash": 0,
            "stock": 0.15,
            "eps": 2.61
        },
        "2002": {
            "cash": 0,
            "stock": 0.28,
            "eps": 4.86
        },
        "2003": {
            "cash": 1.5,
            "stock": 1.5,
            "eps": 4.5
        },
        "2004": {
            "cash": 1.5,
            "stock": 1.5,
            "eps": 5.14
        },
        "2005": {
            "cash": 2.45,
            "stock": 0.98,
            "eps": 5.57
        },
        "2006": {
            "cash": 2.5,
            "stock": 1.5,
            "eps": 7.42
        },
        "2007": {
            "cash": 3.5,
            "stock": 1.5,
            "eps": 9.08
        },
        "2008": {
            "cash": 5,
            "stock": 1,
            "eps": 5.96
        },
        "2009": {
            "cash": 4,
            "stock": 0,
            "eps": 6.93
        },
        "2010": {
            "cash": 4,
            "stock": 0.5,
            "eps": 7.11
        },
        "2011": {
            "cash": 8,
            "stock": 2,
            "eps": 6.04
        },
        "2012": {
            "cash": 0,
            "stock": 0,
            "eps": 6.2
        },
        "2013": {
            "cash": 3.35,
            "stock": 0.96,
            "eps": 7.79
        },
        "2014": {
            "cash": 6,
            "stock": 1,
            "eps": 7.55
        },
        "2015": {
            "cash": 6,
            "stock": 0.5,
            "eps": 7.17
        },
        "2016": {
            "cash": 6,
            "stock": 0,
            "eps": 6.03
        },
        "2017": {
            "cash": 5,
            "stock": 0,
            "eps": 5.07
        },
        "2018": {
            "cash": 4.5,
            "stock": 0,
            "eps": 5.6
        },
        "2019": {
            "cash": 5,
            "stock": 0,
            "eps": 5.15
        },
        "2020": {
            "cash": 4.5,
            "stock": 0,
            "eps": 4.12
        },
        "2021": {
            "cash": 4,
            "stock": 0,
            "eps": 4.77
        },
        "2022": {
            "cash": 4,
            "stock": 0,
            "eps": 7.28
        },
        "2023": {
            "cash": 5.5,
            "stock": 0,
            "eps": 3.52
        },
        "2024": {
            "cash": 4,
            "stock": 0,
            "eps": 0
        }
    },
    "dividends": {
        "2001-04-10": {
            "cash": 0,
            "stock": 0.15
        },
        "2002-05-18": {
            "cash": 0,
            "stock": 0.28
        },
        "2003-04-07": {
            "cash": 1.5,
            "stock": 1.5
        },
        "2004-04-06": {
            "cash": 1.5,
            "stock": 1.5
        },
        "2005-04-07": {
            "cash": 2.45,
            "stock": 0.98
        },
        "2006-06-14": {
            "cash": 2.5,
            "stock": 1.5
        },
        "2007-04-24": {
            "cash": 3.5,
            "stock": 1.5
        },
        "2008-04-28": {
            "cash": 5,
            "stock": 1
        },
        "2009-04-28": {
            "cash": 4,
            "stock": 0
        },
        "2010-04-27": {
            "cash": 4,
            "stock": 0.5
        },
        "2011-01-01": {
            "cash": 3.5,
            "stock": 1
        },
        "2011-04-12": {
            "cash": 4.5,
            "stock": 1
        },
        "2013-04-16": {
            "cash": 3.35,
            "stock": 0.96
        },
        "2014-09-30": {
            "cash": 6,
            "stock": 1
        },
        "2015-09-30": {
            "cash": 6,
            "stock": 0.5
        },
        "2016-09-21": {
            "cash": 6,
            "stock": 0
        },
        "2017-09-22": {
            "cash": 5,
            "stock": 0
        },
        "2018-08-20": {
            "cash": 4.5,
            "stock": 0
        },
        "2019-08-20": {
            "cash": 5,
            "stock": 0
        },
        "2020-08-21": {
            "cash": 4.5,
            "stock": 0
        },
        "2021-08-27": {
            "cash": 4,
            "stock": 0
        },
        "2022-08-18": {
            "cash": 4,
            "stock": 0
        },
        "2023-08-18": {
            "cash": 5.5,
            "stock": 0
        },
        "2024-03-08": {
            "cash": 4,
            "stock": 0
        }
    },
    "prices": {
        "200101": "無",
        "200102": "無",
        "200103": "無",
        "200104": "無",
        "200105": "無",
        "200106": "無",
        "200107": "無",
        "200108": "無",
        "200109": "無",
        "200110": "無",
        "200111": "無",
        "200112": "無",
        "200201": "無",
        "200202": "無",
        "200203": "無",
        "200204": "無",
        "200205": "無",
        "200206": "無",
        "200207": "無",
        "200208": "無",
        "200209": "無",
        "200210": "無",
        "200211": "無",
        "200212": "48.45",
        "200301": "47.46",
        "200302": "50.35",
        "200303": "52.02",
        "200304": "50.59",
        "200305": "52.84",
        "200306": "59.08",
        "200307": "60.17",
        "200308": "52.86",
        "200309": "52.33",
        "200310": "51.90",
        "200311": "49.38",
        "200312": "50.75",
        "200401": "52.23",
        "200402": "56.38",
        "200403": "60.41",
        "200404": "59.59",
        "200405": "54.14",
        "200406": "53.31",
        "200407": "52.61",
        "200408": "52.32",
        "200409": "45.59",
        "200410": "45.96",
        "200411": "44.69",
        "200412": "44.41",
        "200501": "43.35",
        "200502": "46.48",
        "200503": "50.42",
        "200504": "49.18",
        "200505": "47.15",
        "200506": "46.37",
        "200507": "50.68",
        "200508": "55.75",
        "200509": "49.98",
        "200510": "43.67",
        "200511": "40.79",
        "200512": "45.90",
        "200601": "62.79",
        "200602": "63.45",
        "200603": "69.43",
        "200604": "70.74",
        "200605": "66.40",
        "200606": "58.93",
        "200607": "59.15",
        "200608": "57.82",
        "200609": "56.74",
        "200610": "58.68",
        "200611": "58.25",
        "200612": "65.93",
        "200701": "79.86",
        "200702": "84.62",
        "200703": "89.77",
        "200704": "91.94",
        "200705": "97.17",
        "200706": "117.75",
        "200707": "151.93",
        "200708": "151.72",
        "200709": "154.69",
        "200710": "134.48",
        "200711": "106.66",
        "200712": "104.55",
        "200801": "92.55",
        "200802": "86.09",
        "200803": "104.60",
        "200804": "114.31",
        "200805": "105.33",
        "200806": "94.64",
        "200807": "76.02",
        "200808": "77.48",
        "200809": "60.82",
        "200810": "44.34",
        "200811": "40.39",
        "200812": "44.02",
        "200901": "44.84",
        "200902": "43.52",
        "200903": "48.10",
        "200904": "56.52",
        "200905": "67.24",
        "200906": "66.34",
        "200907": "78.16",
        "200908": "81.52",
        "200909": "88.34",
        "200910": "83.06",
        "200911": "79.80",
        "200912": "82.95",
        "201001": "83.48",
        "201002": "77.34",
        "201003": "81.49",
        "201004": "85.58",
        "201005": "88.90",
        "201006": "86.35",
        "201007": "86.82",
        "201008": "87.82",
        "201009": "83.24",
        "201010": "80.28",
        "201011": "78.08",
        "201012": "79.84",
        "201101": "80.96",
        "201102": "79.59",
        "201103": "78.59",
        "201104": "82.89",
        "201105": "86.51",
        "201106": "86.22",
        "201107": "83.49",
        "201108": "69.95",
        "201109": "60.91",
        "201110": "56.30",
        "201111": "55.96",
        "201112": "53.94",
        "201201": "58.28",
        "201202": "66.77",
        "201203": "73.11",
        "201204": "71.41",
        "201205": "70.24",
        "201206": "65.95",
        "201207": "68.21",
        "201208": "67.52",
        "201209": "64.96",
        "201210": "62.97",
        "201211": "62.91",
        "201212": "66.53",
        "201301": "70.35",
        "201302": "73.58",
        "201303": "77.15",
        "201304": "75.96",
        "201305": "88.60",
        "201306": "94.01",
        "201307": "112.46",
        "201308": "101.92",
        "201309": "96.94",
        "201310": "100.53",
        "201311": "103.00",
        "201312": "114.18",
        "201401": "109.39",
        "201402": "108.29",
        "201403": "124.76",
        "201404": "119.60",
        "201405": "117.71",
        "201406": "131.38",
        "201407": "133.84",
        "201408": "126.60",
        "201409": "118.86",
        "201410": "111.77",
        "201411": "111.52",
        "201412": "109.98",
        "201501": "111.88",
        "201502": "116.62",
        "201503": "124.84",
        "201504": "127.60",
        "201505": "123.32",
        "201506": "127.29",
        "201507": "119.27",
        "201508": "102.73",
        "201509": "93.05",
        "201510": "101.91",
        "201511": "99.99",
        "201512": "94.48",
        "201601": "95.14",
        "201602": "106.33",
        "201603": "112.26",
        "201604": "108.84",
        "201605": "109.17",
        "201606": "107.88",
        "201607": "104.32",
        "201608": "109.61",
        "201609": "109.79",
        "201610": "106.02",
        "201611": "95.26",
        "201612": "96.34",
        "201701": "97.28",
        "201702": "101.29",
        "201703": "101.57",
        "201704": "100.72",
        "201705": "100.70",
        "201706": "100.33",
        "201707": "98.09",
        "201708": "94.43",
        "201709": "90.36",
        "201710": "88.02",
        "201711": "86.15",
        "201712": "81.53",
        "201801": "84.03",
        "201802": "82.13",
        "201803": "81.63",
        "201804": "79.45",
        "201805": "79.12",
        "201806": "79.46",
        "201807": "77.55",
        "201808": "76.10",
        "201809": "75.63",
        "201810": "71.67",
        "201811": "70.06",
        "201812": "69.60",
        "201901": "68.79",
        "201902": "72.26",
        "201903": "75.92",
        "201904": "79.40",
        "201905": "78.55",
        "201906": "80.01",
        "201907": "77.57",
        "201908": "73.52",
        "201909": "73.60",
        "201910": "71.88",
        "201911": "69.56",
        "201912": "70.93",
        "202001": "73.13",
        "202002": "74.27",
        "202003": "64.32",
        "202004": "64.64",
        "202005": "67.87",
        "202006": "71.06",
        "202007": "69.73",
        "202008": "62.31",
        "202009": "62.69",
        "202010": "61.17",
        "202011": "61.36",
        "202012": "61.76",
        "202101": "60.74",
        "202102": "60.32",
        "202103": "63.64",
        "202104": "67.56",
        "202105": "62.55",
        "202106": "64.94",
        "202107": "68.82",
        "202108": "63.85",
        "202109": "65.18",
        "202110": "68.86",
        "202111": "71.78",
        "202112": "77.07",
        "202201": "78.41",
        "202202": "75.58",
        "202203": "73.20",
        "202204": "75.46",
        "202205": "75.48",
        "202206": "82.07",
        "202207": "88.96",
        "202208": "86.24",
        "202209": "74.82",
        "202210": "64.37",
        "202211": "67.48",
        "202212": "67.09",
        "202301": "67.18",
        "202302": "70.37",
        "202303": "72.74",
        "202304": "71.94",
        "202305": "70.75",
        "202306": "72.22",
        "202307": "70.28",
        "202308": "65.30",
        "202309": "66.88",
        "202310": "65.59",
        "202311": "64.92",
        "202312": "69.21"
    },
    "quarters": {
        "20011": {
            "year_quarter": 20011,
            "year": 2001,
            "quarter": 1,
            "eps": null,
            "eps_growth_year": null,
            "eps_4q": null,
            "eps_4q_growth_year": null,
            "roe": null,
            "roe_4q": 0,
            "gross_profit": null,
            "gross_margin": null,
            "gross_margin_4q_avg": 0,
            "net_income": null,
            "net_income_4q": null,
            "revenue": null,
            "revenue_4q": null,
            "common_shares": null,
            "book_valuer_per_share": null,
            "book_valuer_per_share_4q_avg": 0,
            "equity": null,
            "current_ratio": null,
            "debt_ratio": null,
            "inventory_turnover_ratio": null,
            "account_receivable_turnover_ratio": null,
            "reinvestment_rate": null,
            "research_to_sale_ratio": null,
            "price_fair": 0,
            "eps_avg_yearly": 0,
            "eps_latest_yearly": 0,
            "eps_growth_yearly": 0
        },
        "20012": {
            "year_quarter": 20012,
            "year": 2001,
            "quarter": 2,
            "eps": null,
            "eps_growth_year": null,
            "eps_4q": null,
            "eps_4q_growth_year": null,
            "roe": null,
            "roe_4q": 0,
            "gross_profit": null,
            "gross_margin": null,
            "gross_margin_4q_avg": 0,
            "net_income": null,
            "net_income_4q": null,
            "revenue": null,
            "revenue_4q": null,
            "common_shares": null,
            "book_valuer_per_share": null,
            "book_valuer_per_share_4q_avg": 0,
            "equity": null,
            "current_ratio": null,
            "debt_ratio": null,
            "inventory_turnover_ratio": null,
            "account_receivable_turnover_ratio": null,
            "reinvestment_rate": null,
            "research_to_sale_ratio": null,
            "price_fair": 0,
            "eps_avg_yearly": 0,
            "eps_latest_yearly": 0,
            "eps_growth_yearly": 0
        },
        "20013": {
            "year_quarter": 20013,
            "year": 2001,
            "quarter": 3,
            "eps": 1.45,
            "eps_growth_year": null,
            "eps_4q": null,
            "eps_4q_growth_year": null,
            "roe": 7.81,
            "roe_4q": 7.81,
            "gross_profit": 67211,
            "gross_margin": 39.89,
            "gross_margin_4q_avg": 13.3,
            "net_income": 34780,
            "net_income_4q": null,
            "revenue": 168483,
            "revenue_4q": null,
            "common_shares": 240000,
            "book_valuer_per_share": 18.56,
            "book_valuer_per_share_4q_avg": 6.19,
            "equity": 445390,
            "current_ratio": 349.42,
            "debt_ratio": 27.19,
            "inventory_turnover_ratio": 0.93,
            "account_receivable_turnover_ratio": null,
            "reinvestment_rate": null,
            "research_to_sale_ratio": null,
            "price_fair": 0,
            "eps_avg_yearly": 0,
            "eps_latest_yearly": 0,
            "eps_growth_yearly": 0
        },
        "20014": {
            "year_quarter": 20014,
            "year": 2001,
            "quarter": 4,
            "eps": 1.16,
            "eps_growth_year": null,
            "eps_4q": null,
            "eps_4q_growth_year": null,
            "roe": 5.77,
            "roe_4q": 13.579999999999998,
            "gross_profit": 70225,
            "gross_margin": 33.14,
            "gross_margin_4q_avg": 18.26,
            "net_income": 26503,
            "net_income_4q": null,
            "revenue": 211931,
            "revenue_4q": null,
            "common_shares": 240000,
            "book_valuer_per_share": 19.69,
            "book_valuer_per_share_4q_avg": 9.56,
            "equity": 472625,
            "current_ratio": 416.95,
            "debt_ratio": 23,
            "inventory_turnover_ratio": 1.52,
            "account_receivable_turnover_ratio": null,
            "reinvestment_rate": null,
            "research_to_sale_ratio": null,
            "price_fair": 0,
            "eps_avg_yearly": 0,
            "eps_latest_yearly": 0,
            "eps_growth_yearly": 0
        },
        "20021": {
            "year_quarter": 20021,
            "year": 2002,
            "quarter": 1,
            "eps": 0.97,
            "eps_growth_year": null,
            "eps_4q": null,
            "eps_4q_growth_year": null,
            "roe": 4.82,
            "roe_4q": 18.4,
            "gross_profit": 56396,
            "gross_margin": 37.34,
            "gross_margin_4q_avg": 27.59,
            "net_income": 23351,
            "net_income_4q": null,
            "revenue": 151029,
            "revenue_4q": null,
            "common_shares": 240000,
            "book_valuer_per_share": 20.67,
            "book_valuer_per_share_4q_avg": 14.73,
            "equity": 496093,
            "current_ratio": 425.92,
            "debt_ratio": 23.32,
            "inventory_turnover_ratio": 1.02,
            "account_receivable_turnover_ratio": null,
            "reinvestment_rate": null,
            "research_to_sale_ratio": null,
            "price_fair": 11.64,
            "eps_avg_yearly": 3.88,
            "eps_latest_yearly": 3.88,
            "eps_growth_yearly": -65.52
        },
        "20022": {
            "year_quarter": 20022,
            "year": 2002,
            "quarter": 2,
            "eps": 1.16,
            "eps_growth_year": null,
            "eps_4q": 4.68,
            "eps_4q_growth_year": null,
            "roe": 5.49,
            "roe_4q": 23.889999999999997,
            "gross_profit": 61578,
            "gross_margin": 35.12,
            "gross_margin_4q_avg": 36.37,
            "net_income": 27929,
            "net_income_4q": null,
            "revenue": 175319,
            "revenue_4q": null,
            "common_shares": 312000,
            "book_valuer_per_share": 16.71,
            "book_valuer_per_share_4q_avg": 18.91,
            "equity": 521212,
            "current_ratio": 309.8,
            "debt_ratio": 20.82,
            "inventory_turnover_ratio": 1.02,
            "account_receivable_turnover_ratio": null,
            "reinvestment_rate": null,
            "research_to_sale_ratio": null,
            "price_fair": 69.93,
            "eps_avg_yearly": 4.26,
            "eps_latest_yearly": 4.64,
            "eps_growth_yearly": 6.42
        },
        "20023": {
            "year_quarter": 20023,
            "year": 2002,
            "quarter": 3,
            "eps": 1.03,
            "eps_growth_year": -28.97,
            "eps_4q": 3.51,
            "eps_4q_growth_year": null,
            "roe": 5.98,
            "roe_4q": 22.06,
            "gross_profit": 60369,
            "gross_margin": 32.77,
            "gross_margin_4q_avg": 34.59,
            "net_income": 32246,
            "net_income_4q": null,
            "revenue": 184194,
            "revenue_4q": null,
            "common_shares": 312000,
            "book_valuer_per_share": 17.83,
            "book_valuer_per_share_4q_avg": 18.73,
            "equity": 556340,
            "current_ratio": 450.21,
            "debt_ratio": 14.37,
            "inventory_turnover_ratio": 1.17,
            "account_receivable_turnover_ratio": null,
            "reinvestment_rate": null,
            "research_to_sale_ratio": null,
            "price_fair": 12.64,
            "eps_avg_yearly": 4.21,
            "eps_latest_yearly": 4.12,
            "eps_growth_yearly": -10.66
        },
        "20024": {
            "year_quarter": 20024,
            "year": 2002,
            "quarter": 4,
            "eps": 1.7,
            "eps_growth_year": 46.55,
            "eps_4q": 4.38,
            "eps_4q_growth_year": null,
            "roe": 9.1,
            "roe_4q": 25.39,
            "gross_profit": 86228,
            "gross_margin": 39.26,
            "gross_margin_4q_avg": 36.12,
            "net_income": 53056,
            "net_income_4q": null,
            "revenue": 219612,
            "revenue_4q": null,
            "common_shares": 312000,
            "book_valuer_per_share": 19.52,
            "book_valuer_per_share_4q_avg": 18.68,
            "equity": 609093,
            "current_ratio": 352.94,
            "debt_ratio": 19.96,
            "inventory_turnover_ratio": 1.22,
            "account_receivable_turnover_ratio": null,
            "reinvestment_rate": null,
            "research_to_sale_ratio": null,
            "price_fair": 170.1,
            "eps_avg_yearly": 4.86,
            "eps_latest_yearly": 6.8,
            "eps_growth_yearly": 57.05
        },
        "20031": {
            "year_quarter": 20031,
            "year": 2003,
            "quarter": 1,
            "eps": 1.23,
            "eps_growth_year": 26.8,
            "eps_4q": 4.85,
            "eps_4q_growth_year": null,
            "roe": 6.12,
            "roe_4q": 26.689999999999998,
            "gross_profit": 83662,
            "gross_margin": 31.32,
            "gross_margin_4q_avg": 34.62,
            "net_income": 38441,
            "net_income_4q": null,
            "revenue": 267138,
            "revenue_4q": null,
            "common_shares": 312000,
            "book_valuer_per_share": 20.76,
            "book_valuer_per_share_4q_avg": 18.71,
            "equity": 647570,
            "current_ratio": 391.06,
            "debt_ratio": 16.82,
            "inventory_turnover_ratio": 1.65,
            "account_receivable_turnover_ratio": null,
            "reinvestment_rate": null,
            "research_to_sale_ratio": null,
            "price_fair": 163.32,
            "eps_avg_yearly": 4.87,
            "eps_latest_yearly": 4.92,
            "eps_growth_yearly": 23.52
        },
        "20032": {
            "year_quarter": 20032,
            "year": 2003,
            "quarter": 2,
            "eps": 1.12,
            "eps_growth_year": -3.45,
            "eps_4q": 5.07,
            "eps_4q_growth_year": 8.51,
            "roe": 5.49,
            "roe_4q": 26.69,
            "gross_profit": 77358,
            "gross_margin": 32.22,
            "gross_margin_4q_avg": 33.89,
            "net_income": 35059,
            "net_income_4q": null,
            "revenue": 240116,
            "revenue_4q": null,
            "common_shares": 312000,
            "book_valuer_per_share": 20.17,
            "book_valuer_per_share_4q_avg": 19.57,
            "equity": 629201,
            "current_ratio": 259.74,
            "debt_ratio": 23.22,
            "inventory_turnover_ratio": 1.4,
            "account_receivable_turnover_ratio": null,
            "reinvestment_rate": null,
            "research_to_sale_ratio": null,
            "price_fair": 113.63,
            "eps_avg_yearly": 4.81,
            "eps_latest_yearly": 4.48,
            "eps_growth_yearly": 13.64
        },
        "20033": {
            "year_quarter": 20033,
            "year": 2003,
            "quarter": 3,
            "eps": 0.95,
            "eps_growth_year": -7.77,
            "eps_4q": 4.44,
            "eps_4q_growth_year": 26.39,
            "roe": 5.34,
            "roe_4q": 26.049999999999997,
            "gross_profit": 73464,
            "gross_margin": 32.69,
            "gross_margin_4q_avg": 33.87,
            "net_income": 34430,
            "net_income_4q": null,
            "revenue": 224696,
            "revenue_4q": null,
            "common_shares": 363480,
            "book_valuer_per_share": 18.19,
            "book_valuer_per_share_4q_avg": 19.66,
            "equity": 661160,
            "current_ratio": 376.68,
            "debt_ratio": 15.03,
            "inventory_turnover_ratio": 1.15,
            "account_receivable_turnover_ratio": null,
            "reinvestment_rate": null,
            "research_to_sale_ratio": null,
            "price_fair": 60.7,
            "eps_avg_yearly": 4.66,
            "eps_latest_yearly": 3.8,
            "eps_growth_yearly": 3.02
        },
        "20034": {
            "year_quarter": 20034,
            "year": 2003,
            "quarter": 4,
            "eps": 1.2,
            "eps_growth_year": -29.41,
            "eps_4q": 4.18,
            "eps_4q_growth_year": -4.47,
            "roe": 6.36,
            "roe_4q": 23.31,
            "gross_profit": 75301,
            "gross_margin": 31.87,
            "gross_margin_4q_avg": 32.03,
            "net_income": 43450,
            "net_income_4q": null,
            "revenue": 236258,
            "revenue_4q": null,
            "common_shares": 363480,
            "book_valuer_per_share": 19.4,
            "book_valuer_per_share_4q_avg": 19.63,
            "equity": 705316,
            "current_ratio": 547.65,
            "debt_ratio": 32.38,
            "inventory_turnover_ratio": 1.1,
            "account_receivable_turnover_ratio": null,
            "reinvestment_rate": null,
            "research_to_sale_ratio": null,
            "price_fair": 120.74,
            "eps_avg_yearly": 4.68,
            "eps_latest_yearly": 4.8,
            "eps_growth_yearly": 15.8
        },
        "20041": {
            "year_quarter": 20041,
            "year": 2004,
            "quarter": 1,
            "eps": 0.68,
            "eps_growth_year": -44.72,
            "eps_4q": 3.79,
            "eps_4q_growth_year": -21.94,
            "roe": 3.43,
            "roe_4q": 20.62,
            "gross_profit": 73181,
            "gross_margin": 28.21,
            "gross_margin_4q_avg": 31.25,
            "net_income": 24706,
            "net_income_4q": null,
            "revenue": 259431,
            "revenue_4q": null,
            "common_shares": 365038,
            "book_valuer_per_share": 20.13,
            "book_valuer_per_share_4q_avg": 19.47,
            "equity": 734890,
            "current_ratio": 441.2,
            "debt_ratio": 32.14,
            "inventory_turnover_ratio": 1.08,
            "account_receivable_turnover_ratio": null,
            "reinvestment_rate": null,
            "research_to_sale_ratio": null,
            "price_fair": 13.39,
            "eps_avg_yearly": 4.46,
            "eps_latest_yearly": 2.72,
            "eps_growth_yearly": -5.22
        },
        "20042": {
            "year_quarter": 20042,
            "year": 2004,
            "quarter": 2,
            "eps": 1.29,
            "eps_growth_year": 15.18,
            "eps_4q": 4.09,
            "eps_4q_growth_year": -19.29,
            "roe": 6.47,
            "roe_4q": 21.6,
            "gross_profit": 103040,
            "gross_margin": 28.71,
            "gross_margin_4q_avg": 30.37,
            "net_income": 47189,
            "net_income_4q": null,
            "revenue": 358894,
            "revenue_4q": null,
            "common_shares": 365038,
            "book_valuer_per_share": 19.81,
            "book_valuer_per_share_4q_avg": 19.38,
            "equity": 723100,
            "current_ratio": 249.04,
            "debt_ratio": 39.61,
            "inventory_turnover_ratio": 1.29,
            "account_receivable_turnover_ratio": null,
            "reinvestment_rate": null,
            "research_to_sale_ratio": null,
            "price_fair": 158.62,
            "eps_avg_yearly": 4.53,
            "eps_latest_yearly": 5.16,
            "eps_growth_yearly": 31.19
        },
        "20043": {
            "year_quarter": 20043,
            "year": 2004,
            "quarter": 3,
            "eps": 1.97,
            "eps_growth_year": 107.37,
            "eps_4q": 4.66,
            "eps_4q_growth_year": 4.94,
            "roe": 11,
            "roe_4q": 27.259999999999998,
            "gross_profit": 141657,
            "gross_margin": 29.53,
            "gross_margin_4q_avg": 29.58,
            "net_income": 84433,
            "net_income_4q": null,
            "revenue": 479778,
            "revenue_4q": null,
            "common_shares": 428556,
            "book_valuer_per_share": 18.95,
            "book_valuer_per_share_4q_avg": 19.57,
            "equity": 812262,
            "current_ratio": 265.89,
            "debt_ratio": 37.89,
            "inventory_turnover_ratio": 1.4,
            "account_receivable_turnover_ratio": null,
            "reinvestment_rate": null,
            "research_to_sale_ratio": null,
            "price_fair": 169.27,
            "eps_avg_yearly": 4.84,
            "eps_latest_yearly": 7.88,
            "eps_growth_yearly": 47.52
        },
        "20044": {
            "year_quarter": 20044,
            "year": 2004,
            "quarter": 4,
            "eps": 1.2,
            "eps_growth_year": 0,
            "eps_4q": 4.86,
            "eps_4q_growth_year": 16.25,
            "roe": 6.14,
            "roe_4q": 27.04,
            "gross_profit": 94348,
            "gross_margin": 25.94,
            "gross_margin_4q_avg": 28.1,
            "net_income": 51253,
            "net_income_4q": null,
            "revenue": 363764,
            "revenue_4q": null,
            "common_shares": 428556,
            "book_valuer_per_share": 19.99,
            "book_valuer_per_share_4q_avg": 19.72,
            "equity": 856498,
            "current_ratio": 527.96,
            "debt_ratio": 28.57,
            "inventory_turnover_ratio": 1.15,
            "account_receivable_turnover_ratio": null,
            "reinvestment_rate": null,
            "research_to_sale_ratio": null,
            "price_fair": 169.17,
            "eps_avg_yearly": 4.83,
            "eps_latest_yearly": 4.8,
            "eps_growth_yearly": 30.53
        },
        "20051": {
            "year_quarter": 20051,
            "year": 2005,
            "quarter": 1,
            "eps": 0.95,
            "eps_growth_year": 39.71,
            "eps_4q": 5.22,
            "eps_4q_growth_year": 37.72,
            "roe": 4.56,
            "roe_4q": 28.169999999999998,
            "gross_profit": 97174,
            "gross_margin": 28.47,
            "gross_margin_4q_avg": 28.16,
            "net_income": 40710,
            "net_income_4q": null,
            "revenue": 341358,
            "revenue_4q": null,
            "common_shares": 435786,
            "book_valuer_per_share": 21.31,
            "book_valuer_per_share_4q_avg": 20.02,
            "equity": 928543,
            "current_ratio": 407.21,
            "debt_ratio": 27.64,
            "inventory_turnover_ratio": 1.33,
            "account_receivable_turnover_ratio": null,
            "reinvestment_rate": null,
            "research_to_sale_ratio": null,
            "price_fair": 151.05,
            "eps_avg_yearly": 4.75,
            "eps_latest_yearly": 3.8,
            "eps_growth_yearly": 21.77
        },
        "20052": {
            "year_quarter": 20052,
            "year": 2005,
            "quarter": 2,
            "eps": 1.26,
            "eps_growth_year": -2.33,
            "eps_4q": 5.36,
            "eps_4q_growth_year": 30.83,
            "roe": 6.03,
            "roe_4q": 27.73,
            "gross_profit": 103575,
            "gross_margin": 31.56,
            "gross_margin_4q_avg": 28.88,
            "net_income": 54256,
            "net_income_4q": null,
            "revenue": 328143,
            "revenue_4q": null,
            "common_shares": 436912,
            "book_valuer_per_share": 19.94,
            "book_valuer_per_share_4q_avg": 20.05,
            "equity": 871341,
            "current_ratio": 262.72,
            "debt_ratio": 34.96,
            "inventory_turnover_ratio": 1.22,
            "account_receivable_turnover_ratio": null,
            "reinvestment_rate": 64.53,
            "research_to_sale_ratio": null,
            "price_fair": 167.1,
            "eps_avg_yearly": 4.77,
            "eps_latest_yearly": 5.04,
            "eps_growth_yearly": 29.54
        },
        "20053": {
            "year_quarter": 20053,
            "year": 2005,
            "quarter": 3,
            "eps": 1.41,
            "eps_growth_year": -28.43,
            "eps_4q": 4.4,
            "eps_4q_growth_year": -5.55,
            "roe": 7.44,
            "roe_4q": 24.17,
            "gross_profit": 115703,
            "gross_margin": 28.88,
            "gross_margin_4q_avg": 28.71,
            "net_income": 68895,
            "net_income_4q": null,
            "revenue": 400637,
            "revenue_4q": null,
            "common_shares": 499766,
            "book_valuer_per_share": 19.62,
            "book_valuer_per_share_4q_avg": 20.22,
            "equity": 980686,
            "current_ratio": 260.88,
            "debt_ratio": 32.72,
            "inventory_turnover_ratio": 1.4,
            "account_receivable_turnover_ratio": null,
            "reinvestment_rate": 38.02,
            "research_to_sale_ratio": null,
            "price_fair": 169.12,
            "eps_avg_yearly": 4.83,
            "eps_latest_yearly": 5.64,
            "eps_growth_yearly": 30.75
        },
        "20054": {
            "year_quarter": 20054,
            "year": 2005,
            "quarter": 4,
            "eps": 1.95,
            "eps_growth_year": 62.5,
            "eps_4q": 5.27,
            "eps_4q_growth_year": 8.38,
            "roe": 9.29,
            "roe_4q": 27.32,
            "gross_profit": 153196,
            "gross_margin": 32.69,
            "gross_margin_4q_avg": 30.4,
            "net_income": 96316,
            "net_income_4q": null,
            "revenue": 468629,
            "revenue_4q": null,
            "common_shares": 504092,
            "book_valuer_per_share": 21.68,
            "book_valuer_per_share_4q_avg": 20.64,
            "equity": 1092709,
            "current_ratio": 461.64,
            "debt_ratio": 22.89,
            "inventory_turnover_ratio": 1.65,
            "account_receivable_turnover_ratio": null,
            "reinvestment_rate": 38.05,
            "research_to_sale_ratio": null,
            "price_fair": 175.61,
            "eps_avg_yearly": 5.02,
            "eps_latest_yearly": 7.8,
            "eps_growth_yearly": 38.4
        },
        "20061": {
            "year_quarter": 20061,
            "year": 2006,
            "quarter": 1,
            "eps": 1.77,
            "eps_growth_year": 86.32,
            "eps_4q": 6.09,
            "eps_4q_growth_year": 16.74,
            "roe": 7.76,
            "roe_4q": 30.52,
            "gross_profit": 143541,
            "gross_margin": 31.94,
            "gross_margin_4q_avg": 31.27,
            "net_income": 89905,
            "net_income_4q": null,
            "revenue": 449457,
            "revenue_4q": null,
            "common_shares": 514714,
            "book_valuer_per_share": 23.78,
            "book_valuer_per_share_4q_avg": 21.26,
            "equity": 1224189,
            "current_ratio": 427.22,
            "debt_ratio": 19.68,
            "inventory_turnover_ratio": 1.79,
            "account_receivable_turnover_ratio": null,
            "reinvestment_rate": 32.48,
            "research_to_sale_ratio": null,
            "price_fair": 182.61,
            "eps_avg_yearly": 5.22,
            "eps_latest_yearly": 7.08,
            "eps_growth_yearly": 40.19
        },
        "20062": {
            "year_quarter": 20062,
            "year": 2006,
            "quarter": 2,
            "eps": 1.45,
            "eps_growth_year": 15.08,
            "eps_4q": 6.41,
            "eps_4q_growth_year": 19.63,
            "roe": 6.16,
            "roe_4q": 30.650000000000002,
            "gross_profit": 132278,
            "gross_margin": 30.98,
            "gross_margin_4q_avg": 31.12,
            "net_income": 74611,
            "net_income_4q": null,
            "revenue": 426987,
            "revenue_4q": null,
            "common_shares": 525672,
            "book_valuer_per_share": 22.81,
            "book_valuer_per_share_4q_avg": 21.97,
            "equity": 1199195,
            "current_ratio": 268.68,
            "debt_ratio": 26.4,
            "inventory_turnover_ratio": 1.69,
            "account_receivable_turnover_ratio": null,
            "reinvestment_rate": 29.2,
            "research_to_sale_ratio": null,
            "price_fair": 185.15,
            "eps_avg_yearly": 5.29,
            "eps_latest_yearly": 5.8,
            "eps_growth_yearly": 30.77
        },
        "20063": {
            "year_quarter": 20063,
            "year": 2006,
            "quarter": 3,
            "eps": 1.94,
            "eps_growth_year": 37.59,
            "eps_4q": 6.2,
            "eps_4q_growth_year": 40.89,
            "roe": 9.41,
            "roe_4q": 32.62,
            "gross_profit": 177161,
            "gross_margin": 33.23,
            "gross_margin_4q_avg": 32.21,
            "net_income": 118709,
            "net_income_4q": null,
            "revenue": 533155,
            "revenue_4q": null,
            "common_shares": 617984,
            "book_valuer_per_share": 21.41,
            "book_valuer_per_share_4q_avg": 22.42,
            "equity": 1322799,
            "current_ratio": 315.52,
            "debt_ratio": 23.32,
            "inventory_turnover_ratio": 1.71,
            "account_receivable_turnover_ratio": null,
            "reinvestment_rate": 25.44,
            "research_to_sale_ratio": null,
            "price_fair": 193.11,
            "eps_avg_yearly": 5.52,
            "eps_latest_yearly": 7.76,
            "eps_growth_yearly": 42.02
        },
        "20064": {
            "year_quarter": 20064,
            "year": 2006,
            "quarter": 4,
            "eps": 2.26,
            "eps_growth_year": 15.9,
            "eps_4q": 6.88,
            "eps_4q_growth_year": 30.54,
            "roe": 9.9,
            "roe_4q": 33.230000000000004,
            "gross_profit": 210921,
            "gross_margin": 33.34,
            "gross_margin_4q_avg": 32.37,
            "net_income": 138657,
            "net_income_4q": null,
            "revenue": 632721,
            "revenue_4q": null,
            "common_shares": 623296,
            "book_valuer_per_share": 23.72,
            "book_valuer_per_share_4q_avg": 22.93,
            "equity": 1478584,
            "current_ratio": 392.93,
            "debt_ratio": 20.06,
            "inventory_turnover_ratio": 1.84,
            "account_receivable_turnover_ratio": null,
            "reinvestment_rate": 19.44,
            "research_to_sale_ratio": null,
            "price_fair": 198.01,
            "eps_avg_yearly": 5.66,
            "eps_latest_yearly": 9.04,
            "eps_growth_yearly": 29.88
        },
        "20071": {
            "year_quarter": 20071,
            "year": 2007,
            "quarter": 1,
            "eps": 2.12,
            "eps_growth_year": 19.77,
            "eps_4q": 7.46,
            "eps_4q_growth_year": 22.41,
            "roe": 8.53,
            "roe_4q": 34,
            "gross_profit": 183734,
            "gross_margin": 33.68,
            "gross_margin_4q_avg": 32.81,
            "net_income": 131906,
            "net_income_4q": null,
            "revenue": 545568,
            "revenue_4q": null,
            "common_shares": 623296,
            "book_valuer_per_share": 25.88,
            "book_valuer_per_share_4q_avg": 23.46,
            "equity": 1613229,
            "current_ratio": 419.56,
            "debt_ratio": 17.68,
            "inventory_turnover_ratio": 1.8,
            "account_receivable_turnover_ratio": null,
            "reinvestment_rate": 16.74,
            "research_to_sale_ratio": null,
            "price_fair": 205.8,
            "eps_avg_yearly": 5.88,
            "eps_latest_yearly": 8.48,
            "eps_growth_yearly": 35.24
        },
        "20072": {
            "year_quarter": 20072,
            "year": 2007,
            "quarter": 2,
            "eps": 2.39,
            "eps_growth_year": 64.83,
            "eps_4q": 8.63,
            "eps_4q_growth_year": 34.69,
            "roe": 9.49,
            "roe_4q": 37.33,
            "gross_profit": 222045,
            "gross_margin": 33.65,
            "gross_margin_4q_avg": 33.48,
            "net_income": 149075,
            "net_income_4q": null,
            "revenue": 659901,
            "revenue_4q": null,
            "common_shares": 623296,
            "book_valuer_per_share": 24.53,
            "book_valuer_per_share_4q_avg": 23.89,
            "equity": 1528920,
            "current_ratio": 238.33,
            "debt_ratio": 32.04,
            "inventory_turnover_ratio": 2.12,
            "account_receivable_turnover_ratio": null,
            "reinvestment_rate": 14.07,
            "research_to_sale_ratio": null,
            "price_fair": 216.91,
            "eps_avg_yearly": 6.2,
            "eps_latest_yearly": 9.56,
            "eps_growth_yearly": 40.66
        },
        "20073": {
            "year_quarter": 20073,
            "year": 2007,
            "quarter": 3,
            "eps": 2.37,
            "eps_growth_year": 22.16,
            "eps_4q": 8.07,
            "eps_4q_growth_year": 30.08,
            "roe": 10.8,
            "roe_4q": 38.72,
            "gross_profit": 245381,
            "gross_margin": 34.11,
            "gross_margin_4q_avg": 33.7,
            "net_income": 174527,
            "net_income_4q": null,
            "revenue": 719326,
            "revenue_4q": null,
            "common_shares": 736790,
            "book_valuer_per_share": 23.13,
            "book_valuer_per_share_4q_avg": 24.32,
            "equity": 1703980,
            "current_ratio": 288.66,
            "debt_ratio": 26.84,
            "inventory_turnover_ratio": 2.1,
            "account_receivable_turnover_ratio": null,
            "reinvestment_rate": 10.19,
            "research_to_sale_ratio": null,
            "price_fair": 229.34,
            "eps_avg_yearly": 6.55,
            "eps_latest_yearly": 9.48,
            "eps_growth_yearly": 44.25
        },
        "20074": {
            "year_quarter": 20074,
            "year": 2007,
            "quarter": 4,
            "eps": 2.2,
            "eps_growth_year": -2.65,
            "eps_4q": 8.39,
            "eps_4q_growth_year": 22.01,
            "roe": 9.07,
            "roe_4q": 37.89,
            "gross_profit": 260820,
            "gross_margin": 34.69,
            "gross_margin_4q_avg": 34.03,
            "net_income": 161897,
            "net_income_4q": null,
            "revenue": 751932,
            "revenue_4q": null,
            "common_shares": 736790,
            "book_valuer_per_share": 25.31,
            "book_valuer_per_share_4q_avg": 24.71,
            "equity": 1864979,
            "current_ratio": 403.36,
            "debt_ratio": 20.76,
            "inventory_turnover_ratio": 2.17,
            "account_receivable_turnover_ratio": null,
            "reinvestment_rate": 6.65,
            "research_to_sale_ratio": null,
            "price_fair": 238.09,
            "eps_avg_yearly": 6.8,
            "eps_latest_yearly": 8.8,
            "eps_growth_yearly": 35.88
        },
        "20081": {
            "year_quarter": 20081,
            "year": 2008,
            "quarter": 1,
            "eps": 1.17,
            "eps_growth_year": -44.81,
            "eps_4q": 7.77,
            "eps_4q_growth_year": 4.26,
            "roe": 4.52,
            "roe_4q": 33.88,
            "gross_profit": 187957,
            "gross_margin": 34.9,
            "gross_margin_4q_avg": 34.34,
            "net_income": 86027,
            "net_income_4q": null,
            "revenue": 538525,
            "revenue_4q": null,
            "common_shares": 736790,
            "book_valuer_per_share": 26.38,
            "book_valuer_per_share_4q_avg": 24.84,
            "equity": 1943610,
            "current_ratio": 521.69,
            "debt_ratio": 16.28,
            "inventory_turnover_ratio": 1.31,
            "account_receivable_turnover_ratio": null,
            "reinvestment_rate": 6.69,
            "research_to_sale_ratio": null,
            "price_fair": 242.38,
            "eps_avg_yearly": 6.93,
            "eps_latest_yearly": 4.68,
            "eps_growth_yearly": 35.01
        },
        "20082": {
            "year_quarter": 20082,
            "year": 2008,
            "quarter": 2,
            "eps": 1.55,
            "eps_growth_year": -35.15,
            "eps_4q": 7.27,
            "eps_4q_growth_year": -15.73,
            "roe": 6.32,
            "roe_4q": 30.71,
            "gross_profit": 201163,
            "gross_margin": 33.75,
            "gross_margin_4q_avg": 34.36,
            "net_income": 114402,
            "net_income_4q": null,
            "revenue": 596006,
            "revenue_4q": null,
            "common_shares": 736790,
            "book_valuer_per_share": 22.75,
            "book_valuer_per_share_4q_avg": 24.39,
            "equity": 1676140,
            "current_ratio": 269.98,
            "debt_ratio": 30.95,
            "inventory_turnover_ratio": 1.31,
            "account_receivable_turnover_ratio": null,
            "reinvestment_rate": 1.37,
            "research_to_sale_ratio": null,
            "price_fair": 214.59,
            "eps_avg_yearly": 6.99,
            "eps_latest_yearly": 6.2,
            "eps_growth_yearly": 20.7
        },
        "20083": {
            "year_quarter": 20083,
            "year": 2008,
            "quarter": 3,
            "eps": 1.88,
            "eps_growth_year": -20.68,
            "eps_4q": 6.22,
            "eps_4q_growth_year": -22.95,
            "roe": 8.93,
            "roe_4q": 28.84,
            "gross_profit": 249926,
            "gross_margin": 34.94,
            "gross_margin_4q_avg": 34.57,
            "net_income": 157068,
            "net_income_4q": null,
            "revenue": 715278,
            "revenue_4q": null,
            "common_shares": 835470,
            "book_valuer_per_share": 22.06,
            "book_valuer_per_share_4q_avg": 24.13,
            "equity": 1843139,
            "current_ratio": 276.7,
            "debt_ratio": 30.83,
            "inventory_turnover_ratio": 1.66,
            "account_receivable_turnover_ratio": null,
            "reinvestment_rate": 1.15,
            "research_to_sale_ratio": null,
            "price_fair": 159.16,
            "eps_avg_yearly": 6.97,
            "eps_latest_yearly": 7.52,
            "eps_growth_yearly": 12.84
        },
        "20084": {
            "year_quarter": 20084,
            "year": 2008,
            "quarter": 4,
            "eps": 1.36,
            "eps_growth_year": -38.18,
            "eps_4q": 5.66,
            "eps_4q_growth_year": -32.49,
            "roe": 6.27,
            "roe_4q": 26.04,
            "gross_profit": 189383,
            "gross_margin": 33.47,
            "gross_margin_4q_avg": 34.27,
            "net_income": 112955,
            "net_income_4q": null,
            "revenue": 565845,
            "revenue_4q": null,
            "common_shares": 835470,
            "book_valuer_per_share": 21.03,
            "book_valuer_per_share_4q_avg": 23.06,
            "equity": 1757360,
            "current_ratio": 478.02,
            "debt_ratio": 17.66,
            "inventory_turnover_ratio": 1.74,
            "account_receivable_turnover_ratio": 3.23,
            "reinvestment_rate": -1.38,
            "research_to_sale_ratio": null,
            "price_fair": 180.1,
            "eps_avg_yearly": 7.01,
            "eps_latest_yearly": 5.44,
            "eps_growth_yearly": 15.7
        },
        "20091": {
            "year_quarter": 20091,
            "year": 2009,
            "quarter": 1,
            "eps": 1.51,
            "eps_growth_year": 29.06,
            "eps_4q": 6.4,
            "eps_4q_growth_year": -17.62,
            "roe": 6.52,
            "roe_4q": 28.04,
            "gross_profit": 191405,
            "gross_margin": 38.82,
            "gross_margin_4q_avg": 35.25,
            "net_income": 118633,
            "net_income_4q": null,
            "revenue": 493023,
            "revenue_4q": null,
            "common_shares": 786940,
            "book_valuer_per_share": 23.91,
            "book_valuer_per_share_4q_avg": 22.44,
            "equity": 1881736,
            "current_ratio": 525.51,
            "debt_ratio": 16.37,
            "inventory_turnover_ratio": 1.37,
            "account_receivable_turnover_ratio": 1.63,
            "reinvestment_rate": -0.23,
            "research_to_sale_ratio": null,
            "price_fair": 240.63,
            "eps_avg_yearly": 7.15,
            "eps_latest_yearly": 6.04,
            "eps_growth_yearly": 23.67
        },
        "20092": {
            "year_quarter": 20092,
            "year": 2009,
            "quarter": 2,
            "eps": 1.92,
            "eps_growth_year": 23.87,
            "eps_4q": 6.86,
            "eps_4q_growth_year": -5.75,
            "roe": 8.41,
            "roe_4q": 30.13,
            "gross_profit": 248716,
            "gross_margin": 38.39,
            "gross_margin_4q_avg": 36.41,
            "net_income": 151195,
            "net_income_4q": null,
            "revenue": 647904,
            "revenue_4q": null,
            "common_shares": 786940,
            "book_valuer_per_share": 21.76,
            "book_valuer_per_share_4q_avg": 22.19,
            "equity": 1712225,
            "current_ratio": 270.7,
            "debt_ratio": 31.19,
            "inventory_turnover_ratio": 1.53,
            "account_receivable_turnover_ratio": 2,
            "reinvestment_rate": -0,
            "research_to_sale_ratio": null,
            "price_fair": 236.17,
            "eps_avg_yearly": 7.31,
            "eps_latest_yearly": 7.68,
            "eps_growth_yearly": 22.3
        },
        "20093": {
            "year_quarter": 20093,
            "year": 2009,
            "quarter": 3,
            "eps": 2.13,
            "eps_growth_year": 13.3,
            "eps_4q": 7,
            "eps_4q_growth_year": 12.66,
            "roe": 9.32,
            "roe_4q": 30.52,
            "gross_profit": 275060,
            "gross_margin": 37.22,
            "gross_margin_4q_avg": 36.98,
            "net_income": 167291,
            "net_income_4q": null,
            "revenue": 739082,
            "revenue_4q": null,
            "common_shares": 786940,
            "book_valuer_per_share": 23.84,
            "book_valuer_per_share_4q_avg": 22.64,
            "equity": 1876338,
            "current_ratio": 348.28,
            "debt_ratio": 24.39,
            "inventory_turnover_ratio": 1.57,
            "account_receivable_turnover_ratio": 1.57,
            "reinvestment_rate": 0.02,
            "research_to_sale_ratio": null,
            "price_fair": 240.17,
            "eps_avg_yearly": 7.49,
            "eps_latest_yearly": 8.52,
            "eps_growth_yearly": 22.05
        },
        "20094": {
            "year_quarter": 20094,
            "year": 2009,
            "quarter": 4,
            "eps": 1.37,
            "eps_growth_year": 0.74,
            "eps_4q": 6.93,
            "eps_4q_growth_year": 22.27,
            "roe": 5.59,
            "roe_4q": 29.84,
            "gross_profit": 201942,
            "gross_margin": 35.57,
            "gross_margin_4q_avg": 37.5,
            "net_income": 107877,
            "net_income_4q": null,
            "revenue": 567782,
            "revenue_4q": null,
            "common_shares": 786940,
            "book_valuer_per_share": 25.22,
            "book_valuer_per_share_4q_avg": 23.68,
            "equity": 1984477,
            "current_ratio": 482.21,
            "debt_ratio": 17.42,
            "inventory_turnover_ratio": 1.07,
            "account_receivable_turnover_ratio": 2.81,
            "reinvestment_rate": 10.56,
            "research_to_sale_ratio": null,
            "price_fair": 99.63,
            "eps_avg_yearly": 7.35,
            "eps_latest_yearly": 5.48,
            "eps_growth_yearly": 3.56
        },
        "20101": {
            "year_quarter": 20101,
            "year": 2010,
            "quarter": 1,
            "eps": 1.31,
            "eps_growth_year": -13.24,
            "eps_4q": 6.73,
            "eps_4q_growth_year": 5.11,
            "roe": 5.08,
            "roe_4q": 28.400000000000002,
            "gross_profit": 191569,
            "gross_margin": 33.06,
            "gross_margin_4q_avg": 36.06,
            "net_income": 103294,
            "net_income_4q": null,
            "revenue": 579532,
            "revenue_4q": null,
            "common_shares": 786940,
            "book_valuer_per_share": 26.51,
            "book_valuer_per_share_4q_avg": 24.33,
            "equity": 2086002,
            "current_ratio": 417.12,
            "debt_ratio": 18.94,
            "inventory_turnover_ratio": 1.05,
            "account_receivable_turnover_ratio": 1.4,
            "reinvestment_rate": 18.45,
            "research_to_sale_ratio": 4.04,
            "price_fair": 106.84,
            "eps_avg_yearly": 7.23,
            "eps_latest_yearly": 5.24,
            "eps_growth_yearly": 4.77
        },
        "20102": {
            "year_quarter": 20102,
            "year": 2010,
            "quarter": 2,
            "eps": 2.05,
            "eps_growth_year": 6.71,
            "eps_4q": 6.63,
            "eps_4q_growth_year": -3.3,
            "roe": 8.4,
            "roe_4q": 28.39,
            "gross_profit": 281123,
            "gross_margin": 31.01,
            "gross_margin_4q_avg": 34.22,
            "net_income": 169297,
            "net_income_4q": null,
            "revenue": 906454,
            "revenue_4q": null,
            "common_shares": 786940,
            "book_valuer_per_share": 24.7,
            "book_valuer_per_share_4q_avg": 25.07,
            "equity": 1943774,
            "current_ratio": 245.24,
            "debt_ratio": 32.47,
            "inventory_turnover_ratio": 1.65,
            "account_receivable_turnover_ratio": 1.71,
            "reinvestment_rate": 18.37,
            "research_to_sale_ratio": 3.3,
            "price_fair": 246.68,
            "eps_avg_yearly": 7.38,
            "eps_latest_yearly": 8.2,
            "eps_growth_yearly": 23.41
        },
        "20103": {
            "year_quarter": 20103,
            "year": 2010,
            "quarter": 3,
            "eps": 2.46,
            "eps_growth_year": 15.28,
            "eps_4q": 7.06,
            "eps_4q_growth_year": 0.81,
            "roe": 9.77,
            "roe_4q": 28.84,
            "gross_profit": 320066,
            "gross_margin": 31.9,
            "gross_margin_4q_avg": 32.89,
            "net_income": 202900,
            "net_income_4q": null,
            "revenue": 1003199,
            "revenue_4q": null,
            "common_shares": 826287,
            "book_valuer_per_share": 26.75,
            "book_valuer_per_share_4q_avg": 25.8,
            "equity": 2210401,
            "current_ratio": 443.69,
            "debt_ratio": 39.11,
            "inventory_turnover_ratio": 1.73,
            "account_receivable_turnover_ratio": 1.55,
            "reinvestment_rate": 19.51,
            "research_to_sale_ratio": 3.32,
            "price_fair": 225.12,
            "eps_avg_yearly": 7.51,
            "eps_latest_yearly": 9.84,
            "eps_growth_yearly": 19.97
        },
        "20104": {
            "year_quarter": 20104,
            "year": 2010,
            "quarter": 4,
            "eps": 1.29,
            "eps_growth_year": -6.08,
            "eps_4q": 7.04,
            "eps_4q_growth_year": 1.67,
            "roe": 4.71,
            "roe_4q": 27.96,
            "gross_profit": 221469,
            "gross_margin": 30.83,
            "gross_margin_4q_avg": 31.7,
            "net_income": 106320,
            "net_income_4q": null,
            "revenue": 718289,
            "revenue_4q": null,
            "common_shares": 826337,
            "book_valuer_per_share": 27.9,
            "book_valuer_per_share_4q_avg": 26.47,
            "equity": 2305419,
            "current_ratio": 610.07,
            "debt_ratio": 34.62,
            "inventory_turnover_ratio": 1.37,
            "account_receivable_turnover_ratio": 1.29,
            "reinvestment_rate": 22.43,
            "research_to_sale_ratio": 4.06,
            "price_fair": 101.43,
            "eps_avg_yearly": 7.27,
            "eps_latest_yearly": 5.16,
            "eps_growth_yearly": 3.95
        },
        "20111": {
            "year_quarter": 20111,
            "year": 2011,
            "quarter": 1,
            "eps": 1.41,
            "eps_growth_year": 7.63,
            "eps_4q": 7.19,
            "eps_4q_growth_year": 6.86,
            "roe": 4.93,
            "roe_4q": 27.810000000000002,
            "gross_profit": 219845,
            "gross_margin": 31.86,
            "gross_margin_4q_avg": 31.4,
            "net_income": 117411,
            "net_income_4q": null,
            "revenue": 689929,
            "revenue_4q": null,
            "common_shares": 826757,
            "book_valuer_per_share": 29.35,
            "book_valuer_per_share_4q_avg": 27.18,
            "equity": 2454207,
            "current_ratio": 481.15,
            "debt_ratio": 36.3,
            "inventory_turnover_ratio": 1.18,
            "account_receivable_turnover_ratio": 1.37,
            "reinvestment_rate": 28.2,
            "research_to_sale_ratio": 4.12,
            "price_fair": 126.43,
            "eps_avg_yearly": 7.09,
            "eps_latest_yearly": 5.64,
            "eps_growth_yearly": 7.83
        },
        "20112": {
            "year_quarter": 20112,
            "year": 2011,
            "quarter": 2,
            "eps": 1.85,
            "eps_growth_year": -9.69,
            "eps_4q": 6.53,
            "eps_4q_growth_year": -1.55,
            "roe": 7.23,
            "roe_4q": 26.64,
            "gross_profit": 310199,
            "gross_margin": 32.71,
            "gross_margin_4q_avg": 31.83,
            "net_income": 169871,
            "net_income_4q": null,
            "revenue": 948417,
            "revenue_4q": null,
            "common_shares": 826957,
            "book_valuer_per_share": 26.86,
            "book_valuer_per_share_4q_avg": 27.72,
            "equity": 2243763,
            "current_ratio": 295.52,
            "debt_ratio": 45.03,
            "inventory_turnover_ratio": 1.24,
            "account_receivable_turnover_ratio": 1.48,
            "reinvestment_rate": 33.09,
            "research_to_sale_ratio": 3.49,
            "price_fair": 156.15,
            "eps_avg_yearly": 6.96,
            "eps_latest_yearly": 7.4,
            "eps_growth_yearly": 12.44
        },
        "20113": {
            "year_quarter": 20113,
            "year": 2011,
            "quarter": 3,
            "eps": 1.38,
            "eps_growth_year": -43.8,
            "eps_4q": 5.67,
            "eps_4q_growth_year": -19.64,
            "roe": 5.49,
            "roe_4q": 22.36,
            "gross_profit": 234387,
            "gross_margin": 32.99,
            "gross_margin_4q_avg": 32.1,
            "net_income": 127143,
            "net_income_4q": null,
            "revenue": 710453,
            "revenue_4q": null,
            "common_shares": 910117,
            "book_valuer_per_share": 25.96,
            "book_valuer_per_share_4q_avg": 27.52,
            "equity": 2387178,
            "current_ratio": 210.65,
            "debt_ratio": 36.18,
            "inventory_turnover_ratio": 0.89,
            "account_receivable_turnover_ratio": 1.1,
            "reinvestment_rate": 36.65,
            "research_to_sale_ratio": 4.29,
            "price_fair": 109.39,
            "eps_avg_yearly": 6.71,
            "eps_latest_yearly": 5.52,
            "eps_growth_yearly": 6.3
        },
        "20114": {
            "year_quarter": 20114,
            "year": 2011,
            "quarter": 4,
            "eps": 1.4,
            "eps_growth_year": 8.95,
            "eps_4q": 5.91,
            "eps_4q_growth_year": -16.1,
            "roe": 5.23,
            "roe_4q": 22.880000000000003,
            "gross_profit": 251333,
            "gross_margin": 35.78,
            "gross_margin_4q_avg": 33.34,
            "net_income": 128203,
            "net_income_4q": null,
            "revenue": 702428,
            "revenue_4q": null,
            "common_shares": 910117,
            "book_valuer_per_share": 27.33,
            "book_valuer_per_share_4q_avg": 27.38,
            "equity": 2512709,
            "current_ratio": 189.86,
            "debt_ratio": 37.62,
            "inventory_turnover_ratio": 0.88,
            "account_receivable_turnover_ratio": 1.27,
            "reinvestment_rate": 48.67,
            "research_to_sale_ratio": 4.27,
            "price_fair": 120.16,
            "eps_avg_yearly": 6.51,
            "eps_latest_yearly": 5.6,
            "eps_growth_yearly": 8.46
        },
        "20121": {
            "year_quarter": 20121,
            "year": 2012,
            "quarter": 1,
            "eps": 1.36,
            "eps_growth_year": -3.55,
            "eps_4q": 5.99,
            "eps_4q_growth_year": -16.77,
            "roe": 4.82,
            "roe_4q": 22.770000000000003,
            "gross_profit": 259507,
            "gross_margin": 31.19,
            "gross_margin_4q_avg": 33.17,
            "net_income": 124119,
            "net_income_4q": null,
            "revenue": 831998,
            "revenue_4q": null,
            "common_shares": 911717,
            "book_valuer_per_share": 28.7,
            "book_valuer_per_share_4q_avg": 27.21,
            "equity": 2641158,
            "current_ratio": 196.47,
            "debt_ratio": 36.88,
            "inventory_turnover_ratio": 1.16,
            "account_receivable_turnover_ratio": 1.35,
            "reinvestment_rate": 48.2,
            "research_to_sale_ratio": 4.28,
            "price_fair": 193.1,
            "eps_avg_yearly": 6.56,
            "eps_latest_yearly": 5.44,
            "eps_growth_yearly": 19.45
        },
        "20122": {
            "year_quarter": 20122,
            "year": 2012,
            "quarter": 2,
            "eps": 1.54,
            "eps_growth_year": -16.8,
            "eps_4q": 5.3,
            "eps_4q_growth_year": -18.74,
            "roe": 6.04,
            "roe_4q": 21.58,
            "gross_profit": 296271,
            "gross_margin": 31.66,
            "gross_margin_4q_avg": 32.91,
            "net_income": 154605,
            "net_income_4q": null,
            "revenue": 935697,
            "revenue_4q": null,
            "common_shares": 911717,
            "book_valuer_per_share": 26.91,
            "book_valuer_per_share_4q_avg": 27.23,
            "equity": 2478610,
            "current_ratio": 166.54,
            "debt_ratio": 43.69,
            "inventory_turnover_ratio": 1.29,
            "account_receivable_turnover_ratio": 1.26,
            "reinvestment_rate": 48.13,
            "research_to_sale_ratio": 3.47,
            "price_fair": 161.49,
            "eps_avg_yearly": 6.56,
            "eps_latest_yearly": 6.16,
            "eps_growth_yearly": 14.64
        },
        "20123": {
            "year_quarter": 20123,
            "year": 2012,
            "quarter": 3,
            "eps": 1.6,
            "eps_growth_year": 15.64,
            "eps_4q": 5.65,
            "eps_4q_growth_year": -0.49,
            "roe": 6.27,
            "roe_4q": 22.36,
            "gross_profit": 286728,
            "gross_margin": 31.84,
            "gross_margin_4q_avg": 32.62,
            "net_income": 160418,
            "net_income_4q": null,
            "revenue": 900399,
            "revenue_4q": null,
            "common_shares": 1003039,
            "book_valuer_per_share": 26.03,
            "book_valuer_per_share_4q_avg": 27.24,
            "equity": 2636686,
            "current_ratio": 398.13,
            "debt_ratio": 36.43,
            "inventory_turnover_ratio": 1.37,
            "account_receivable_turnover_ratio": 1.17,
            "reinvestment_rate": 48.1,
            "research_to_sale_ratio": 3.42,
            "price_fair": 131.57,
            "eps_avg_yearly": 6.49,
            "eps_latest_yearly": 6.4,
            "eps_growth_yearly": 10.29
        },
        "20124": {
            "year_quarter": 20124,
            "year": 2012,
            "quarter": 4,
            "eps": 1.7,
            "eps_growth_year": 21.03,
            "eps_4q": 6.07,
            "eps_4q_growth_year": 2.68,
            "roe": 6.29,
            "roe_4q": 23.419999999999998,
            "gross_profit": 282929,
            "gross_margin": 31.09,
            "gross_margin_4q_avg": 31.45,
            "net_income": 171326,
            "net_income_4q": null,
            "revenue": 909984,
            "revenue_4q": null,
            "common_shares": 1004249,
            "book_valuer_per_share": 27.76,
            "book_valuer_per_share_4q_avg": 27.35,
            "equity": 2814206,
            "current_ratio": 405.42,
            "debt_ratio": 35.62,
            "inventory_turnover_ratio": 1.6,
            "account_receivable_turnover_ratio": 1.22,
            "reinvestment_rate": 47.43,
            "research_to_sale_ratio": 3.29,
            "price_fair": 188.99,
            "eps_avg_yearly": 6.57,
            "eps_latest_yearly": 6.8,
            "eps_growth_yearly": 18.77
        },
        "20131": {
            "year_quarter": 20131,
            "year": 2013,
            "quarter": 1,
            "eps": 2.21,
            "eps_growth_year": 62.5,
            "eps_4q": 6.83,
            "eps_4q_growth_year": 14.05,
            "roe": 7.53,
            "roe_4q": 26.13,
            "gross_profit": 330861,
            "gross_margin": 34.67,
            "gross_margin_4q_avg": 32.32,
            "net_income": 227619,
            "net_income_4q": null,
            "revenue": 954260,
            "revenue_4q": null,
            "common_shares": 1041164,
            "book_valuer_per_share": 30.79,
            "book_valuer_per_share_4q_avg": 27.87,
            "equity": 3233447,
            "current_ratio": 398.27,
            "debt_ratio": 31.86,
            "inventory_turnover_ratio": 1.51,
            "account_receivable_turnover_ratio": 1.32,
            "reinvestment_rate": 32.99,
            "research_to_sale_ratio": 3.37,
            "price_fair": 226.01,
            "eps_avg_yearly": 6.75,
            "eps_latest_yearly": 8.84,
            "eps_growth_yearly": 23.51
        },
        "20132": {
            "year_quarter": 20132,
            "year": 2013,
            "quarter": 2,
            "eps": 2.2,
            "eps_growth_year": 42.9,
            "eps_4q": 6.7,
            "eps_4q_growth_year": 26.33,
            "roe": 7.12,
            "roe_4q": 27.21,
            "gross_profit": 355364,
            "gross_margin": 33.22,
            "gross_margin_4q_avg": 32.71,
            "net_income": 231563,
            "net_income_4q": null,
            "revenue": 1069785,
            "revenue_4q": null,
            "common_shares": 1070352,
            "book_valuer_per_share": 30.3,
            "book_valuer_per_share_4q_avg": 28.72,
            "equity": 3272520,
            "current_ratio": 295.08,
            "debt_ratio": 34.92,
            "inventory_turnover_ratio": 1.75,
            "account_receivable_turnover_ratio": 1.35,
            "reinvestment_rate": 31.29,
            "research_to_sale_ratio": 3.19,
            "price_fair": 181.33,
            "eps_avg_yearly": 6.82,
            "eps_latest_yearly": 8.8,
            "eps_growth_yearly": 16.61
        },
        "20133": {
            "year_quarter": 20133,
            "year": 2013,
            "quarter": 3,
            "eps": 1.73,
            "eps_growth_year": 8.41,
            "eps_4q": 6.97,
            "eps_4q_growth_year": 23.48,
            "roe": 6.05,
            "roe_4q": 26.99,
            "gross_profit": 340958,
            "gross_margin": 32.48,
            "gross_margin_4q_avg": 32.87,
            "net_income": 207211,
            "net_income_4q": null,
            "revenue": 1049864,
            "revenue_4q": null,
            "common_shares": 1192975,
            "book_valuer_per_share": 29.76,
            "book_valuer_per_share_4q_avg": 29.65,
            "equity": 3581435,
            "current_ratio": 431.86,
            "debt_ratio": 25.26,
            "inventory_turnover_ratio": 1.75,
            "account_receivable_turnover_ratio": 1.19,
            "reinvestment_rate": 30.41,
            "research_to_sale_ratio": 2.91,
            "price_fair": 124.44,
            "eps_avg_yearly": 6.72,
            "eps_latest_yearly": 6.92,
            "eps_growth_yearly": 8.53
        },
        "20134": {
            "year_quarter": 20134,
            "year": 2013,
            "quarter": 4,
            "eps": 1.65,
            "eps_growth_year": -2.54,
            "eps_4q": 7.17,
            "eps_4q_growth_year": 18.15,
            "roe": 5.45,
            "roe_4q": 26.150000000000002,
            "gross_profit": 303786,
            "gross_margin": 30.64,
            "gross_margin_4q_avg": 32.75,
            "net_income": 201799,
            "net_income_4q": null,
            "revenue": 991309,
            "revenue_4q": null,
            "common_shares": 1199651,
            "book_valuer_per_share": 31.57,
            "book_valuer_per_share_4q_avg": 30.61,
            "equity": 3821939,
            "current_ratio": 485.64,
            "debt_ratio": 22.66,
            "inventory_turnover_ratio": 1.61,
            "account_receivable_turnover_ratio": 1.21,
            "reinvestment_rate": 20.45,
            "research_to_sale_ratio": 4.41,
            "price_fair": 178.42,
            "eps_avg_yearly": 6.79,
            "eps_latest_yearly": 6.6,
            "eps_growth_yearly": 16.3
        },
        "20141": {
            "year_quarter": 20141,
            "year": 2014,
            "quarter": 1,
            "eps": 1.61,
            "eps_growth_year": -27.15,
            "eps_4q": 6.89,
            "eps_4q_growth_year": 0.92,
            "roe": 4.99,
            "roe_4q": 23.610000000000003,
            "gross_profit": 322139,
            "gross_margin": 32.43,
            "gross_margin_4q_avg": 32.19,
            "net_income": 195834,
            "net_income_4q": null,
            "revenue": 993304,
            "revenue_4q": null,
            "common_shares": 1200802,
            "book_valuer_per_share": 33.22,
            "book_valuer_per_share_4q_avg": 31.21,
            "equity": 4026361,
            "current_ratio": 476.64,
            "debt_ratio": 22.97,
            "inventory_turnover_ratio": 1.37,
            "account_receivable_turnover_ratio": 1.22,
            "reinvestment_rate": 13.91,
            "research_to_sale_ratio": 3.9,
            "price_fair": 183.74,
            "eps_avg_yearly": 6.86,
            "eps_latest_yearly": 6.44,
            "eps_growth_yearly": 16.78
        },
        "20142": {
            "year_quarter": 20142,
            "year": 2014,
            "quarter": 2,
            "eps": 1.66,
            "eps_growth_year": -24.55,
            "eps_4q": 6.02,
            "eps_4q_growth_year": -10.07,
            "roe": 5.31,
            "roe_4q": 21.8,
            "gross_profit": 373217,
            "gross_margin": 31.4,
            "gross_margin_4q_avg": 31.74,
            "net_income": 199792,
            "net_income_4q": null,
            "revenue": 1188586,
            "revenue_4q": null,
            "common_shares": 1200913,
            "book_valuer_per_share": 28.85,
            "book_valuer_per_share_4q_avg": 30.85,
            "equity": 3502201,
            "current_ratio": 265.68,
            "debt_ratio": 35.41,
            "inventory_turnover_ratio": 1.57,
            "account_receivable_turnover_ratio": 1.27,
            "reinvestment_rate": 12.76,
            "research_to_sale_ratio": 3.08,
            "price_fair": 90.88,
            "eps_avg_yearly": 6.76,
            "eps_latest_yearly": 6.64,
            "eps_growth_yearly": 3.44
        },
        "20143": {
            "year_quarter": 20143,
            "year": 2014,
            "quarter": 3,
            "eps": 2.27,
            "eps_growth_year": 31.21,
            "eps_4q": 6.72,
            "eps_4q_growth_year": -3.66,
            "roe": 8.2,
            "roe_4q": 23.95,
            "gross_profit": 433171,
            "gross_margin": 32.83,
            "gross_margin_4q_avg": 31.83,
            "net_income": 300574,
            "net_income_4q": null,
            "revenue": 1319412,
            "revenue_4q": null,
            "common_shares": 1326126,
            "book_valuer_per_share": 28.58,
            "book_valuer_per_share_4q_avg": 30.56,
            "equity": 3825047,
            "current_ratio": 303.52,
            "debt_ratio": 26.13,
            "inventory_turnover_ratio": 1.75,
            "account_receivable_turnover_ratio": 1.22,
            "reinvestment_rate": 10.91,
            "research_to_sale_ratio": 3.02,
            "price_fair": 118.36,
            "eps_avg_yearly": 6.72,
            "eps_latest_yearly": 9.08,
            "eps_growth_yearly": 7.63
        },
        "20144": {
            "year_quarter": 20144,
            "year": 2014,
            "quarter": 4,
            "eps": 2.01,
            "eps_growth_year": 21.44,
            "eps_4q": 7.22,
            "eps_4q_growth_year": 0.69,
            "roe": 6.77,
            "roe_4q": 25.269999999999996,
            "gross_profit": 396418,
            "gross_margin": 31.79,
            "gross_margin_4q_avg": 32.11,
            "net_income": 268702,
            "net_income_4q": null,
            "revenue": 1247176,
            "revenue_4q": null,
            "common_shares": 1329472,
            "book_valuer_per_share": 30.7,
            "book_valuer_per_share_4q_avg": 30.34,
            "equity": 4118199,
            "current_ratio": 361.1,
            "debt_ratio": 22.5,
            "inventory_turnover_ratio": 1.71,
            "account_receivable_turnover_ratio": 1.13,
            "reinvestment_rate": 7.49,
            "research_to_sale_ratio": 3.33,
            "price_fair": 183.77,
            "eps_avg_yearly": 6.9,
            "eps_latest_yearly": 8.04,
            "eps_growth_yearly": 16.65
        },
        "20151": {
            "year_quarter": 20151,
            "year": 2015,
            "quarter": 1,
            "eps": 1.56,
            "eps_growth_year": -3.11,
            "eps_4q": 7.05,
            "eps_4q_growth_year": 2.27,
            "roe": 4.59,
            "roe_4q": 24.869999999999997,
            "gross_profit": 398796,
            "gross_margin": 33.83,
            "gross_margin_4q_avg": 32.46,
            "net_income": 210049,
            "net_income_4q": null,
            "revenue": 1178782,
            "revenue_4q": null,
            "common_shares": 1383166,
            "book_valuer_per_share": 32.81,
            "book_valuer_per_share_4q_avg": 30.24,
            "equity": 5028897,
            "current_ratio": 424.08,
            "debt_ratio": 19.07,
            "inventory_turnover_ratio": 1.27,
            "account_receivable_turnover_ratio": 1.2,
            "reinvestment_rate": 4.14,
            "research_to_sale_ratio": 4.45,
            "price_fair": 129.85,
            "eps_avg_yearly": 6.93,
            "eps_latest_yearly": 6.24,
            "eps_growth_yearly": 8.73
        },
        "20152": {
            "year_quarter": 20152,
            "year": 2015,
            "quarter": 2,
            "eps": 1.77,
            "eps_growth_year": 6.63,
            "eps_4q": 6.98,
            "eps_4q_growth_year": 15.81,
            "roe": 5.28,
            "roe_4q": 24.84,
            "gross_profit": 470344,
            "gross_margin": 33.66,
            "gross_margin_4q_avg": 33.03,
            "net_income": 250253,
            "net_income_4q": null,
            "revenue": 1397406,
            "revenue_4q": null,
            "common_shares": 1394525,
            "book_valuer_per_share": 28.71,
            "book_valuer_per_share_4q_avg": 30.2,
            "equity": 4452648,
            "current_ratio": 277.11,
            "debt_ratio": 28.77,
            "inventory_turnover_ratio": 1.29,
            "account_receivable_turnover_ratio": 1.39,
            "reinvestment_rate": 0.2,
            "research_to_sale_ratio": 3.55,
            "price_fair": 98.81,
            "eps_avg_yearly": 6.91,
            "eps_latest_yearly": 7.08,
            "eps_growth_yearly": 4.29
        },
        "20153": {
            "year_quarter": 20153,
            "year": 2015,
            "quarter": 3,
            "eps": 1.98,
            "eps_growth_year": -12.78,
            "eps_4q": 6.9,
            "eps_4q_growth_year": 2.8,
            "roe": 6.61,
            "roe_4q": 23.25,
            "gross_profit": 444003,
            "gross_margin": 35,
            "gross_margin_4q_avg": 33.57,
            "net_income": 305142,
            "net_income_4q": null,
            "revenue": 1268457,
            "revenue_4q": null,
            "common_shares": 1463683,
            "book_valuer_per_share": 29.48,
            "book_valuer_per_share_4q_avg": 30.43,
            "equity": 4773346,
            "current_ratio": 452.9,
            "debt_ratio": 17.8,
            "inventory_turnover_ratio": 1.22,
            "account_receivable_turnover_ratio": 1.22,
            "reinvestment_rate": -1.82,
            "research_to_sale_ratio": 3.8,
            "price_fair": 166.76,
            "eps_avg_yearly": 7.06,
            "eps_latest_yearly": 7.92,
            "eps_growth_yearly": 13.61
        },
        "20154": {
            "year_quarter": 20154,
            "year": 2015,
            "quarter": 4,
            "eps": 1.86,
            "eps_growth_year": -7.13,
            "eps_4q": 6.95,
            "eps_4q_growth_year": -3.75,
            "roe": 5.74,
            "roe_4q": 22.220000000000002,
            "gross_profit": 480605,
            "gross_margin": 35.12,
            "gross_margin_4q_avg": 34.4,
            "net_income": 277288,
            "net_income_4q": null,
            "revenue": 1368412,
            "revenue_4q": null,
            "common_shares": 1463683,
            "book_valuer_per_share": 31.14,
            "book_valuer_per_share_4q_avg": 30.54,
            "equity": 4894655,
            "current_ratio": 443.35,
            "debt_ratio": 18.1,
            "inventory_turnover_ratio": 1.32,
            "account_receivable_turnover_ratio": 1.32,
            "reinvestment_rate": -9.17,
            "research_to_sale_ratio": 4.16,
            "price_fair": 156,
            "eps_avg_yearly": 7.18,
            "eps_latest_yearly": 7.44,
            "eps_growth_yearly": 11.73
        },
        "20161": {
            "year_quarter": 20161,
            "year": 2016,
            "quarter": 1,
            "eps": 1.51,
            "eps_growth_year": -3.21,
            "eps_4q": 7.02,
            "eps_4q_growth_year": -0.32,
            "roe": 4.36,
            "roe_4q": 21.990000000000002,
            "gross_profit": 474828,
            "gross_margin": 35.33,
            "gross_margin_4q_avg": 34.78,
            "net_income": 217991,
            "net_income_4q": null,
            "revenue": 1343824,
            "revenue_4q": null,
            "common_shares": 1463683,
            "book_valuer_per_share": 32.62,
            "book_valuer_per_share_4q_avg": 30.49,
            "equity": 5108385,
            "current_ratio": 458.57,
            "debt_ratio": 17.59,
            "inventory_turnover_ratio": 1.23,
            "account_receivable_turnover_ratio": 1.29,
            "reinvestment_rate": -9.14,
            "research_to_sale_ratio": 3.82,
            "price_fair": 128.02,
            "eps_avg_yearly": 7.22,
            "eps_latest_yearly": 6.04,
            "eps_growth_yearly": 7.74
        },
        "20162": {
            "year_quarter": 20162,
            "year": 2016,
            "quarter": 2,
            "eps": 1.69,
            "eps_growth_year": -4.52,
            "eps_4q": 7.04,
            "eps_4q_growth_year": 0.87,
            "roe": 5.11,
            "roe_4q": 21.82,
            "gross_profit": 489156,
            "gross_margin": 34.43,
            "gross_margin_4q_avg": 34.97,
            "net_income": 244127,
            "net_income_4q": null,
            "revenue": 1420655,
            "revenue_4q": null,
            "common_shares": 1463683,
            "book_valuer_per_share": 28.2,
            "book_valuer_per_share_4q_avg": 30.36,
            "equity": 4437374,
            "current_ratio": 229.75,
            "debt_ratio": 33.42,
            "inventory_turnover_ratio": 1.2,
            "account_receivable_turnover_ratio": 1.3,
            "reinvestment_rate": -9.37,
            "research_to_sale_ratio": 3.94,
            "price_fair": 126.3,
            "eps_avg_yearly": 7.25,
            "eps_latest_yearly": 6.76,
            "eps_growth_yearly": 7.42
        },
        "20163": {
            "year_quarter": 20163,
            "year": 2016,
            "quarter": 3,
            "eps": 1.21,
            "eps_growth_year": -38.89,
            "eps_4q": 6.27,
            "eps_4q_growth_year": -9.21,
            "roe": 3.85,
            "roe_4q": 19.060000000000002,
            "gross_profit": 472685,
            "gross_margin": 32.58,
            "gross_margin_4q_avg": 34.37,
            "net_income": 174182,
            "net_income_4q": null,
            "revenue": 1450869,
            "revenue_4q": null,
            "common_shares": 1463683,
            "book_valuer_per_share": 29.33,
            "book_valuer_per_share_4q_avg": 30.32,
            "equity": 4619824,
            "current_ratio": 369.17,
            "debt_ratio": 20.86,
            "inventory_turnover_ratio": 1.2,
            "account_receivable_turnover_ratio": 1.31,
            "reinvestment_rate": -9.58,
            "research_to_sale_ratio": 3.69,
            "price_fair": 21.47,
            "eps_avg_yearly": 7.16,
            "eps_latest_yearly": 4.84,
            "eps_growth_yearly": -0.66
        },
        "20164": {
            "year_quarter": 20164,
            "year": 2016,
            "quarter": 4,
            "eps": 1.62,
            "eps_growth_year": -13.08,
            "eps_4q": 6.02,
            "eps_4q_growth_year": -13.26,
            "roe": 4.97,
            "roe_4q": 18.29,
            "gross_profit": 457120,
            "gross_margin": 32.23,
            "gross_margin_4q_avg": 33.64,
            "net_income": 235547,
            "net_income_4q": null,
            "revenue": 1418434,
            "revenue_4q": null,
            "common_shares": 1463683,
            "book_valuer_per_share": 30.94,
            "book_valuer_per_share_4q_avg": 30.27,
            "equity": 4853671,
            "current_ratio": 360.91,
            "debt_ratio": 21.73,
            "inventory_turnover_ratio": 1.17,
            "account_receivable_turnover_ratio": 1.31,
            "reinvestment_rate": -9.57,
            "research_to_sale_ratio": 3.94,
            "price_fair": 115.94,
            "eps_avg_yearly": 7.14,
            "eps_latest_yearly": 6.48,
            "eps_growth_yearly": 6.25
        },
        "20171": {
            "year_quarter": 20171,
            "year": 2017,
            "quarter": 1,
            "eps": 0.85,
            "eps_growth_year": -43.71,
            "eps_4q": 5.37,
            "eps_4q_growth_year": -23.53,
            "roe": 2.4,
            "roe_4q": 16.33,
            "gross_profit": 457724,
            "gross_margin": 30.11,
            "gross_margin_4q_avg": 32.34,
            "net_income": 117694,
            "net_income_4q": null,
            "revenue": 1520095,
            "revenue_4q": null,
            "common_shares": 1463683,
            "book_valuer_per_share": 31.64,
            "book_valuer_per_share_4q_avg": 30.03,
            "equity": 4948592,
            "current_ratio": 375.83,
            "debt_ratio": 20.73,
            "inventory_turnover_ratio": 1.26,
            "account_receivable_turnover_ratio": 1.31,
            "reinvestment_rate": -0.87,
            "research_to_sale_ratio": 3.21,
            "price_fair": 20.39,
            "eps_avg_yearly": 6.8,
            "eps_latest_yearly": 3.4,
            "eps_growth_yearly": -13.13
        },
        "20172": {
            "year_quarter": 20172,
            "year": 2017,
            "quarter": 2,
            "eps": 1.68,
            "eps_growth_year": -0.59,
            "eps_4q": 5.36,
            "eps_4q_growth_year": -23.82,
            "roe": 5.28,
            "roe_4q": 16.5,
            "gross_profit": 537980,
            "gross_margin": 30.14,
            "gross_margin_4q_avg": 31.27,
            "net_income": 248204,
            "net_income_4q": null,
            "revenue": 1784847,
            "revenue_4q": null,
            "common_shares": 1463683,
            "book_valuer_per_share": 28.37,
            "book_valuer_per_share_4q_avg": 30.07,
            "equity": 4459627,
            "current_ratio": 246.03,
            "debt_ratio": 31.64,
            "inventory_turnover_ratio": 1.44,
            "account_receivable_turnover_ratio": 1.47,
            "reinvestment_rate": -0.43,
            "research_to_sale_ratio": 2.87,
            "price_fair": 142.57,
            "eps_avg_yearly": 6.67,
            "eps_latest_yearly": 6.72,
            "eps_growth_yearly": 11.39
        },
        "20173": {
            "year_quarter": 20173,
            "year": 2017,
            "quarter": 3,
            "eps": 1.24,
            "eps_growth_year": 2.48,
            "eps_4q": 5.39,
            "eps_4q_growth_year": -13.94,
            "roe": 4.02,
            "roe_4q": 16.67,
            "gross_profit": 468833,
            "gross_margin": 30.3,
            "gross_margin_4q_avg": 30.7,
            "net_income": 183079,
            "net_income_4q": null,
            "revenue": 1547289,
            "revenue_4q": null,
            "common_shares": 1463683,
            "book_valuer_per_share": 29.64,
            "book_valuer_per_share_4q_avg": 30.15,
            "equity": 4647280,
            "current_ratio": 336.39,
            "debt_ratio": 22.65,
            "inventory_turnover_ratio": 1.15,
            "account_receivable_turnover_ratio": 1.29,
            "reinvestment_rate": 0.54,
            "research_to_sale_ratio": 3.5,
            "price_fair": 132.06,
            "eps_avg_yearly": 6.54,
            "eps_latest_yearly": 4.96,
            "eps_growth_yearly": 10.18
        },
        "20174": {
            "year_quarter": 20174,
            "year": 2017,
            "quarter": 4,
            "eps": 1.3,
            "eps_growth_year": -19.8,
            "eps_4q": 5.16,
            "eps_4q_growth_year": -14.33,
            "roe": 3.97,
            "roe_4q": 15.67,
            "gross_profit": 479666,
            "gross_margin": 28,
            "gross_margin_4q_avg": 29.64,
            "net_income": 182443,
            "net_income_4q": null,
            "revenue": 1713086,
            "revenue_4q": null,
            "common_shares": 1463683,
            "book_valuer_per_share": 29.61,
            "book_valuer_per_share_4q_avg": 29.82,
            "equity": 4554410,
            "current_ratio": 302.6,
            "debt_ratio": 24.73,
            "inventory_turnover_ratio": 1.33,
            "account_receivable_turnover_ratio": 1.34,
            "reinvestment_rate": 0.2,
            "research_to_sale_ratio": 3.56,
            "price_fair": 145.56,
            "eps_avg_yearly": 6.46,
            "eps_latest_yearly": 5.2,
            "eps_growth_yearly": 12.55
        },
        "20181": {
            "year_quarter": 20181,
            "year": 2018,
            "quarter": 1,
            "eps": 1.16,
            "eps_growth_year": 36.47,
            "eps_4q": 5.45,
            "eps_4q_growth_year": 1.51,
            "roe": 3.51,
            "roe_4q": 16.78,
            "gross_profit": 470436,
            "gross_margin": 27.19,
            "gross_margin_4q_avg": 28.91,
            "net_income": 162879,
            "net_income_4q": null,
            "revenue": 1730105,
            "revenue_4q": null,
            "common_shares": 1430623,
            "book_valuer_per_share": 30.78,
            "book_valuer_per_share_4q_avg": 29.6,
            "equity": 4717099,
            "current_ratio": 308.13,
            "debt_ratio": 24.75,
            "inventory_turnover_ratio": 1.36,
            "account_receivable_turnover_ratio": 1.29,
            "reinvestment_rate": 0.23,
            "research_to_sale_ratio": 2.77,
            "price_fair": 129.79,
            "eps_avg_yearly": 6.34,
            "eps_latest_yearly": 4.64,
            "eps_growth_yearly": 10.46
        },
        "20182": {
            "year_quarter": 20182,
            "year": 2018,
            "quarter": 2,
            "eps": 2.26,
            "eps_growth_year": 34.52,
            "eps_4q": 5.99,
            "eps_4q_growth_year": 11.72,
            "roe": 7.12,
            "roe_4q": 18.619999999999997,
            "gross_profit": 628034,
            "gross_margin": 29.42,
            "gross_margin_4q_avg": 28.73,
            "net_income": 324169,
            "net_income_4q": null,
            "revenue": 2135073,
            "revenue_4q": null,
            "common_shares": 1430623,
            "book_valuer_per_share": 28.55,
            "book_valuer_per_share_4q_avg": 29.65,
            "equity": 4383440,
            "current_ratio": 232.66,
            "debt_ratio": 32.91,
            "inventory_turnover_ratio": 1.69,
            "account_receivable_turnover_ratio": 1.55,
            "reinvestment_rate": 0.49,
            "research_to_sale_ratio": 2.56,
            "price_fair": 227.24,
            "eps_avg_yearly": 6.49,
            "eps_latest_yearly": 9.04,
            "eps_growth_yearly": 33.39
        },
        "20183": {
            "year_quarter": 20183,
            "year": 2018,
            "quarter": 3,
            "eps": 1.23,
            "eps_growth_year": -0.81,
            "eps_4q": 5.95,
            "eps_4q_growth_year": 10.28,
            "roe": 3.83,
            "roe_4q": 18.43,
            "gross_profit": 464182,
            "gross_margin": 29.91,
            "gross_margin_4q_avg": 28.63,
            "net_income": 171071,
            "net_income_4q": null,
            "revenue": 1551953,
            "revenue_4q": null,
            "common_shares": 1430623,
            "book_valuer_per_share": 29.76,
            "book_valuer_per_share_4q_avg": 29.68,
            "equity": 4551745,
            "current_ratio": 320.74,
            "debt_ratio": 24.07,
            "inventory_turnover_ratio": 1.35,
            "account_receivable_turnover_ratio": 1.14,
            "reinvestment_rate": 0.37,
            "research_to_sale_ratio": 3.47,
            "price_fair": 142.19,
            "eps_avg_yearly": 6.23,
            "eps_latest_yearly": 4.92,
            "eps_growth_yearly": 12.81
        },
        "20184": {
            "year_quarter": 20184,
            "year": 2018,
            "quarter": 4,
            "eps": 0.95,
            "eps_growth_year": -26.72,
            "eps_4q": 5.6,
            "eps_4q_growth_year": 8.54,
            "roe": 2.91,
            "roe_4q": 17.369999999999997,
            "gross_profit": 363726,
            "gross_margin": 31.56,
            "gross_margin_4q_avg": 29.52,
            "net_income": 134374,
            "net_income_4q": null,
            "revenue": 1152638,
            "revenue_4q": null,
            "common_shares": 1430623,
            "book_valuer_per_share": 30.69,
            "book_valuer_per_share_4q_avg": 29.95,
            "equity": 4683783,
            "current_ratio": 401.2,
            "debt_ratio": 19.34,
            "inventory_turnover_ratio": 0.95,
            "account_receivable_turnover_ratio": 1.11,
            "reinvestment_rate": 0.43,
            "research_to_sale_ratio": 4.06,
            "price_fair": 119.27,
            "eps_avg_yearly": 5.97,
            "eps_latest_yearly": 3.8,
            "eps_growth_yearly": 9.99
        },
        "20191": {
            "year_quarter": 20191,
            "year": 2019,
            "quarter": 1,
            "eps": 1.4,
            "eps_growth_year": 20.69,
            "eps_4q": 5.84,
            "eps_4q_growth_year": 7.1,
            "roe": 4.13,
            "roe_4q": 17.990000000000002,
            "gross_profit": 483025,
            "gross_margin": 33.67,
            "gross_margin_4q_avg": 31.14,
            "net_income": 197878,
            "net_income_4q": null,
            "revenue": 1434787,
            "revenue_4q": null,
            "common_shares": 1430623,
            "book_valuer_per_share": 32.13,
            "book_valuer_per_share_4q_avg": 30.28,
            "equity": 4906116,
            "current_ratio": 370.3,
            "debt_ratio": 21.81,
            "inventory_turnover_ratio": 1.12,
            "account_receivable_turnover_ratio": 1.61,
            "reinvestment_rate": 0.3,
            "research_to_sale_ratio": 3.35,
            "price_fair": 207.46,
            "eps_avg_yearly": 5.93,
            "eps_latest_yearly": 5.6,
            "eps_growth_yearly": 27.43
        },
        "20192": {
            "year_quarter": 20192,
            "year": 2019,
            "quarter": 2,
            "eps": 1.53,
            "eps_growth_year": -32.3,
            "eps_4q": 5.11,
            "eps_4q_growth_year": -14.64,
            "roe": 4.72,
            "roe_4q": 15.59,
            "gross_profit": 498432,
            "gross_margin": 35.68,
            "gross_margin_4q_avg": 32.71,
            "net_income": 219766,
            "net_income_4q": null,
            "revenue": 1396989,
            "revenue_4q": null,
            "common_shares": 1430623,
            "book_valuer_per_share": 28.65,
            "book_valuer_per_share_4q_avg": 30.31,
            "equity": 4397557,
            "current_ratio": 256.46,
            "debt_ratio": 30.66,
            "inventory_turnover_ratio": 1.08,
            "account_receivable_turnover_ratio": 1.39,
            "reinvestment_rate": 0.37,
            "research_to_sale_ratio": 3.5,
            "price_fair": 205.36,
            "eps_avg_yearly": 5.87,
            "eps_latest_yearly": 6.12,
            "eps_growth_yearly": 26.38
        },
        "20193": {
            "year_quarter": 20193,
            "year": 2019,
            "quarter": 3,
            "eps": 1.12,
            "eps_growth_year": -8.94,
            "eps_4q": 5,
            "eps_4q_growth_year": -15.97,
            "roe": 3.47,
            "roe_4q": 15.23,
            "gross_profit": 426075,
            "gross_margin": 34.54,
            "gross_margin_4q_avg": 33.86,
            "net_income": 155119,
            "net_income_4q": null,
            "revenue": 1233676,
            "revenue_4q": null,
            "common_shares": 1430623,
            "book_valuer_per_share": 29.69,
            "book_valuer_per_share_4q_avg": 30.29,
            "equity": 4541271,
            "current_ratio": 393.38,
            "debt_ratio": 20.18,
            "inventory_turnover_ratio": 1.04,
            "account_receivable_turnover_ratio": 1.3,
            "reinvestment_rate": 0.6,
            "research_to_sale_ratio": 4.16,
            "price_fair": 151.01,
            "eps_avg_yearly": 5.65,
            "eps_latest_yearly": 4.48,
            "eps_growth_yearly": 16.72
        },
        "20194": {
            "year_quarter": 20194,
            "year": 2019,
            "quarter": 4,
            "eps": 1.1,
            "eps_growth_year": 15.66,
            "eps_4q": 5.15,
            "eps_4q_growth_year": -8.1,
            "roe": 3.24,
            "roe_4q": 15.559999999999999,
            "gross_profit": 461724,
            "gross_margin": 36.5,
            "gross_margin_4q_avg": 35.1,
            "net_income": 149522,
            "net_income_4q": null,
            "revenue": 1265020,
            "revenue_4q": null,
            "common_shares": 1430623,
            "book_valuer_per_share": 30.78,
            "book_valuer_per_share_4q_avg": 30.31,
            "equity": 4698363,
            "current_ratio": 449.59,
            "debt_ratio": 18.29,
            "inventory_turnover_ratio": 1.08,
            "account_receivable_turnover_ratio": 1.47,
            "reinvestment_rate": -0.46,
            "research_to_sale_ratio": 4,
            "price_fair": 151.78,
            "eps_avg_yearly": 5.46,
            "eps_latest_yearly": 4.4,
            "eps_growth_yearly": 17.78
        },
        "20201": {
            "year_quarter": 20201,
            "year": 2020,
            "quarter": 1,
            "eps": 1.43,
            "eps_growth_year": 2.14,
            "eps_4q": 5.18,
            "eps_4q_growth_year": -11.26,
            "roe": 4.2,
            "roe_4q": 15.629999999999999,
            "gross_profit": 471116,
            "gross_margin": 37.52,
            "gross_margin_4q_avg": 36.06,
            "net_income": 201077,
            "net_income_4q": null,
            "revenue": 1255638,
            "revenue_4q": null,
            "common_shares": 1430623,
            "book_valuer_per_share": 32.1,
            "book_valuer_per_share_4q_avg": 30.31,
            "equity": 4880569,
            "current_ratio": 415.31,
            "debt_ratio": 19.63,
            "inventory_turnover_ratio": 0.98,
            "account_receivable_turnover_ratio": 1.39,
            "reinvestment_rate": -0.67,
            "research_to_sale_ratio": 4.16,
            "price_fair": 190.49,
            "eps_avg_yearly": 5.44,
            "eps_latest_yearly": 5.72,
            "eps_growth_yearly": 29.99
        },
        "20202": {
            "year_quarter": 20202,
            "year": 2020,
            "quarter": 2,
            "eps": 0.77,
            "eps_growth_year": -49.67,
            "eps_4q": 4.42,
            "eps_4q_growth_year": -13.52,
            "roe": 2.33,
            "roe_4q": 13.24,
            "gross_profit": 334223,
            "gross_margin": 35.18,
            "gross_margin_4q_avg": 35.94,
            "net_income": 107272,
            "net_income_4q": null,
            "revenue": 949917,
            "revenue_4q": null,
            "common_shares": 1430623,
            "book_valuer_per_share": 28.32,
            "book_valuer_per_share_4q_avg": 30.22,
            "equity": 4324546,
            "current_ratio": 288.57,
            "debt_ratio": 27.13,
            "inventory_turnover_ratio": 0.7,
            "account_receivable_turnover_ratio": 1.17,
            "reinvestment_rate": -0.84,
            "research_to_sale_ratio": 5.23,
            "price_fair": 132.77,
            "eps_avg_yearly": 5.21,
            "eps_latest_yearly": 3.08,
            "eps_growth_yearly": 15.47
        },
        "20203": {
            "year_quarter": 20203,
            "year": 2020,
            "quarter": 3,
            "eps": 1.17,
            "eps_growth_year": 4.46,
            "eps_4q": 4.48,
            "eps_4q_growth_year": -10.47,
            "roe": 4.11,
            "roe_4q": 13.88,
            "gross_profit": 408538,
            "gross_margin": 33.98,
            "gross_margin_4q_avg": 35.8,
            "net_income": 181403,
            "net_income_4q": null,
            "revenue": 1202232,
            "revenue_4q": null,
            "common_shares": 1430623,
            "book_valuer_per_share": 29.51,
            "book_valuer_per_share_4q_avg": 30.18,
            "equity": 4497848,
            "current_ratio": 412.41,
            "debt_ratio": 19.38,
            "inventory_turnover_ratio": 0.93,
            "account_receivable_turnover_ratio": 1.84,
            "reinvestment_rate": -0.74,
            "research_to_sale_ratio": 4.27,
            "price_fair": 182.09,
            "eps_avg_yearly": 5.2,
            "eps_latest_yearly": 4.68,
            "eps_growth_yearly": 35.56
        },
        "20204": {
            "year_quarter": 20204,
            "year": 2020,
            "quarter": 4,
            "eps": 0.75,
            "eps_growth_year": -32.16,
            "eps_4q": 4.12,
            "eps_4q_growth_year": -19.94,
            "roe": 2.38,
            "roe_4q": 13.02,
            "gross_profit": 329629,
            "gross_margin": 32.15,
            "gross_margin_4q_avg": 34.71,
            "net_income": 108176,
            "net_income_4q": null,
            "revenue": 1025174,
            "revenue_4q": null,
            "common_shares": 1430623,
            "book_valuer_per_share": 30.3,
            "book_valuer_per_share_4q_avg": 30.06,
            "equity": 4609035,
            "current_ratio": 466.96,
            "debt_ratio": 17.58,
            "inventory_turnover_ratio": 0.93,
            "account_receivable_turnover_ratio": 1.7,
            "reinvestment_rate": -1.25,
            "research_to_sale_ratio": 5.19,
            "price_fair": 140.14,
            "eps_avg_yearly": 4.99,
            "eps_latest_yearly": 3,
            "eps_growth_yearly": 18.11
        },
        "20211": {
            "year_quarter": 20211,
            "year": 2021,
            "quarter": 1,
            "eps": 0.6,
            "eps_growth_year": -58.04,
            "eps_4q": 3.29,
            "eps_4q_growth_year": -36.45,
            "roe": 1.88,
            "roe_4q": 10.700000000000001,
            "gross_profit": 301827,
            "gross_margin": 32.99,
            "gross_margin_4q_avg": 33.58,
            "net_income": 87437,
            "net_income_4q": null,
            "revenue": 914985,
            "revenue_4q": null,
            "common_shares": 1430623,
            "book_valuer_per_share": 30.9,
            "book_valuer_per_share_4q_avg": 29.76,
            "equity": 4697043,
            "current_ratio": 406.24,
            "debt_ratio": 20.15,
            "inventory_turnover_ratio": 0.82,
            "account_receivable_turnover_ratio": 1.67,
            "reinvestment_rate": -2.81,
            "research_to_sale_ratio": 5.99,
            "price_fair": 172.27,
            "eps_avg_yearly": 4.92,
            "eps_latest_yearly": 2.4,
            "eps_growth_yearly": 25
        },
        "20212": {
            "year_quarter": 20212,
            "year": 2021,
            "quarter": 2,
            "eps": 1.05,
            "eps_growth_year": 36.36,
            "eps_4q": 3.57,
            "eps_4q_growth_year": -19.15,
            "roe": 3.18,
            "roe_4q": 11.55,
            "gross_profit": 392729,
            "gross_margin": 33.46,
            "gross_margin_4q_avg": 33.15,
            "net_income": 152177,
            "net_income_4q": null,
            "revenue": 1173873,
            "revenue_4q": null,
            "common_shares": 1430623,
            "book_valuer_per_share": 31.92,
            "book_valuer_per_share_4q_avg": 30.66,
            "equity": 4884577,
            "current_ratio": 375.11,
            "debt_ratio": 21.96,
            "inventory_turnover_ratio": 0.77,
            "account_receivable_turnover_ratio": 1.93,
            "reinvestment_rate": -3.41,
            "research_to_sale_ratio": 4.87,
            "price_fair": 139.78,
            "eps_avg_yearly": 4.77,
            "eps_latest_yearly": 4.2,
            "eps_growth_yearly": 19.33
        },
        "20213": {
            "year_quarter": 20213,
            "year": 2021,
            "quarter": 3,
            "eps": 1.4,
            "eps_growth_year": 19.66,
            "eps_4q": 3.8,
            "eps_4q_growth_year": -15.02,
            "roe": 4.38,
            "roe_4q": 11.82,
            "gross_profit": 483268,
            "gross_margin": 33.71,
            "gross_margin_4q_avg": 33.08,
            "net_income": 205247,
            "net_income_4q": null,
            "revenue": 1433639,
            "revenue_4q": null,
            "common_shares": 1430623,
            "book_valuer_per_share": 29.26,
            "book_valuer_per_share_4q_avg": 30.6,
            "equity": 4493838,
            "current_ratio": 309.63,
            "debt_ratio": 26.09,
            "inventory_turnover_ratio": 0.7,
            "account_receivable_turnover_ratio": 1.63,
            "reinvestment_rate": -5.12,
            "research_to_sale_ratio": 4.52,
            "price_fair": 168.18,
            "eps_avg_yearly": 4.81,
            "eps_latest_yearly": 5.6,
            "eps_growth_yearly": 34.21
        },
        "20214": {
            "year_quarter": 20214,
            "year": 2021,
            "quarter": 4,
            "eps": 1.72,
            "eps_growth_year": 129.94,
            "eps_4q": 4.77,
            "eps_4q_growth_year": 15.84,
            "roe": 5.33,
            "roe_4q": 14.77,
            "gross_profit": 525630,
            "gross_margin": 31.61,
            "gross_margin_4q_avg": 32.94,
            "net_income": 246225,
            "net_income_4q": null,
            "revenue": 1662658,
            "revenue_4q": null,
            "common_shares": 1430623,
            "book_valuer_per_share": 30.98,
            "book_valuer_per_share_4q_avg": 30.77,
            "equity": 4741135,
            "current_ratio": 328.18,
            "debt_ratio": 24.96,
            "inventory_turnover_ratio": 0.77,
            "account_receivable_turnover_ratio": 1.47,
            "reinvestment_rate": -4.35,
            "research_to_sale_ratio": 4.49,
            "price_fair": 171.85,
            "eps_avg_yearly": 4.91,
            "eps_latest_yearly": 6.88,
            "eps_growth_yearly": 38.72
        },
        "20221": {
            "year_quarter": 20221,
            "year": 2022,
            "quarter": 1,
            "eps": 1.92,
            "eps_growth_year": 220,
            "eps_4q": 6.09,
            "eps_4q_growth_year": 85.09,
            "roe": 5.7,
            "roe_4q": 18.59,
            "gross_profit": 503844,
            "gross_margin": 33.28,
            "gross_margin_4q_avg": 33.02,
            "net_income": 271888,
            "net_income_4q": null,
            "revenue": 1514168,
            "revenue_4q": null,
            "common_shares": 1430623,
            "book_valuer_per_share": 32.93,
            "book_valuer_per_share_4q_avg": 31.27,
            "equity": 4804281,
            "current_ratio": 369.66,
            "debt_ratio": 21.96,
            "inventory_turnover_ratio": 0.74,
            "account_receivable_turnover_ratio": 1.26,
            "reinvestment_rate": -4.9,
            "research_to_sale_ratio": 4,
            "price_fair": 178.5,
            "eps_avg_yearly": 5.1,
            "eps_latest_yearly": 7.68,
            "eps_growth_yearly": 44.32
        },
        "20222": {
            "year_quarter": 20222,
            "year": 2022,
            "quarter": 2,
            "eps": 2.49,
            "eps_growth_year": 137.14,
            "eps_4q": 7.53,
            "eps_4q_growth_year": 110.72,
            "roe": 7.45,
            "roe_4q": 22.86,
            "gross_profit": 606616,
            "gross_margin": 36.91,
            "gross_margin_4q_avg": 33.88,
            "net_income": 349402,
            "net_income_4q": null,
            "revenue": 1643478,
            "revenue_4q": null,
            "common_shares": 1430623,
            "book_valuer_per_share": 31.38,
            "book_valuer_per_share_4q_avg": 31.14,
            "equity": 4576485,
            "current_ratio": 291.33,
            "debt_ratio": 27.75,
            "inventory_turnover_ratio": 0.84,
            "account_receivable_turnover_ratio": 1.3,
            "reinvestment_rate": -4.9,
            "research_to_sale_ratio": 4.35,
            "price_fair": 180.51,
            "eps_avg_yearly": 5.16,
            "eps_latest_yearly": 9.96,
            "eps_growth_yearly": 28.03
        },
        "20223": {
            "year_quarter": 20223,
            "year": 2022,
            "quarter": 3,
            "eps": 2.22,
            "eps_growth_year": 58.57,
            "eps_4q": 8.36,
            "eps_4q_growth_year": 119.74,
            "roe": 6.56,
            "roe_4q": 25.04,
            "gross_profit": 536174,
            "gross_margin": 37.94,
            "gross_margin_4q_avg": 34.94,
            "net_income": 311036,
            "net_income_4q": null,
            "revenue": 1413061,
            "revenue_4q": null,
            "common_shares": 1430623,
            "book_valuer_per_share": 33.69,
            "book_valuer_per_share_4q_avg": 32.25,
            "equity": 4899178,
            "current_ratio": 390.33,
            "debt_ratio": 21.09,
            "inventory_turnover_ratio": 0.75,
            "account_receivable_turnover_ratio": 1.03,
            "reinvestment_rate": -4.45,
            "research_to_sale_ratio": 5.24,
            "price_fair": 189.18,
            "eps_avg_yearly": 5.41,
            "eps_latest_yearly": 8.88,
            "eps_growth_yearly": 36.72
        },
        "20224": {
            "year_quarter": 20224,
            "year": 2022,
            "quarter": 4,
            "eps": 0.65,
            "eps_growth_year": -62.02,
            "eps_4q": 7.29,
            "eps_4q_growth_year": 52.72,
            "roe": 1.77,
            "roe_4q": 21.48,
            "gross_profit": 336107,
            "gross_margin": 34.52,
            "gross_margin_4q_avg": 35.66,
            "net_income": 87876,
            "net_income_4q": null,
            "revenue": 973518,
            "revenue_4q": null,
            "common_shares": 1430623,
            "book_valuer_per_share": 34.46,
            "book_valuer_per_share_4q_avg": 33.12,
            "equity": 5003831,
            "current_ratio": 444.17,
            "debt_ratio": 18.11,
            "inventory_turnover_ratio": 0.61,
            "account_receivable_turnover_ratio": 0.9,
            "reinvestment_rate": -4.44,
            "research_to_sale_ratio": 7.02,
            "price_fair": 185.1,
            "eps_avg_yearly": 5.33,
            "eps_latest_yearly": 2.6,
            "eps_growth_yearly": 24.73
        },
        "20231": {
            "year_quarter": 20231,
            "year": 2023,
            "quarter": 1,
            "eps": 0.37,
            "eps_growth_year": -80.73,
            "eps_4q": 5.73,
            "eps_4q_growth_year": -5.93,
            "roe": 0.93,
            "roe_4q": 16.71,
            "gross_profit": 255069,
            "gross_margin": 33.14,
            "gross_margin_4q_avg": 35.63,
            "net_income": 46813,
            "net_income_4q": null,
            "revenue": 769745,
            "revenue_4q": null,
            "common_shares": 1430623,
            "book_valuer_per_share": 34.84,
            "book_valuer_per_share_4q_avg": 33.59,
            "equity": 5052833,
            "current_ratio": 512.94,
            "debt_ratio": 15.61,
            "inventory_turnover_ratio": 0.6,
            "account_receivable_turnover_ratio": 1.17,
            "reinvestment_rate": -4.97,
            "research_to_sale_ratio": 7.86,
            "price_fair": 61.46,
            "eps_avg_yearly": 5.07,
            "eps_latest_yearly": 1.48,
            "eps_growth_yearly": 2.12
        },
        "20232": {
            "year_quarter": 20232,
            "year": 2023,
            "quarter": 2,
            "eps": 1.06,
            "eps_growth_year": -57.43,
            "eps_4q": 4.3,
            "eps_4q_growth_year": -42.89,
            "roe": 3.06,
            "roe_4q": 12.32,
            "gross_profit": 349208,
            "gross_margin": 37.91,
            "gross_margin_4q_avg": 35.88,
            "net_income": 145182,
            "net_income_4q": null,
            "revenue": 921162,
            "revenue_4q": null,
            "common_shares": 1430623,
            "book_valuer_per_share": 30.51,
            "book_valuer_per_share_4q_avg": 33.38,
            "equity": 4427848,
            "current_ratio": 290.53,
            "debt_ratio": 27.04,
            "inventory_turnover_ratio": 0.77,
            "account_receivable_turnover_ratio": 1.45,
            "reinvestment_rate": -4.12,
            "research_to_sale_ratio": 7.03,
            "price_fair": 173.43,
            "eps_avg_yearly": 4.96,
            "eps_latest_yearly": 4.24,
            "eps_growth_yearly": 46.42
        },
        "20233": {
            "year_quarter": 20233,
            "year": 2023,
            "quarter": 3,
            "eps": 0.89,
            "eps_growth_year": -59.91,
            "eps_4q": 2.96,
            "eps_4q_growth_year": -64.55,
            "roe": 2.64,
            "roe_4q": 8.4,
            "gross_profit": 307765,
            "gross_margin": 38.35,
            "gross_margin_4q_avg": 35.98,
            "net_income": 118733,
            "net_income_4q": null,
            "revenue": 802550,
            "revenue_4q": null,
            "common_shares": 1430623,
            "book_valuer_per_share": 31.48,
            "book_valuer_per_share_4q_avg": 32.82,
            "equity": 4558886,
            "current_ratio": 438.11,
            "debt_ratio": 17.42,
            "inventory_turnover_ratio": 0.72,
            "account_receivable_turnover_ratio": 1.18,
            "reinvestment_rate": -4.01,
            "research_to_sale_ratio": 8.83,
            "price_fair": 171.41,
            "eps_avg_yearly": 4.9,
            "eps_latest_yearly": 3.56,
            "eps_growth_yearly": 49.11
        },
        "20234": {
            "year_quarter": 20234,
            "year": 2023,
            "quarter": 4,
            "eps": 1.2,
            "eps_growth_year": 83.5,
            "eps_4q": 3.51,
            "eps_4q_growth_year": -51.89,
            "roe": 3.5,
            "roe_4q": 10.13,
            "gross_profit": 439521,
            "gross_margin": 44.17,
            "gross_margin_4q_avg": 38.39,
            "net_income": 161982,
            "net_income_4q": null,
            "revenue": 994969,
            "revenue_4q": null,
            "common_shares": 1430623,
            "book_valuer_per_share": 32.57,
            "book_valuer_per_share_4q_avg": 32.35,
            "equity": 4704474,
            "current_ratio": 463.88,
            "debt_ratio": 16.49,
            "inventory_turnover_ratio": 0.9,
            "account_receivable_turnover_ratio": 1.36,
            "reinvestment_rate": -3.79,
            "research_to_sale_ratio": 7.12,
            "price_fair": 172.29,
            "eps_avg_yearly": 4.92,
            "eps_latest_yearly": 4.8,
            "eps_growth_yearly": 58.26
        }
    },
    "months": {
        "2002-12": {
            "month": "2002-12",
            "price": "48.45",
            "revenue": 72520
        },
        "2003-01": {
            "month": "2003-01",
            "price": "47.46",
            "revenue": 101582
        },
        "2003-02": {
            "month": "2003-02",
            "price": "50.35",
            "revenue": 84336
        },
        "2003-03": {
            "month": "2003-03",
            "price": "52.02",
            "revenue": 81220
        },
        "2003-04": {
            "month": "2003-04",
            "price": "50.59",
            "revenue": 81983
        },
        "2003-05": {
            "month": "2003-05",
            "price": "52.84",
            "revenue": 83128
        },
        "2003-06": {
            "month": "2003-06",
            "price": "59.08",
            "revenue": 75005
        },
        "2003-07": {
            "month": "2003-07",
            "price": "60.17",
            "revenue": 84309
        },
        "2003-08": {
            "month": "2003-08",
            "price": "52.86",
            "revenue": 65891
        },
        "2003-09": {
            "month": "2003-09",
            "price": "52.33",
            "revenue": 74495
        },
        "2003-10": {
            "month": "2003-10",
            "price": "51.90",
            "revenue": 73006
        },
        "2003-11": {
            "month": "2003-11",
            "price": "49.38",
            "revenue": 88125
        },
        "2003-12": {
            "month": "2003-12",
            "price": "50.75",
            "revenue": 75128
        },
        "2004-01": {
            "month": "2004-01",
            "price": "52.23",
            "revenue": 72164
        },
        "2004-02": {
            "month": "2004-02",
            "price": "56.38",
            "revenue": 82100
        },
        "2004-03": {
            "month": "2004-03",
            "price": "60.41",
            "revenue": 105167
        },
        "2004-04": {
            "month": "2004-04",
            "price": "59.59",
            "revenue": 108931
        },
        "2004-05": {
            "month": "2004-05",
            "price": "54.14",
            "revenue": 129166
        },
        "2004-06": {
            "month": "2004-06",
            "price": "53.31",
            "revenue": 120797
        },
        "2004-07": {
            "month": "2004-07",
            "price": "52.61",
            "revenue": 154558
        },
        "2004-08": {
            "month": "2004-08",
            "price": "52.32",
            "revenue": 160515
        },
        "2004-09": {
            "month": "2004-09",
            "price": "45.59",
            "revenue": 164705
        },
        "2004-10": {
            "month": "2004-10",
            "price": "45.96",
            "revenue": 131025
        },
        "2004-11": {
            "month": "2004-11",
            "price": "44.69",
            "revenue": 123027
        },
        "2004-12": {
            "month": "2004-12",
            "price": "44.41",
            "revenue": 109713
        },
        "2005-01": {
            "month": "2005-01",
            "price": "43.35",
            "revenue": 112670
        },
        "2005-02": {
            "month": "2005-02",
            "price": "46.48",
            "revenue": 105602
        },
        "2005-03": {
            "month": "2005-03",
            "price": "50.42",
            "revenue": 123086
        },
        "2005-04": {
            "month": "2005-04",
            "price": "49.18",
            "revenue": 125690
        },
        "2005-05": {
            "month": "2005-05",
            "price": "47.15",
            "revenue": 100035
        },
        "2005-06": {
            "month": "2005-06",
            "price": "46.37",
            "revenue": 102417
        },
        "2005-07": {
            "month": "2005-07",
            "price": "50.68",
            "revenue": 128910
        },
        "2005-08": {
            "month": "2005-08",
            "price": "55.75",
            "revenue": 129737
        },
        "2005-09": {
            "month": "2005-09",
            "price": "49.98",
            "revenue": 141990
        },
        "2005-10": {
            "month": "2005-10",
            "price": "43.67",
            "revenue": 154350
        },
        "2005-11": {
            "month": "2005-11",
            "price": "40.79",
            "revenue": 161920
        },
        "2005-12": {
            "month": "2005-12",
            "price": "45.90",
            "revenue": 152360
        },
        "2006-01": {
            "month": "2006-01",
            "price": "62.79",
            "revenue": 153743
        },
        "2006-02": {
            "month": "2006-02",
            "price": "63.45",
            "revenue": 135392
        },
        "2006-03": {
            "month": "2006-03",
            "price": "69.43",
            "revenue": 160321
        },
        "2006-04": {
            "month": "2006-04",
            "price": "70.74",
            "revenue": 146231
        },
        "2006-05": {
            "month": "2006-05",
            "price": "66.40",
            "revenue": 130680
        },
        "2006-06": {
            "month": "2006-06",
            "price": "58.93",
            "revenue": 150077
        },
        "2006-07": {
            "month": "2006-07",
            "price": "59.15",
            "revenue": 117914
        },
        "2006-08": {
            "month": "2006-08",
            "price": "57.82",
            "revenue": 200473
        },
        "2006-09": {
            "month": "2006-09",
            "price": "56.74",
            "revenue": 214768
        },
        "2006-10": {
            "month": "2006-10",
            "price": "58.68",
            "revenue": 204306
        },
        "2006-11": {
            "month": "2006-11",
            "price": "58.25",
            "revenue": 221238
        },
        "2006-12": {
            "month": "2006-12",
            "price": "65.93",
            "revenue": 207177
        },
        "2007-01": {
            "month": "2007-01",
            "price": "79.86",
            "revenue": 201943
        },
        "2007-02": {
            "month": "2007-02",
            "price": "84.62",
            "revenue": 140959
        },
        "2007-03": {
            "month": "2007-03",
            "price": "89.77",
            "revenue": 202667
        },
        "2007-04": {
            "month": "2007-04",
            "price": "91.94",
            "revenue": 202198
        },
        "2007-05": {
            "month": "2007-05",
            "price": "97.17",
            "revenue": 203139
        },
        "2007-06": {
            "month": "2007-06",
            "price": "117.75",
            "revenue": 254564
        },
        "2007-07": {
            "month": "2007-07",
            "price": "151.93",
            "revenue": 264079
        },
        "2007-08": {
            "month": "2007-08",
            "price": "151.72",
            "revenue": 244719
        },
        "2007-09": {
            "month": "2007-09",
            "price": "154.69",
            "revenue": 210527
        },
        "2007-10": {
            "month": "2007-10",
            "price": "134.48",
            "revenue": 232347
        },
        "2007-11": {
            "month": "2007-11",
            "price": "106.66",
            "revenue": 244047
        },
        "2007-12": {
            "month": "2007-12",
            "price": "104.55",
            "revenue": 275539
        },
        "2008-01": {
            "month": "2008-01",
            "price": "92.55",
            "revenue": 204575
        },
        "2008-02": {
            "month": "2008-02",
            "price": "86.09",
            "revenue": 140870
        },
        "2008-03": {
            "month": "2008-03",
            "price": "104.60",
            "revenue": 184091
        },
        "2008-04": {
            "month": "2008-04",
            "price": "114.31",
            "revenue": 195049
        },
        "2008-05": {
            "month": "2008-05",
            "price": "105.33",
            "revenue": 190958
        },
        "2008-06": {
            "month": "2008-06",
            "price": "94.64",
            "revenue": 180316
        },
        "2008-07": {
            "month": "2008-07",
            "price": "76.02",
            "revenue": 224996
        },
        "2008-08": {
            "month": "2008-08",
            "price": "77.48",
            "revenue": 253211
        },
        "2008-09": {
            "month": "2008-09",
            "price": "60.82",
            "revenue": 208839
        },
        "2008-10": {
            "month": "2008-10",
            "price": "44.34",
            "revenue": 185050
        },
        "2008-11": {
            "month": "2008-11",
            "price": "40.39",
            "revenue": 185383
        },
        "2008-12": {
            "month": "2008-12",
            "price": "44.02",
            "revenue": 168868
        },
        "2009-01": {
            "month": "2009-01",
            "price": "44.84",
            "revenue": 150858
        },
        "2009-02": {
            "month": "2009-02",
            "price": "43.52",
            "revenue": 152041
        },
        "2009-03": {
            "month": "2009-03",
            "price": "48.10",
            "revenue": 170332
        },
        "2009-04": {
            "month": "2009-04",
            "price": "56.52",
            "revenue": 203240
        },
        "2009-05": {
            "month": "2009-05",
            "price": "67.24",
            "revenue": 202118
        },
        "2009-06": {
            "month": "2009-06",
            "price": "66.34",
            "revenue": 221550
        },
        "2009-07": {
            "month": "2009-07",
            "price": "78.16",
            "revenue": 252358
        },
        "2009-08": {
            "month": "2009-08",
            "price": "81.52",
            "revenue": 262082
        },
        "2009-09": {
            "month": "2009-09",
            "price": "88.34",
            "revenue": 221483
        },
        "2009-10": {
            "month": "2009-10",
            "price": "83.06",
            "revenue": 210224
        },
        "2009-11": {
            "month": "2009-11",
            "price": "79.80",
            "revenue": 185783
        },
        "2009-12": {
            "month": "2009-12",
            "price": "82.95",
            "revenue": 151720
        },
        "2010-01": {
            "month": "2010-01",
            "price": "83.48",
            "revenue": 181491
        },
        "2010-02": {
            "month": "2010-02",
            "price": "77.34",
            "revenue": 182522
        },
        "2010-03": {
            "month": "2010-03",
            "price": "81.49",
            "revenue": 206637
        },
        "2010-04": {
            "month": "2010-04",
            "price": "85.58",
            "revenue": 281614
        },
        "2010-05": {
            "month": "2010-05",
            "price": "88.90",
            "revenue": 302256
        },
        "2010-06": {
            "month": "2010-06",
            "price": "86.35",
            "revenue": 310531
        },
        "2010-07": {
            "month": "2010-07",
            "price": "86.82",
            "revenue": 332514
        },
        "2010-08": {
            "month": "2010-08",
            "price": "87.82",
            "revenue": 341654
        },
        "2010-09": {
            "month": "2010-09",
            "price": "83.24",
            "revenue": 301055
        },
        "2010-10": {
            "month": "2010-10",
            "price": "80.28",
            "revenue": 272284
        },
        "2010-11": {
            "month": "2010-11",
            "price": "78.08",
            "revenue": 252824
        },
        "2010-12": {
            "month": "2010-12",
            "price": "79.84",
            "revenue": 183706
        },
        "2011-01": {
            "month": "2011-01",
            "price": "80.96",
            "revenue": 220191
        },
        "2011-02": {
            "month": "2011-02",
            "price": "79.59",
            "revenue": 203835
        },
        "2011-03": {
            "month": "2011-03",
            "price": "78.59",
            "revenue": 233777
        },
        "2011-04": {
            "month": "2011-04",
            "price": "82.89",
            "revenue": 302080
        },
        "2011-05": {
            "month": "2011-05",
            "price": "86.51",
            "revenue": 315005
        },
        "2011-06": {
            "month": "2011-06",
            "price": "86.22",
            "revenue": 297283
        },
        "2011-07": {
            "month": "2011-07",
            "price": "83.49",
            "revenue": 241981
        },
        "2011-08": {
            "month": "2011-08",
            "price": "69.95",
            "revenue": 244535
        },
        "2011-09": {
            "month": "2011-09",
            "price": "60.91",
            "revenue": 191680
        },
        "2011-10": {
            "month": "2011-10",
            "price": "56.30",
            "revenue": 206751
        },
        "2011-11": {
            "month": "2011-11",
            "price": "55.96",
            "revenue": 240194
        },
        "2011-12": {
            "month": "2011-12",
            "price": "53.94",
            "revenue": 208876
        },
        "2012-01": {
            "month": "2012-01",
            "price": "58.28",
            "revenue": 226366
        },
        "2012-02": {
            "month": "2012-02",
            "price": "66.77",
            "revenue": 274510
        },
        "2012-03": {
            "month": "2012-03",
            "price": "73.11",
            "revenue": 297962
        },
        "2012-04": {
            "month": "2012-04",
            "price": "71.41",
            "revenue": 310909
        },
        "2012-05": {
            "month": "2012-05",
            "price": "70.24",
            "revenue": 311142
        },
        "2012-06": {
            "month": "2012-06",
            "price": "65.95",
            "revenue": 288637
        },
        "2012-07": {
            "month": "2012-07",
            "price": "68.21",
            "revenue": 283832
        },
        "2012-08": {
            "month": "2012-08",
            "price": "67.52",
            "revenue": 302466
        },
        "2012-09": {
            "month": "2012-09",
            "price": "64.96",
            "revenue": 275753
        },
        "2012-10": {
            "month": "2012-10",
            "price": "62.97",
            "revenue": 279214
        },
        "2012-11": {
            "month": "2012-11",
            "price": "62.91",
            "revenue": 280341
        },
        "2012-12": {
            "month": "2012-12",
            "price": "66.53",
            "revenue": 301483
        },
        "2013-01": {
            "month": "2013-01",
            "price": "70.35",
            "revenue": 358001
        },
        "2013-02": {
            "month": "2013-02",
            "price": "73.58",
            "revenue": 280111
        },
        "2013-03": {
            "month": "2013-03",
            "price": "77.15",
            "revenue": 316144
        },
        "2013-04": {
            "month": "2013-04",
            "price": "75.96",
            "revenue": 343712
        },
        "2013-05": {
            "month": "2013-05",
            "price": "88.60",
            "revenue": 356261
        },
        "2013-06": {
            "month": "2013-06",
            "price": "94.01",
            "revenue": 369781
        },
        "2013-07": {
            "month": "2013-07",
            "price": "112.46",
            "revenue": 315960
        },
        "2013-08": {
            "month": "2013-08",
            "price": "101.92",
            "revenue": 353874
        },
        "2013-09": {
            "month": "2013-09",
            "price": "96.94",
            "revenue": 380122
        },
        "2013-10": {
            "month": "2013-10",
            "price": "100.53",
            "revenue": 334010
        },
        "2013-11": {
            "month": "2013-11",
            "price": "103.00",
            "revenue": 332982
        },
        "2013-12": {
            "month": "2013-12",
            "price": "114.18",
            "revenue": 324868
        },
        "2014-01": {
            "month": "2014-01",
            "price": "109.39",
            "revenue": 320321
        },
        "2014-02": {
            "month": "2014-02",
            "price": "108.29",
            "revenue": 319116
        },
        "2014-03": {
            "month": "2014-03",
            "price": "124.76",
            "revenue": 353884
        },
        "2014-04": {
            "month": "2014-04",
            "price": "119.60",
            "revenue": 378932
        },
        "2014-05": {
            "month": "2014-05",
            "price": "117.71",
            "revenue": 401240
        },
        "2014-06": {
            "month": "2014-06",
            "price": "131.38",
            "revenue": 408385
        },
        "2014-07": {
            "month": "2014-07",
            "price": "133.84",
            "revenue": 419492
        },
        "2014-08": {
            "month": "2014-08",
            "price": "126.60",
            "revenue": 450619
        },
        "2014-09": {
            "month": "2014-09",
            "price": "118.86",
            "revenue": 449199
        },
        "2014-10": {
            "month": "2014-10",
            "price": "111.77",
            "revenue": 440576
        },
        "2014-11": {
            "month": "2014-11",
            "price": "111.52",
            "revenue": 401506
        },
        "2014-12": {
            "month": "2014-12",
            "price": "109.98",
            "revenue": 405680
        },
        "2015-01": {
            "month": "2015-01",
            "price": "111.88",
            "revenue": 406758
        },
        "2015-02": {
            "month": "2015-02",
            "price": "116.62",
            "revenue": 323748
        },
        "2015-03": {
            "month": "2015-03",
            "price": "124.84",
            "revenue": 447417
        },
        "2015-04": {
            "month": "2015-04",
            "price": "127.60",
            "revenue": 427435
        },
        "2015-05": {
            "month": "2015-05",
            "price": "123.32",
            "revenue": 505178
        },
        "2015-06": {
            "month": "2015-06",
            "price": "127.29",
            "revenue": 465256
        },
        "2015-07": {
            "month": "2015-07",
            "price": "119.27",
            "revenue": 459010
        },
        "2015-08": {
            "month": "2015-08",
            "price": "102.73",
            "revenue": 405706
        },
        "2015-09": {
            "month": "2015-09",
            "price": "93.05",
            "revenue": 405430
        },
        "2015-10": {
            "month": "2015-10",
            "price": "101.91",
            "revenue": 425226
        },
        "2015-11": {
            "month": "2015-11",
            "price": "99.99",
            "revenue": 450096
        },
        "2015-12": {
            "month": "2015-12",
            "price": "94.48",
            "revenue": 488725
        },
        "2016-01": {
            "month": "2016-01",
            "price": "95.14",
            "revenue": 535639
        },
        "2016-02": {
            "month": "2016-02",
            "price": "106.33",
            "revenue": 383471
        },
        "2016-03": {
            "month": "2016-03",
            "price": "112.26",
            "revenue": 424583
        },
        "2016-04": {
            "month": "2016-04",
            "price": "108.84",
            "revenue": 442355
        },
        "2016-05": {
            "month": "2016-05",
            "price": "109.17",
            "revenue": 468313
        },
        "2016-06": {
            "month": "2016-06",
            "price": "107.88",
            "revenue": 510043
        },
        "2016-07": {
            "month": "2016-07",
            "price": "104.32",
            "revenue": 509485
        },
        "2016-08": {
            "month": "2016-08",
            "price": "109.61",
            "revenue": 502571
        },
        "2016-09": {
            "month": "2016-09",
            "price": "109.79",
            "revenue": 438950
        },
        "2016-10": {
            "month": "2016-10",
            "price": "106.02",
            "revenue": 461680
        },
        "2016-11": {
            "month": "2016-11",
            "price": "95.26",
            "revenue": 491602
        },
        "2016-12": {
            "month": "2016-12",
            "price": "96.34",
            "revenue": 472844
        },
        "2017-01": {
            "month": "2017-01",
            "price": "97.28",
            "revenue": 467207
        },
        "2017-02": {
            "month": "2017-02",
            "price": "101.29",
            "revenue": 439331
        },
        "2017-03": {
            "month": "2017-03",
            "price": "101.57",
            "revenue": 613507
        },
        "2017-04": {
            "month": "2017-04",
            "price": "100.72",
            "revenue": 565415
        },
        "2017-05": {
            "month": "2017-05",
            "price": "100.70",
            "revenue": 616616
        },
        "2017-06": {
            "month": "2017-06",
            "price": "100.33",
            "revenue": 603163
        },
        "2017-07": {
            "month": "2017-07",
            "price": "98.09",
            "revenue": 587696
        },
        "2017-08": {
            "month": "2017-08",
            "price": "94.43",
            "revenue": 474592
        },
        "2017-09": {
            "month": "2017-09",
            "price": "90.36",
            "revenue": 484179
        },
        "2017-10": {
            "month": "2017-10",
            "price": "88.02",
            "revenue": 508059
        },
        "2017-11": {
            "month": "2017-11",
            "price": "86.15",
            "revenue": 471200
        },
        "2017-12": {
            "month": "2017-12",
            "price": "81.53",
            "revenue": 734351
        },
        "2018-01": {
            "month": "2018-01",
            "price": "84.03",
            "revenue": 609019
        },
        "2018-02": {
            "month": "2018-02",
            "price": "82.13",
            "revenue": 464119
        },
        "2018-03": {
            "month": "2018-03",
            "price": "81.63",
            "revenue": 656299
        },
        "2018-04": {
            "month": "2018-04",
            "price": "79.45",
            "revenue": 720253
        },
        "2018-05": {
            "month": "2018-05",
            "price": "79.12",
            "revenue": 692711
        },
        "2018-06": {
            "month": "2018-06",
            "price": "79.46",
            "revenue": 724046
        },
        "2018-07": {
            "month": "2018-07",
            "price": "77.55",
            "revenue": 542022
        },
        "2018-08": {
            "month": "2018-08",
            "price": "76.10",
            "revenue": 579549
        },
        "2018-09": {
            "month": "2018-09",
            "price": "75.63",
            "revenue": 425687
        },
        "2018-10": {
            "month": "2018-10",
            "price": "71.67",
            "revenue": 479913
        },
        "2018-11": {
            "month": "2018-11",
            "price": "70.06",
            "revenue": 351375
        },
        "2018-12": {
            "month": "2018-12",
            "price": "69.60",
            "revenue": 324771
        },
        "2019-01": {
            "month": "2019-01",
            "price": "68.79",
            "revenue": 557205
        },
        "2019-02": {
            "month": "2019-02",
            "price": "72.26",
            "revenue": 358154
        },
        "2019-03": {
            "month": "2019-03",
            "price": "75.92",
            "revenue": 518630
        },
        "2019-04": {
            "month": "2019-04",
            "price": "79.40",
            "revenue": 469629
        },
        "2019-05": {
            "month": "2019-05",
            "price": "78.55",
            "revenue": 460252
        },
        "2019-06": {
            "month": "2019-06",
            "price": "80.01",
            "revenue": 466570
        },
        "2019-07": {
            "month": "2019-07",
            "price": "77.57",
            "revenue": 423218
        },
        "2019-08": {
            "month": "2019-08",
            "price": "73.52",
            "revenue": 411526
        },
        "2019-09": {
            "month": "2019-09",
            "price": "73.60",
            "revenue": 400209
        },
        "2019-10": {
            "month": "2019-10",
            "price": "71.88",
            "revenue": 464916
        },
        "2019-11": {
            "month": "2019-11",
            "price": "69.56",
            "revenue": 365278
        },
        "2019-12": {
            "month": "2019-12",
            "price": "70.93",
            "revenue": 434885
        },
        "2020-01": {
            "month": "2020-01",
            "price": "73.13",
            "revenue": 462320
        },
        "2020-02": {
            "month": "2020-02",
            "price": "74.27",
            "revenue": 383893
        },
        "2020-03": {
            "month": "2020-03",
            "price": "64.32",
            "revenue": 410776
        },
        "2020-04": {
            "month": "2020-04",
            "price": "64.64",
            "revenue": 312149
        },
        "2020-05": {
            "month": "2020-05",
            "price": "67.87",
            "revenue": 306058
        },
        "2020-06": {
            "month": "2020-06",
            "price": "71.06",
            "revenue": 332652
        },
        "2020-07": {
            "month": "2020-07",
            "price": "69.73",
            "revenue": 386346
        },
        "2020-08": {
            "month": "2020-08",
            "price": "62.31",
            "revenue": 402577
        },
        "2020-09": {
            "month": "2020-09",
            "price": "62.69",
            "revenue": 411070
        },
        "2020-10": {
            "month": "2020-10",
            "price": "61.17",
            "revenue": 384834
        },
        "2020-11": {
            "month": "2020-11",
            "price": "61.36",
            "revenue": 349943
        },
        "2020-12": {
            "month": "2020-12",
            "price": "61.76",
            "revenue": 290373
        },
        "2021-01": {
            "month": "2021-01",
            "price": "60.74",
            "revenue": 345734
        },
        "2021-02": {
            "month": "2021-02",
            "price": "60.32",
            "revenue": 262780
        },
        "2021-03": {
            "month": "2021-03",
            "price": "63.64",
            "revenue": 466671
        },
        "2021-04": {
            "month": "2021-04",
            "price": "67.56",
            "revenue": 405638
        },
        "2021-05": {
            "month": "2021-05",
            "price": "62.55",
            "revenue": 379877
        },
        "2021-06": {
            "month": "2021-06",
            "price": "64.94",
            "revenue": 388358
        },
        "2021-07": {
            "month": "2021-07",
            "price": "68.82",
            "revenue": 396388
        },
        "2021-08": {
            "month": "2021-08",
            "price": "63.85",
            "revenue": 495119
        },
        "2021-09": {
            "month": "2021-09",
            "price": "65.18",
            "revenue": 542066
        },
        "2021-10": {
            "month": "2021-10",
            "price": "68.86",
            "revenue": 579512
        },
        "2021-11": {
            "month": "2021-11",
            "price": "71.78",
            "revenue": 598848
        },
        "2021-12": {
            "month": "2021-12",
            "price": "77.07",
            "revenue": 484299
        },
        "2022-01": {
            "month": "2022-01",
            "price": "78.41",
            "revenue": 565773
        },
        "2022-02": {
            "month": "2022-02",
            "price": "75.58",
            "revenue": 439137
        },
        "2022-03": {
            "month": "2022-03",
            "price": "73.20",
            "revenue": 508661
        },
        "2022-04": {
            "month": "2022-04",
            "price": "75.46",
            "revenue": 484957
        },
        "2022-05": {
            "month": "2022-05",
            "price": "75.48",
            "revenue": 575710
        },
        "2022-06": {
            "month": "2022-06",
            "price": "82.07",
            "revenue": 583408
        },
        "2022-07": {
            "month": "2022-07",
            "price": "88.96",
            "revenue": 463663
        },
        "2022-08": {
            "month": "2022-08",
            "price": "86.24",
            "revenue": 472430
        },
        "2022-09": {
            "month": "2022-09",
            "price": "74.82",
            "revenue": 476967
        },
        "2022-10": {
            "month": "2022-10",
            "price": "64.37",
            "revenue": 458268
        },
        "2022-11": {
            "month": "2022-11",
            "price": "67.48",
            "revenue": 281019
        },
        "2022-12": {
            "month": "2022-12",
            "price": "67.09",
            "revenue": 234232
        },
        "2023-01": {
            "month": "2023-01",
            "price": "67.18",
            "revenue": 268023
        },
        "2023-02": {
            "month": "2023-02",
            "price": "70.37",
            "revenue": 243862
        },
        "2023-03": {
            "month": "2023-03",
            "price": "72.74",
            "revenue": 257859
        },
        "2023-04": {
            "month": "2023-04",
            "price": "71.94",
            "revenue": 247260
        },
        "2023-05": {
            "month": "2023-05",
            "price": "70.75",
            "revenue": 349650
        },
        "2023-06": {
            "month": "2023-06",
            "price": "72.22",
            "revenue": 324253
        },
        "2023-07": {
            "month": "2023-07",
            "price": "70.28",
            "revenue": 259168
        },
        "2023-08": {
            "month": "2023-08",
            "price": "65.30",
            "revenue": 284943
        },
        "2023-09": {
            "month": "2023-09",
            "price": "66.88",
            "revenue": 258439
        },
        "2023-10": {
            "month": "2023-10",
            "price": "65.59",
            "revenue": 350443
        },
        "2023-11": {
            "month": "2023-11",
            "price": "64.92",
            "revenue": 363531
        },
        "2023-12": {
            "month": "2023-12",
            "price": "69.21",
            "revenue": 280996
        }
    }
}
