{
    "summary": {
        "stock_name": "雷科",
        "stock_id": "6207",
        "category": "電子零組件",
        "main_business": "表面黏著元件&amp;SMD捲裝材料<br>雷射修整機、陶瓷基板雷射切割機、劃線、鑽孔<br>自動光學檢查系統、迴銲爐",
        "website_url": "http://www.lasertek.com.tw",
        "ceo": "黃萌義",
        "pe_ratio": 30,
        "report_year_from": 2001,
        "report_year_to": 2023,
        "age": 23,
        "eps_negative_percentage": 0,
        "eps_growth_avg": {
            "last_all": 10.36,
            "last_2y": 11.84,
            "last_4y": -3.61,
            "last_8y": 7.79,
            "last_12y": -0.82,
            "last_16y": 5.92,
            "last_20y": 6.1,
            "at_2006_last_3y": 6.84,
            "at_2007_last_3y": 8.07,
            "at_2008_last_3y": -7.61,
            "at_2009_last_3y": 27.83,
            "at_2010_last_3y": 27.83,
            "at_2011_last_3y": 17.39,
            "at_2012_last_3y": 21.83,
            "at_2013_last_3y": -20.18,
            "at_2014_last_3y": -20.18,
            "at_2015_last_3y": -4.27,
            "at_2016_last_3y": 3.92,
            "at_2017_last_3y": 35.53,
            "at_2018_last_3y": 22.03,
            "at_2019_last_3y": -1.86,
            "at_2020_last_3y": 6.85,
            "at_2021_last_3y": 22.14,
            "at_2022_last_3y": 0.35,
            "at_2023_last_3y": 11.74,
            "at_2024_last_3y": 11.74,
            "at_2006_last_all": 25.47,
            "at_2007_last_all": 22.67,
            "at_2008_last_all": 8.87,
            "at_2009_last_all": 17.33,
            "at_2010_last_all": 26.52,
            "at_2011_last_all": 20.56,
            "at_2012_last_all": 13.58,
            "at_2013_last_all": 4.83,
            "at_2014_last_all": 12.15,
            "at_2015_last_all": 13.46,
            "at_2016_last_all": 11.01,
            "at_2017_last_all": 12.5,
            "at_2018_last_all": 14.47,
            "at_2019_last_all": 10.06,
            "at_2020_last_all": 10.13,
            "at_2021_last_all": 14.43,
            "at_2022_last_all": 11.78,
            "at_2023_last_all": 10.36,
            "at_2024_last_all": 10.36
        },
        "latest_eps": 1.35,
        "latest_price": 40.85,
        "latest_roe": 5.88,
        "latest_gross_margin": 29.56,
        "latest_equity": 1872067,
        "latest_revenue": 332983,
        "latest_gross_profit": 98414,
        "latest_net_income": 44101,
        "latest_debt_ratio": 55.16,
        "latest_current_ratio": 133.58,
        "latest_account_receivable_turnover_ratio": 0.81,
        "latest_inventory_turnover_ratio": 0.91,
        "latest_reinvestment_rate": 41.82,
        "latest_research_to_sale_ratio": 3.09
    },
    "eps_dividends": {
        "2001": {
            "cash": 0,
            "stock": 1.6,
            "eps": 1.04
        },
        "2002": {
            "cash": 0,
            "stock": 1.9,
            "eps": 4.8
        },
        "2003": {
            "cash": 1,
            "stock": 2,
            "eps": 4.98
        },
        "2004": {
            "cash": 0.95,
            "stock": 1.91,
            "eps": 4.42
        },
        "2005": {
            "cash": 1.51,
            "stock": 1.51,
            "eps": 1.54
        },
        "2006": {
            "cash": 1.08,
            "stock": 0,
            "eps": 3.92
        },
        "2007": {
            "cash": 2.5,
            "stock": 0.5,
            "eps": 4.26
        },
        "2008": {
            "cash": 2.8,
            "stock": 0.4,
            "eps": 1.11
        },
        "2009": {
            "cash": 0.27,
            "stock": 0.26,
            "eps": 1.96
        },
        "2010": {
            "cash": 1.15,
            "stock": 0.5,
            "eps": 3.99
        },
        "2011": {
            "cash": 1.96,
            "stock": 1.01,
            "eps": 2.67
        },
        "2012": {
            "cash": 0.75,
            "stock": 0.75,
            "eps": 1.17
        },
        "2013": {
            "cash": 0.35,
            "stock": 0.3,
            "eps": 0.1
        },
        "2014": {
            "cash": 0.7,
            "stock": 0,
            "eps": 2.03
        },
        "2015": {
            "cash": 1.86,
            "stock": 0,
            "eps": 2.65
        },
        "2016": {
            "cash": 2.5,
            "stock": 0,
            "eps": 2.03
        },
        "2017": {
            "cash": 1.5,
            "stock": 0,
            "eps": 2.74
        },
        "2018": {
            "cash": 1.8,
            "stock": 0,
            "eps": 4
        },
        "2019": {
            "cash": 2.5,
            "stock": 0,
            "eps": 1.4
        },
        "2020": {
            "cash": 1.2,
            "stock": 0,
            "eps": 1.56
        },
        "2021": {
            "cash": 1.5,
            "stock": 0,
            "eps": 3.06
        },
        "2022": {
            "cash": 1.5,
            "stock": 0,
            "eps": 1.8
        },
        "2023": {
            "cash": 1.5,
            "stock": 0,
            "eps": 1.45
        }
    },
    "dividends": {
        "2001-04-27": {
            "cash": 0,
            "stock": 1.6
        },
        "2002-04-09": {
            "cash": 0,
            "stock": 1.9
        },
        "2003-04-30": {
            "cash": 1,
            "stock": 2
        },
        "2004-02-10": {
            "cash": 0.95,
            "stock": 1.91
        },
        "2005-03-02": {
            "cash": 1.51,
            "stock": 1.51
        },
        "2006-04-27": {
            "cash": 1.08,
            "stock": 0
        },
        "2007-05-02": {
            "cash": 2.5,
            "stock": 0.5
        },
        "2008-04-16": {
            "cash": 2.8,
            "stock": 0.4
        },
        "2009-04-20": {
            "cash": 0.27,
            "stock": 0.26
        },
        "2010-04-23": {
            "cash": 1.15,
            "stock": 0.5
        },
        "2011-04-18": {
            "cash": 1.96,
            "stock": 1.01
        },
        "2012-06-19": {
            "cash": 0.75,
            "stock": 0.75
        },
        "2013-06-18": {
            "cash": 0.35,
            "stock": 0.3
        },
        "2014-09-25": {
            "cash": 0.7,
            "stock": 0
        },
        "2015-08-31": {
            "cash": 1.86,
            "stock": 0
        },
        "2016-07-28": {
            "cash": 2.5,
            "stock": 0
        },
        "2017-08-31": {
            "cash": 1.5,
            "stock": 0
        },
        "2018-08-31": {
            "cash": 1.8,
            "stock": 0
        },
        "2019-08-29": {
            "cash": 2.5,
            "stock": 0
        },
        "2020-09-04": {
            "cash": 1.2,
            "stock": 0
        },
        "2021-09-17": {
            "cash": 1.5,
            "stock": 0
        },
        "2022-08-30": {
            "cash": 1.5,
            "stock": 0
        },
        "2023-08-08": {
            "cash": 1.5,
            "stock": 0
        }
    },
    "prices": {
        "200101": "無",
        "200102": "無",
        "200103": "無",
        "200104": "無",
        "200105": "無",
        "200106": "無",
        "200107": "無",
        "200108": "無",
        "200109": "無",
        "200110": "無",
        "200111": "無",
        "200112": "無",
        "200201": "無",
        "200202": "無",
        "200203": "無",
        "200204": "無",
        "200205": "無",
        "200206": "無",
        "200207": "無",
        "200208": "無",
        "200209": "無",
        "200210": "無",
        "200211": "無",
        "200212": "42.94",
        "200301": "41.53",
        "200302": "39.89",
        "200303": "38.90",
        "200304": "39.27",
        "200305": "41.69",
        "200306": "46.00",
        "200307": "49.86",
        "200308": "46.73",
        "200309": "44.64",
        "200310": "42.61",
        "200311": "45.94",
        "200312": "51.76",
        "200401": "58.17",
        "200402": "58.92",
        "200403": "57.59",
        "200404": "64.66",
        "200405": "52.15",
        "200406": "49.80",
        "200407": "38.80",
        "200408": "33.22",
        "200409": "32.23",
        "200410": "26.80",
        "200411": "27.43",
        "200412": "26.60",
        "200501": "25.53",
        "200502": "27.63",
        "200503": "29.94",
        "200504": "28.11",
        "200505": "23.49",
        "200506": "24.31",
        "200507": "23.20",
        "200508": "18.53",
        "200509": "16.28",
        "200510": "15.59",
        "200511": "15.73",
        "200512": "19.37",
        "200601": "21.87",
        "200602": "23.00",
        "200603": "22.92",
        "200604": "27.50",
        "200605": "30.96",
        "200606": "26.17",
        "200607": "26.92",
        "200608": "27.67",
        "200609": "30.04",
        "200610": "32.61",
        "200611": "35.07",
        "200612": "43.37",
        "200701": "44.19",
        "200702": "46.39",
        "200703": "46.98",
        "200704": "49.17",
        "200705": "49.70",
        "200706": "50.54",
        "200707": "55.05",
        "200708": "52.21",
        "200709": "53.23",
        "200710": "49.61",
        "200711": "41.83",
        "200712": "42.98",
        "200801": "46.50",
        "200802": "41.64",
        "200803": "43.47",
        "200804": "43.01",
        "200805": "41.57",
        "200806": "32.55",
        "200807": "25.99",
        "200808": "20.24",
        "200809": "17.03",
        "200810": "16.05",
        "200811": "15.44",
        "200812": "13.72",
        "200901": "13.34",
        "200902": "12.98",
        "200903": "15.60",
        "200904": "16.82",
        "200905": "15.10",
        "200906": "14.11",
        "200907": "15.45",
        "200908": "18.02",
        "200909": "23.18",
        "200910": "25.12",
        "200911": "23.22",
        "200912": "25.28",
        "201001": "31.93",
        "201002": "31.04",
        "201003": "34.85",
        "201004": "37.89",
        "201005": "39.83",
        "201006": "42.93",
        "201007": "49.00",
        "201008": "47.20",
        "201009": "45.77",
        "201010": "45.35",
        "201011": "44.28",
        "201012": "50.24",
        "201101": "51.62",
        "201102": "49.29",
        "201103": "48.11",
        "201104": "49.27",
        "201105": "51.54",
        "201106": "48.83",
        "201107": "46.86",
        "201108": "44.25",
        "201109": "40.43",
        "201110": "34.49",
        "201111": "30.88",
        "201112": "26.71",
        "201201": "26.65",
        "201202": "31.84",
        "201203": "34.11",
        "201204": "28.10",
        "201205": "27.17",
        "201206": "25.93",
        "201207": "26.33",
        "201208": "25.64",
        "201209": "23.99",
        "201210": "22.15",
        "201211": "19.38",
        "201212": "20.94",
        "201301": "21.05",
        "201302": "21.76",
        "201303": "23.68",
        "201304": "21.37",
        "201305": "21.28",
        "201306": "20.88",
        "201307": "20.50",
        "201308": "18.49",
        "201309": "17.96",
        "201310": "17.57",
        "201311": "16.61",
        "201312": "16.72",
        "201401": "18.69",
        "201402": "19.80",
        "201403": "20.31",
        "201404": "19.18",
        "201405": "18.36",
        "201406": "22.32",
        "201407": "26.87",
        "201408": "23.98",
        "201409": "24.12",
        "201410": "22.46",
        "201411": "23.03",
        "201412": "25.25",
        "201501": "29.36",
        "201502": "29.62",
        "201503": "28.58",
        "201504": "27.32",
        "201505": "28.48",
        "201506": "29.14",
        "201507": "27.44",
        "201508": "22.78",
        "201509": "23.51",
        "201510": "26.04",
        "201511": "28.55",
        "201512": "27.26",
        "201601": "23.77",
        "201602": "24.38",
        "201603": "26.15",
        "201604": "25.86",
        "201605": "23.76",
        "201606": "23.97",
        "201607": "21.51",
        "201608": "21.12",
        "201609": "20.88",
        "201610": "21.82",
        "201611": "20.74",
        "201612": "20.90",
        "201701": "23.03",
        "201702": "24.86",
        "201703": "27.93",
        "201704": "33.95",
        "201705": "34.00",
        "201706": "31.03",
        "201707": "29.21",
        "201708": "29.00",
        "201709": "31.47",
        "201710": "30.49",
        "201711": "29.98",
        "201712": "29.45",
        "201801": "31.16",
        "201802": "29.43",
        "201803": "30.34",
        "201804": "30.94",
        "201805": "31.99",
        "201806": "40.59",
        "201807": "48.59",
        "201808": "40.48",
        "201809": "38.75",
        "201810": "31.22",
        "201811": "30.10",
        "201812": "30.12",
        "201901": "28.61",
        "201902": "30.15",
        "201903": "30.08",
        "201904": "31.06",
        "201905": "28.99",
        "201906": "28.38",
        "201907": "28.91",
        "201908": "24.99",
        "201909": "25.11",
        "201910": "25.80",
        "201911": "24.86",
        "201912": "24.84",
        "202001": "25.21",
        "202002": "23.79",
        "202003": "20.06",
        "202004": "21.48",
        "202005": "23.22",
        "202006": "23.76",
        "202007": "24.00",
        "202008": "23.34",
        "202009": "24.41",
        "202010": "24.07",
        "202011": "24.40",
        "202012": "28.27",
        "202101": "28.04",
        "202102": "27.37",
        "202103": "29.84",
        "202104": "34.14",
        "202105": "29.06",
        "202106": "31.17",
        "202107": "33.20",
        "202108": "32.39",
        "202109": "29.85",
        "202110": "29.00",
        "202111": "31.11",
        "202112": "34.75",
        "202201": "37.62",
        "202202": "36.55",
        "202203": "34.51",
        "202204": "32.48",
        "202205": "29.37",
        "202206": "28.49",
        "202207": "25.85",
        "202208": "27.10",
        "202209": "27.05",
        "202210": "24.73",
        "202211": "26.03",
        "202212": "26.61",
        "202301": "25.93",
        "202302": "26.48",
        "202303": "28.05",
        "202304": "28.04",
        "202305": "27.93",
        "202306": "29.66",
        "202307": "31.41",
        "202308": "31.80",
        "202309": "31.01",
        "202310": "29.78",
        "202311": "30.06",
        "202312": "32.32"
    },
    "quarters": {
        "20011": {
            "year_quarter": 20011,
            "year": 2001,
            "quarter": 1,
            "eps": null,
            "eps_growth_year": null,
            "eps_4q": null,
            "eps_4q_growth_year": null,
            "roe": null,
            "roe_4q": 0,
            "gross_profit": null,
            "gross_margin": null,
            "gross_margin_4q_avg": 0,
            "net_income": null,
            "net_income_4q": null,
            "revenue": null,
            "revenue_4q": null,
            "common_shares": null,
            "book_valuer_per_share": null,
            "book_valuer_per_share_4q_avg": 0,
            "equity": null,
            "current_ratio": null,
            "debt_ratio": null,
            "inventory_turnover_ratio": null,
            "account_receivable_turnover_ratio": null,
            "reinvestment_rate": null,
            "research_to_sale_ratio": null,
            "price_fair": 0,
            "eps_avg_yearly": 0,
            "eps_latest_yearly": 0,
            "eps_growth_yearly": 0
        },
        "20012": {
            "year_quarter": 20012,
            "year": 2001,
            "quarter": 2,
            "eps": null,
            "eps_growth_year": null,
            "eps_4q": null,
            "eps_4q_growth_year": null,
            "roe": null,
            "roe_4q": 0,
            "gross_profit": null,
            "gross_margin": null,
            "gross_margin_4q_avg": 0,
            "net_income": null,
            "net_income_4q": null,
            "revenue": null,
            "revenue_4q": null,
            "common_shares": null,
            "book_valuer_per_share": null,
            "book_valuer_per_share_4q_avg": 0,
            "equity": null,
            "current_ratio": null,
            "debt_ratio": null,
            "inventory_turnover_ratio": null,
            "account_receivable_turnover_ratio": null,
            "reinvestment_rate": null,
            "research_to_sale_ratio": null,
            "price_fair": 0,
            "eps_avg_yearly": 0,
            "eps_latest_yearly": 0,
            "eps_growth_yearly": 0
        },
        "20013": {
            "year_quarter": 20013,
            "year": 2001,
            "quarter": 3,
            "eps": 0.59,
            "eps_growth_year": null,
            "eps_4q": null,
            "eps_4q_growth_year": null,
            "roe": 4.45,
            "roe_4q": 4.45,
            "gross_profit": 26797,
            "gross_margin": 29.11,
            "gross_margin_4q_avg": 9.7,
            "net_income": 12568,
            "net_income_4q": null,
            "revenue": 92045,
            "revenue_4q": null,
            "common_shares": 212170,
            "book_valuer_per_share": 13.32,
            "book_valuer_per_share_4q_avg": 4.44,
            "equity": 282687,
            "current_ratio": 204.63,
            "debt_ratio": 43.73,
            "inventory_turnover_ratio": null,
            "account_receivable_turnover_ratio": null,
            "reinvestment_rate": null,
            "research_to_sale_ratio": null,
            "price_fair": 0,
            "eps_avg_yearly": 0,
            "eps_latest_yearly": 0,
            "eps_growth_yearly": 0
        },
        "20014": {
            "year_quarter": 20014,
            "year": 2001,
            "quarter": 4,
            "eps": 0.45,
            "eps_growth_year": null,
            "eps_4q": null,
            "eps_4q_growth_year": null,
            "roe": 2.87,
            "roe_4q": 7.32,
            "gross_profit": 15083,
            "gross_margin": 14.16,
            "gross_margin_4q_avg": 10.82,
            "net_income": 8211,
            "net_income_4q": null,
            "revenue": 106516,
            "revenue_4q": null,
            "common_shares": 212170,
            "book_valuer_per_share": 13.15,
            "book_valuer_per_share_4q_avg": 6.62,
            "equity": 288626,
            "current_ratio": 193.48,
            "debt_ratio": 48.06,
            "inventory_turnover_ratio": 1.08,
            "account_receivable_turnover_ratio": null,
            "reinvestment_rate": null,
            "research_to_sale_ratio": null,
            "price_fair": 0,
            "eps_avg_yearly": 0,
            "eps_latest_yearly": 0,
            "eps_growth_yearly": 0
        },
        "20021": {
            "year_quarter": 20021,
            "year": 2002,
            "quarter": 1,
            "eps": 1.09,
            "eps_growth_year": null,
            "eps_4q": null,
            "eps_4q_growth_year": null,
            "roe": 7.86,
            "roe_4q": 15.18,
            "gross_profit": 22312,
            "gross_margin": 22.07,
            "gross_margin_4q_avg": 16.34,
            "net_income": 23191,
            "net_income_4q": null,
            "revenue": 101098,
            "revenue_4q": null,
            "common_shares": 212170,
            "book_valuer_per_share": 14.22,
            "book_valuer_per_share_4q_avg": 10.17,
            "equity": 301657,
            "current_ratio": 260.8,
            "debt_ratio": 33.48,
            "inventory_turnover_ratio": 1.14,
            "account_receivable_turnover_ratio": null,
            "reinvestment_rate": null,
            "research_to_sale_ratio": null,
            "price_fair": 152.6,
            "eps_avg_yearly": 4.36,
            "eps_latest_yearly": 4.36,
            "eps_growth_yearly": 568.89
        },
        "20022": {
            "year_quarter": 20022,
            "year": 2002,
            "quarter": 2,
            "eps": 1.25,
            "eps_growth_year": null,
            "eps_4q": 2.98,
            "eps_4q_growth_year": null,
            "roe": 8.96,
            "roe_4q": 24.14,
            "gross_profit": 27991,
            "gross_margin": 19.34,
            "gross_margin_4q_avg": 21.17,
            "net_income": 31862,
            "net_income_4q": null,
            "revenue": 144752,
            "revenue_4q": null,
            "common_shares": 304482,
            "book_valuer_per_share": 13.45,
            "book_valuer_per_share_4q_avg": 13.54,
            "equity": 409430,
            "current_ratio": 253.45,
            "debt_ratio": 35.01,
            "inventory_turnover_ratio": 1.8,
            "account_receivable_turnover_ratio": null,
            "reinvestment_rate": null,
            "research_to_sale_ratio": null,
            "price_fair": 163.8,
            "eps_avg_yearly": 4.68,
            "eps_latest_yearly": 5,
            "eps_growth_yearly": 313.8
        },
        "20023": {
            "year_quarter": 20023,
            "year": 2002,
            "quarter": 3,
            "eps": 1.48,
            "eps_growth_year": 150.85,
            "eps_4q": 3.81,
            "eps_4q_growth_year": null,
            "roe": 9.36,
            "roe_4q": 29.05,
            "gross_profit": 46323,
            "gross_margin": 27.55,
            "gross_margin_4q_avg": 20.78,
            "net_income": 40132,
            "net_income_4q": null,
            "revenue": 168142,
            "revenue_4q": null,
            "common_shares": 304482,
            "book_valuer_per_share": 14.7,
            "book_valuer_per_share_4q_avg": 13.88,
            "equity": 447661,
            "current_ratio": 196.47,
            "debt_ratio": 42.52,
            "inventory_turnover_ratio": 1.55,
            "account_receivable_turnover_ratio": null,
            "reinvestment_rate": null,
            "research_to_sale_ratio": null,
            "price_fair": 178.27,
            "eps_avg_yearly": 5.09,
            "eps_latest_yearly": 5.92,
            "eps_growth_yearly": 233.73
        },
        "20024": {
            "year_quarter": 20024,
            "year": 2002,
            "quarter": 4,
            "eps": 0.98,
            "eps_growth_year": 117.78,
            "eps_4q": 4.38,
            "eps_4q_growth_year": null,
            "roe": 5.83,
            "roe_4q": 32.01,
            "gross_profit": 45622,
            "gross_margin": 31.35,
            "gross_margin_4q_avg": 25.08,
            "net_income": 27452,
            "net_income_4q": null,
            "revenue": 145528,
            "revenue_4q": null,
            "common_shares": 304482,
            "book_valuer_per_share": 15.74,
            "book_valuer_per_share_4q_avg": 14.53,
            "equity": 493774,
            "current_ratio": 216.23,
            "debt_ratio": 45.57,
            "inventory_turnover_ratio": 1.05,
            "account_receivable_turnover_ratio": null,
            "reinvestment_rate": null,
            "research_to_sale_ratio": null,
            "price_fair": 168,
            "eps_avg_yearly": 4.8,
            "eps_latest_yearly": 3.92,
            "eps_growth_yearly": 141.52
        },
        "20031": {
            "year_quarter": 20031,
            "year": 2003,
            "quarter": 1,
            "eps": 1.01,
            "eps_growth_year": -7.34,
            "eps_4q": 4.28,
            "eps_4q_growth_year": null,
            "roe": 6.11,
            "roe_4q": 30.26,
            "gross_profit": 35866,
            "gross_margin": 25.87,
            "gross_margin_4q_avg": 26.03,
            "net_income": 30753,
            "net_income_4q": null,
            "revenue": 138663,
            "revenue_4q": null,
            "common_shares": 304482,
            "book_valuer_per_share": 16.82,
            "book_valuer_per_share_4q_avg": 15.18,
            "equity": 512072,
            "current_ratio": 254.15,
            "debt_ratio": 33.36,
            "inventory_turnover_ratio": 1.19,
            "account_receivable_turnover_ratio": null,
            "reinvestment_rate": null,
            "research_to_sale_ratio": null,
            "price_fair": 162.68,
            "eps_avg_yearly": 4.65,
            "eps_latest_yearly": 4.04,
            "eps_growth_yearly": 115.66
        },
        "20032": {
            "year_quarter": 20032,
            "year": 2003,
            "quarter": 2,
            "eps": 1.3,
            "eps_growth_year": 4,
            "eps_4q": 4.53,
            "eps_4q_growth_year": 52.39,
            "roe": 7.71,
            "roe_4q": 29.009999999999998,
            "gross_profit": 36331,
            "gross_margin": 21.34,
            "gross_margin_4q_avg": 26.53,
            "net_income": 39534,
            "net_income_4q": null,
            "revenue": 170260,
            "revenue_4q": null,
            "common_shares": 304482,
            "book_valuer_per_share": 16.87,
            "book_valuer_per_share_4q_avg": 16.03,
            "equity": 513671,
            "current_ratio": 184.2,
            "debt_ratio": 40.29,
            "inventory_turnover_ratio": 1.8,
            "account_receivable_turnover_ratio": null,
            "reinvestment_rate": null,
            "research_to_sale_ratio": null,
            "price_fair": 165.9,
            "eps_avg_yearly": 4.74,
            "eps_latest_yearly": 5.2,
            "eps_growth_yearly": 115.53
        },
        "20033": {
            "year_quarter": 20033,
            "year": 2003,
            "quarter": 3,
            "eps": 1.28,
            "eps_growth_year": -13.51,
            "eps_4q": 3.87,
            "eps_4q_growth_year": 1.41,
            "roe": 8.94,
            "roe_4q": 28.589999999999996,
            "gross_profit": 46067,
            "gross_margin": 21.66,
            "gross_margin_4q_avg": 25.06,
            "net_income": 48364,
            "net_income_4q": null,
            "revenue": 212633,
            "revenue_4q": null,
            "common_shares": 378878,
            "book_valuer_per_share": 14.98,
            "book_valuer_per_share_4q_avg": 16.1,
            "equity": 567703,
            "current_ratio": 287.59,
            "debt_ratio": 44.01,
            "inventory_turnover_ratio": 1.99,
            "account_receivable_turnover_ratio": null,
            "reinvestment_rate": null,
            "research_to_sale_ratio": null,
            "price_fair": 167.8,
            "eps_avg_yearly": 4.79,
            "eps_latest_yearly": 5.12,
            "eps_growth_yearly": 98.14
        },
        "20034": {
            "year_quarter": 20034,
            "year": 2003,
            "quarter": 4,
            "eps": 1.39,
            "eps_growth_year": 41.84,
            "eps_4q": 4.5,
            "eps_4q_growth_year": 2.87,
            "roe": 7.86,
            "roe_4q": 30.62,
            "gross_profit": 34663,
            "gross_margin": 18.28,
            "gross_margin_4q_avg": 21.79,
            "net_income": 52966,
            "net_income_4q": null,
            "revenue": 189606,
            "revenue_4q": null,
            "common_shares": 417869,
            "book_valuer_per_share": 17.93,
            "book_valuer_per_share_4q_avg": 16.65,
            "equity": 779364,
            "current_ratio": 201.92,
            "debt_ratio": 49.58,
            "inventory_turnover_ratio": 0.97,
            "account_receivable_turnover_ratio": null,
            "reinvestment_rate": null,
            "research_to_sale_ratio": null,
            "price_fair": 171.15,
            "eps_avg_yearly": 4.89,
            "eps_latest_yearly": 5.56,
            "eps_growth_yearly": 90.17
        },
        "20041": {
            "year_quarter": 20041,
            "year": 2004,
            "quarter": 1,
            "eps": 0.97,
            "eps_growth_year": -3.96,
            "eps_4q": 4.24,
            "eps_4q_growth_year": -0.9,
            "roe": 5.18,
            "roe_4q": 29.689999999999998,
            "gross_profit": 30869,
            "gross_margin": 15.41,
            "gross_margin_4q_avg": 19.17,
            "net_income": 41817,
            "net_income_4q": null,
            "revenue": 200300,
            "revenue_4q": null,
            "common_shares": 433069,
            "book_valuer_per_share": 19.31,
            "book_valuer_per_share_4q_avg": 17.27,
            "equity": 836406,
            "current_ratio": 243.75,
            "debt_ratio": 30.47,
            "inventory_turnover_ratio": 0.94,
            "account_receivable_turnover_ratio": null,
            "reinvestment_rate": null,
            "research_to_sale_ratio": null,
            "price_fair": 167.22,
            "eps_avg_yearly": 4.78,
            "eps_latest_yearly": 3.88,
            "eps_growth_yearly": 66.72
        },
        "20042": {
            "year_quarter": 20042,
            "year": 2004,
            "quarter": 2,
            "eps": 1.04,
            "eps_growth_year": -20,
            "eps_4q": 4.31,
            "eps_4q_growth_year": -4.94,
            "roe": 5.4,
            "roe_4q": 27.380000000000003,
            "gross_profit": 36189,
            "gross_margin": 13.13,
            "gross_margin_4q_avg": 17.12,
            "net_income": 45532,
            "net_income_4q": null,
            "revenue": 275646,
            "revenue_4q": null,
            "common_shares": 438135,
            "book_valuer_per_share": 19.42,
            "book_valuer_per_share_4q_avg": 17.91,
            "equity": 850669,
            "current_ratio": 428.75,
            "debt_ratio": 42.19,
            "inventory_turnover_ratio": 2.12,
            "account_receivable_turnover_ratio": null,
            "reinvestment_rate": null,
            "research_to_sale_ratio": null,
            "price_fair": 165.06,
            "eps_avg_yearly": 4.72,
            "eps_latest_yearly": 4.16,
            "eps_growth_yearly": 62.94
        },
        "20043": {
            "year_quarter": 20043,
            "year": 2004,
            "quarter": 3,
            "eps": 1.38,
            "eps_growth_year": 7.81,
            "eps_4q": 3.98,
            "eps_4q_growth_year": 2.95,
            "roe": 8.38,
            "roe_4q": 26.82,
            "gross_profit": 45963,
            "gross_margin": 14.49,
            "gross_margin_4q_avg": 15.33,
            "net_income": 74455,
            "net_income_4q": null,
            "revenue": 317139,
            "revenue_4q": null,
            "common_shares": 545087,
            "book_valuer_per_share": 16.99,
            "book_valuer_per_share_4q_avg": 18.41,
            "equity": 926331,
            "current_ratio": 331.09,
            "debt_ratio": 42.06,
            "inventory_turnover_ratio": 2.38,
            "account_receivable_turnover_ratio": null,
            "reinvestment_rate": null,
            "research_to_sale_ratio": null,
            "price_fair": 167.62,
            "eps_avg_yearly": 4.79,
            "eps_latest_yearly": 5.52,
            "eps_growth_yearly": 69.11
        },
        "20044": {
            "year_quarter": 20044,
            "year": 2004,
            "quarter": 4,
            "eps": 1.03,
            "eps_growth_year": -25.9,
            "eps_4q": 4.03,
            "eps_4q_growth_year": -10.47,
            "roe": 5.68,
            "roe_4q": 24.64,
            "gross_profit": 36032,
            "gross_margin": 13.86,
            "gross_margin_4q_avg": 14.22,
            "net_income": 55514,
            "net_income_4q": null,
            "revenue": 260021,
            "revenue_4q": null,
            "common_shares": 545087,
            "book_valuer_per_share": 17.85,
            "book_valuer_per_share_4q_avg": 18.39,
            "equity": 1030047,
            "current_ratio": 268.07,
            "debt_ratio": 42.45,
            "inventory_turnover_ratio": 1.19,
            "account_receivable_turnover_ratio": null,
            "reinvestment_rate": null,
            "research_to_sale_ratio": null,
            "price_fair": 165.67,
            "eps_avg_yearly": 4.73,
            "eps_latest_yearly": 4.12,
            "eps_growth_yearly": 54.89
        },
        "20051": {
            "year_quarter": 20051,
            "year": 2005,
            "quarter": 1,
            "eps": 0.08,
            "eps_growth_year": -91.75,
            "eps_4q": 3.3,
            "eps_4q_growth_year": -22.07,
            "roe": 0.44,
            "roe_4q": 19.9,
            "gross_profit": 19487,
            "gross_margin": 10.39,
            "gross_margin_4q_avg": 12.97,
            "net_income": 4357,
            "net_income_4q": null,
            "revenue": 187470,
            "revenue_4q": null,
            "common_shares": 545087,
            "book_valuer_per_share": 17.72,
            "book_valuer_per_share_4q_avg": 18,
            "equity": 966067,
            "current_ratio": 238.42,
            "debt_ratio": 36.28,
            "inventory_turnover_ratio": 0.98,
            "account_receivable_turnover_ratio": null,
            "reinvestment_rate": null,
            "research_to_sale_ratio": null,
            "price_fair": 141.88,
            "eps_avg_yearly": 4.39,
            "eps_latest_yearly": 0.32,
            "eps_growth_yearly": 22.29
        },
        "20052": {
            "year_quarter": 20052,
            "year": 2005,
            "quarter": 2,
            "eps": 0.52,
            "eps_growth_year": -50,
            "eps_4q": 2.98,
            "eps_4q_growth_year": -30.89,
            "roe": 3.06,
            "roe_4q": 17.560000000000002,
            "gross_profit": 37487,
            "gross_margin": 16.91,
            "gross_margin_4q_avg": 13.91,
            "net_income": 28414,
            "net_income_4q": null,
            "revenue": 221666,
            "revenue_4q": null,
            "common_shares": 545087,
            "book_valuer_per_share": 16.36,
            "book_valuer_per_share_4q_avg": 17.23,
            "equity": 892013,
            "current_ratio": 192.31,
            "debt_ratio": 40.32,
            "inventory_turnover_ratio": 2,
            "account_receivable_turnover_ratio": null,
            "reinvestment_rate": 42.87,
            "research_to_sale_ratio": null,
            "price_fair": 148,
            "eps_avg_yearly": 4.23,
            "eps_latest_yearly": 2.08,
            "eps_growth_yearly": 177.84
        },
        "20053": {
            "year_quarter": 20053,
            "year": 2005,
            "quarter": 3,
            "eps": 0.58,
            "eps_growth_year": -57.97,
            "eps_4q": 1.95,
            "eps_4q_growth_year": -50.93,
            "roe": 4.04,
            "roe_4q": 13.219999999999999,
            "gross_profit": 31757,
            "gross_margin": 13.33,
            "gross_margin_4q_avg": 13.62,
            "net_income": 37289,
            "net_income_4q": null,
            "revenue": 238188,
            "revenue_4q": null,
            "common_shares": 647003,
            "book_valuer_per_share": 14.75,
            "book_valuer_per_share_4q_avg": 16.67,
            "equity": 954496,
            "current_ratio": 200.29,
            "debt_ratio": 38.56,
            "inventory_turnover_ratio": 2.28,
            "account_receivable_turnover_ratio": null,
            "reinvestment_rate": 20.91,
            "research_to_sale_ratio": null,
            "price_fair": 143.55,
            "eps_avg_yearly": 4.1,
            "eps_latest_yearly": 2.32,
            "eps_growth_yearly": 169.06
        },
        "20054": {
            "year_quarter": 20054,
            "year": 2005,
            "quarter": 4,
            "eps": 0.36,
            "eps_growth_year": -65.05,
            "eps_4q": 1.44,
            "eps_4q_growth_year": -64.39,
            "roe": 2.39,
            "roe_4q": 9.93,
            "gross_profit": 32913,
            "gross_margin": 12.47,
            "gross_margin_4q_avg": 13.28,
            "net_income": 23443,
            "net_income_4q": null,
            "revenue": 263988,
            "revenue_4q": null,
            "common_shares": 647003,
            "book_valuer_per_share": 14.74,
            "book_valuer_per_share_4q_avg": 15.89,
            "equity": 1007404,
            "current_ratio": 285.59,
            "debt_ratio": 40.27,
            "inventory_turnover_ratio": 1.3,
            "account_receivable_turnover_ratio": null,
            "reinvestment_rate": 30.21,
            "research_to_sale_ratio": null,
            "price_fair": 137.73,
            "eps_avg_yearly": 3.94,
            "eps_latest_yearly": 1.44,
            "eps_growth_yearly": 149.01
        },
        "20061": {
            "year_quarter": 20061,
            "year": 2006,
            "quarter": 1,
            "eps": 0.78,
            "eps_growth_year": 875,
            "eps_4q": 2.18,
            "eps_4q_growth_year": -34.07,
            "roe": 4.94,
            "roe_4q": 14.430000000000001,
            "gross_profit": 32756,
            "gross_margin": 19.86,
            "gross_margin_4q_avg": 15.64,
            "net_income": 49767,
            "net_income_4q": null,
            "revenue": 164926,
            "revenue_4q": null,
            "common_shares": 638153,
            "book_valuer_per_share": 15.77,
            "book_valuer_per_share_4q_avg": 15.41,
            "equity": 1006384,
            "current_ratio": 190.02,
            "debt_ratio": 29.09,
            "inventory_turnover_ratio": 0.77,
            "account_receivable_turnover_ratio": null,
            "reinvestment_rate": 6.18,
            "research_to_sale_ratio": null,
            "price_fair": 135.01,
            "eps_avg_yearly": 3.86,
            "eps_latest_yearly": 3.12,
            "eps_growth_yearly": 142.62
        },
        "20062": {
            "year_quarter": 20062,
            "year": 2006,
            "quarter": 2,
            "eps": 0.89,
            "eps_growth_year": 71.15,
            "eps_4q": 2.61,
            "eps_4q_growth_year": -12.26,
            "roe": 5.74,
            "roe_4q": 17.11,
            "gross_profit": 29850,
            "gross_margin": 16.03,
            "gross_margin_4q_avg": 15.42,
            "net_income": 57076,
            "net_income_4q": null,
            "revenue": 186265,
            "revenue_4q": null,
            "common_shares": 638153,
            "book_valuer_per_share": 15.4,
            "book_valuer_per_share_4q_avg": 15.17,
            "equity": 982846,
            "current_ratio": 151.91,
            "debt_ratio": 34.12,
            "inventory_turnover_ratio": 1.95,
            "account_receivable_turnover_ratio": null,
            "reinvestment_rate": -0.43,
            "research_to_sale_ratio": null,
            "price_fair": 131.86,
            "eps_avg_yearly": 3.77,
            "eps_latest_yearly": 3.56,
            "eps_growth_yearly": 142.48
        },
        "20063": {
            "year_quarter": 20063,
            "year": 2006,
            "quarter": 3,
            "eps": 1.07,
            "eps_growth_year": 84.48,
            "eps_4q": 3.12,
            "eps_4q_growth_year": 59.69,
            "roe": 6.63,
            "roe_4q": 19.700000000000003,
            "gross_profit": 24543,
            "gross_margin": 15.41,
            "gross_margin_4q_avg": 15.94,
            "net_income": 68031,
            "net_income_4q": null,
            "revenue": 159306,
            "revenue_4q": null,
            "common_shares": 638153,
            "book_valuer_per_share": 16.77,
            "book_valuer_per_share_4q_avg": 15.67,
            "equity": 1070035,
            "current_ratio": 150.23,
            "debt_ratio": 34.21,
            "inventory_turnover_ratio": 1.81,
            "account_receivable_turnover_ratio": null,
            "reinvestment_rate": -1.86,
            "research_to_sale_ratio": null,
            "price_fair": 128.28,
            "eps_avg_yearly": 3.67,
            "eps_latest_yearly": 4.28,
            "eps_growth_yearly": 142.94
        },
        "20064": {
            "year_quarter": 20064,
            "year": 2006,
            "quarter": 4,
            "eps": 1.18,
            "eps_growth_year": 227.78,
            "eps_4q": 3.97,
            "eps_4q_growth_year": 176.71,
            "roe": 6.52,
            "roe_4q": 23.830000000000002,
            "gross_profit": 26186,
            "gross_margin": 15.28,
            "gross_margin_4q_avg": 16.65,
            "net_income": 73877,
            "net_income_4q": null,
            "revenue": 171409,
            "revenue_4q": null,
            "common_shares": 638153,
            "book_valuer_per_share": 17.78,
            "book_valuer_per_share_4q_avg": 16.43,
            "equity": 1194894,
            "current_ratio": 255.54,
            "debt_ratio": 42.76,
            "inventory_turnover_ratio": 0.84,
            "account_receivable_turnover_ratio": null,
            "reinvestment_rate": 14.9,
            "research_to_sale_ratio": null,
            "price_fair": 130.03,
            "eps_avg_yearly": 3.72,
            "eps_latest_yearly": 4.72,
            "eps_growth_yearly": 153.95
        },
        "20071": {
            "year_quarter": 20071,
            "year": 2007,
            "quarter": 1,
            "eps": 2.4,
            "eps_growth_year": 207.69,
            "eps_4q": 5.52,
            "eps_4q_growth_year": 153.32,
            "roe": 12.28,
            "roe_4q": 31.169999999999995,
            "gross_profit": 22702,
            "gross_margin": 16.72,
            "gross_margin_4q_avg": 15.86,
            "net_income": 153301,
            "net_income_4q": null,
            "revenue": 135763,
            "revenue_4q": null,
            "common_shares": 638153,
            "book_valuer_per_share": 20.4,
            "book_valuer_per_share_4q_avg": 17.59,
            "equity": 1302148,
            "current_ratio": 177.82,
            "debt_ratio": 35.33,
            "inventory_turnover_ratio": 0.65,
            "account_receivable_turnover_ratio": null,
            "reinvestment_rate": 0.64,
            "research_to_sale_ratio": null,
            "price_fair": 142.19,
            "eps_avg_yearly": 4.06,
            "eps_latest_yearly": 9.6,
            "eps_growth_yearly": 179.03
        },
        "20072": {
            "year_quarter": 20072,
            "year": 2007,
            "quarter": 2,
            "eps": 0.79,
            "eps_growth_year": -11.24,
            "eps_4q": 5.14,
            "eps_4q_growth_year": 96.58,
            "roe": 4.32,
            "roe_4q": 29.75,
            "gross_profit": 23141,
            "gross_margin": 16.66,
            "gross_margin_4q_avg": 16.02,
            "net_income": 53654,
            "net_income_4q": null,
            "revenue": 138866,
            "revenue_4q": null,
            "common_shares": 638153,
            "book_valuer_per_share": 18.51,
            "book_valuer_per_share_4q_avg": 18.37,
            "equity": 1180980,
            "current_ratio": 129.21,
            "debt_ratio": 41.26,
            "inventory_turnover_ratio": 1.74,
            "account_receivable_turnover_ratio": null,
            "reinvestment_rate": -1.01,
            "research_to_sale_ratio": null,
            "price_fair": 137.73,
            "eps_avg_yearly": 3.94,
            "eps_latest_yearly": 3.16,
            "eps_growth_yearly": 155.09
        },
        "20073": {
            "year_quarter": 20073,
            "year": 2007,
            "quarter": 3,
            "eps": 1.21,
            "eps_growth_year": 13.08,
            "eps_4q": 5.32,
            "eps_4q_growth_year": 70.62,
            "roe": 6.66,
            "roe_4q": 29.779999999999998,
            "gross_profit": 24455,
            "gross_margin": 14.44,
            "gross_margin_4q_avg": 15.78,
            "net_income": 82639,
            "net_income_4q": null,
            "revenue": 169404,
            "revenue_4q": null,
            "common_shares": 682061,
            "book_valuer_per_share": 19.06,
            "book_valuer_per_share_4q_avg": 18.94,
            "equity": 1299942,
            "current_ratio": 141.56,
            "debt_ratio": 37.54,
            "inventory_turnover_ratio": 2.42,
            "account_receivable_turnover_ratio": null,
            "reinvestment_rate": -3.21,
            "research_to_sale_ratio": null,
            "price_fair": 137.11,
            "eps_avg_yearly": 3.92,
            "eps_latest_yearly": 4.84,
            "eps_growth_yearly": 168.76
        },
        "20074": {
            "year_quarter": 20074,
            "year": 2007,
            "quarter": 4,
            "eps": -0.14,
            "eps_growth_year": -111.86,
            "eps_4q": 4.18,
            "eps_4q_growth_year": 5.11,
            "roe": -0.74,
            "roe_4q": 22.52,
            "gross_profit": 39106,
            "gross_margin": 16.9,
            "gross_margin_4q_avg": 16.18,
            "net_income": -9552,
            "net_income_4q": null,
            "revenue": 231355,
            "revenue_4q": null,
            "common_shares": 682061,
            "book_valuer_per_share": 18.44,
            "book_valuer_per_share_4q_avg": 19.1,
            "equity": 1287649,
            "current_ratio": 250.17,
            "debt_ratio": 46.95,
            "inventory_turnover_ratio": 1.34,
            "account_receivable_turnover_ratio": null,
            "reinvestment_rate": 4.52,
            "research_to_sale_ratio": null,
            "price_fair": 133.28,
            "eps_avg_yearly": 3.81,
            "eps_latest_yearly": 4.84,
            "eps_growth_yearly": 177.72
        },
        "20081": {
            "year_quarter": 20081,
            "year": 2008,
            "quarter": 1,
            "eps": 0.67,
            "eps_growth_year": -72.08,
            "eps_4q": 2.41,
            "eps_4q_growth_year": -56.26,
            "roe": 3.74,
            "roe_4q": 13.98,
            "gross_profit": 104688,
            "gross_margin": 22.51,
            "gross_margin_4q_avg": 17.63,
            "net_income": 47873,
            "net_income_4q": null,
            "revenue": 465139,
            "revenue_4q": null,
            "common_shares": 682061,
            "book_valuer_per_share": 18.21,
            "book_valuer_per_share_4q_avg": 18.56,
            "equity": 1273535,
            "current_ratio": 283.72,
            "debt_ratio": 47.53,
            "inventory_turnover_ratio": 1.58,
            "account_receivable_turnover_ratio": null,
            "reinvestment_rate": 9.48,
            "research_to_sale_ratio": null,
            "price_fair": 133.1,
            "eps_avg_yearly": 3.8,
            "eps_latest_yearly": 4.84,
            "eps_growth_yearly": 199.05
        },
        "20082": {
            "year_quarter": 20082,
            "year": 2008,
            "quarter": 2,
            "eps": 0.63,
            "eps_growth_year": -20.25,
            "eps_4q": 2.21,
            "eps_4q_growth_year": -57.04,
            "roe": 3.95,
            "roe_4q": 13.61,
            "gross_profit": 96774,
            "gross_margin": 19.75,
            "gross_margin_4q_avg": 18.4,
            "net_income": 46223,
            "net_income_4q": null,
            "revenue": 489951,
            "revenue_4q": null,
            "common_shares": 682061,
            "book_valuer_per_share": 15.08,
            "book_valuer_per_share_4q_avg": 17.7,
            "equity": 1063994,
            "current_ratio": 236,
            "debt_ratio": 52.43,
            "inventory_turnover_ratio": 1.54,
            "account_receivable_turnover_ratio": null,
            "reinvestment_rate": 9.73,
            "research_to_sale_ratio": null,
            "price_fair": 129,
            "eps_avg_yearly": 3.69,
            "eps_latest_yearly": 2.52,
            "eps_growth_yearly": 195.28
        },
        "20083": {
            "year_quarter": 20083,
            "year": 2008,
            "quarter": 3,
            "eps": 0.09,
            "eps_growth_year": -92.56,
            "eps_4q": 1.32,
            "eps_4q_growth_year": -75.1,
            "roe": 0.55,
            "roe_4q": 7.5,
            "gross_profit": 56919,
            "gross_margin": 15.3,
            "gross_margin_4q_avg": 18.62,
            "net_income": 5822,
            "net_income_4q": null,
            "revenue": 371959,
            "revenue_4q": null,
            "common_shares": 717343,
            "book_valuer_per_share": 14.18,
            "book_valuer_per_share_4q_avg": 16.48,
            "equity": 1054158,
            "current_ratio": 245.49,
            "debt_ratio": 49.88,
            "inventory_turnover_ratio": 1.07,
            "account_receivable_turnover_ratio": null,
            "reinvestment_rate": 0.03,
            "research_to_sale_ratio": null,
            "price_fair": 116.1,
            "eps_avg_yearly": 3.32,
            "eps_latest_yearly": 0.36,
            "eps_growth_yearly": 161.45
        },
        "20084": {
            "year_quarter": 20084,
            "year": 2008,
            "quarter": 4,
            "eps": -0.28,
            "eps_growth_year": null,
            "eps_4q": 1,
            "eps_4q_growth_year": -76.15,
            "roe": -1.79,
            "roe_4q": 6.45,
            "gross_profit": 36424,
            "gross_margin": 14.95,
            "gross_margin_4q_avg": 18.13,
            "net_income": -18577,
            "net_income_4q": null,
            "revenue": 243651,
            "revenue_4q": null,
            "common_shares": 717343,
            "book_valuer_per_share": 13.72,
            "book_valuer_per_share_4q_avg": 15.3,
            "equity": 1022752,
            "current_ratio": 242.13,
            "debt_ratio": 48.81,
            "inventory_turnover_ratio": 0.69,
            "account_receivable_turnover_ratio": 1.11,
            "reinvestment_rate": -10.3,
            "research_to_sale_ratio": null,
            "price_fair": 113.94,
            "eps_avg_yearly": 3.26,
            "eps_latest_yearly": 0.36,
            "eps_growth_yearly": 181.67
        },
        "20091": {
            "year_quarter": 20091,
            "year": 2009,
            "quarter": 1,
            "eps": 0.01,
            "eps_growth_year": -98.51,
            "eps_4q": 0.44,
            "eps_4q_growth_year": -81.75,
            "roe": -0.16,
            "roe_4q": 2.5500000000000003,
            "gross_profit": 22097,
            "gross_margin": 12.96,
            "gross_margin_4q_avg": 15.74,
            "net_income": -1692,
            "net_income_4q": null,
            "revenue": 170505,
            "revenue_4q": null,
            "common_shares": 695303,
            "book_valuer_per_share": 14.93,
            "book_valuer_per_share_4q_avg": 14.48,
            "equity": 1073717,
            "current_ratio": 261.63,
            "debt_ratio": 46.23,
            "inventory_turnover_ratio": 0.53,
            "account_receivable_turnover_ratio": 0.44,
            "reinvestment_rate": -3.45,
            "research_to_sale_ratio": null,
            "price_fair": 122.5,
            "eps_avg_yearly": 3.5,
            "eps_latest_yearly": 0.36,
            "eps_growth_yearly": 227.56
        },
        "20092": {
            "year_quarter": 20092,
            "year": 2009,
            "quarter": 2,
            "eps": 0.93,
            "eps_growth_year": 47.62,
            "eps_4q": 0.73,
            "eps_4q_growth_year": -66.83,
            "roe": 6.07,
            "roe_4q": 4.67,
            "gross_profit": 44545,
            "gross_margin": 14.57,
            "gross_margin_4q_avg": 14.45,
            "net_income": 66083,
            "net_income_4q": null,
            "revenue": 305665,
            "revenue_4q": null,
            "common_shares": 695303,
            "book_valuer_per_share": 15.28,
            "book_valuer_per_share_4q_avg": 14.53,
            "equity": 1104196,
            "current_ratio": 228.6,
            "debt_ratio": 47.33,
            "inventory_turnover_ratio": 1.08,
            "account_receivable_turnover_ratio": 0.74,
            "reinvestment_rate": -4.19,
            "research_to_sale_ratio": null,
            "price_fair": 127.28,
            "eps_avg_yearly": 3.64,
            "eps_latest_yearly": 3.72,
            "eps_growth_yearly": 3110.89
        },
        "20093": {
            "year_quarter": 20093,
            "year": 2009,
            "quarter": 3,
            "eps": 0.42,
            "eps_growth_year": 366.67,
            "eps_4q": 1.02,
            "eps_4q_growth_year": -23.37,
            "roe": 2.76,
            "roe_4q": 6.88,
            "gross_profit": 91237,
            "gross_margin": 21.55,
            "gross_margin_4q_avg": 16.01,
            "net_income": 30885,
            "net_income_4q": null,
            "revenue": 423305,
            "revenue_4q": null,
            "common_shares": 715918,
            "book_valuer_per_share": 15.22,
            "book_valuer_per_share_4q_avg": 14.79,
            "equity": 1132251,
            "current_ratio": 212.39,
            "debt_ratio": 51.59,
            "inventory_turnover_ratio": 1.45,
            "account_receivable_turnover_ratio": 0.78,
            "reinvestment_rate": -0.62,
            "research_to_sale_ratio": null,
            "price_fair": 125.42,
            "eps_avg_yearly": 3.58,
            "eps_latest_yearly": 1.68,
            "eps_growth_yearly": 3088.76
        },
        "20094": {
            "year_quarter": 20094,
            "year": 2009,
            "quarter": 4,
            "eps": 0.6,
            "eps_growth_year": null,
            "eps_4q": 1.95,
            "eps_4q_growth_year": 96.18,
            "roe": 3.48,
            "roe_4q": 12.15,
            "gross_profit": 93055,
            "gross_margin": 20.68,
            "gross_margin_4q_avg": 17.44,
            "net_income": 40107,
            "net_income_4q": null,
            "revenue": 449968,
            "revenue_4q": null,
            "common_shares": 715918,
            "book_valuer_per_share": 16.31,
            "book_valuer_per_share_4q_avg": 15.44,
            "equity": 1173249,
            "current_ratio": 208.71,
            "debt_ratio": 52.23,
            "inventory_turnover_ratio": 1.43,
            "account_receivable_turnover_ratio": 1.32,
            "reinvestment_rate": 175.34,
            "research_to_sale_ratio": null,
            "price_fair": 128.22,
            "eps_avg_yearly": 3.66,
            "eps_latest_yearly": 2.4,
            "eps_growth_yearly": 3115.69
        },
        "20101": {
            "year_quarter": 20101,
            "year": 2010,
            "quarter": 1,
            "eps": 1.63,
            "eps_growth_year": 16200,
            "eps_4q": 3.57,
            "eps_4q_growth_year": 711.57,
            "roe": 9.2,
            "roe_4q": 21.509999999999998,
            "gross_profit": 103696,
            "gross_margin": 20.07,
            "gross_margin_4q_avg": 19.22,
            "net_income": 112470,
            "net_income_4q": null,
            "revenue": 516562,
            "revenue_4q": null,
            "common_shares": 715918,
            "book_valuer_per_share": 17.74,
            "book_valuer_per_share_4q_avg": 16.14,
            "equity": 1272361,
            "current_ratio": 221.28,
            "debt_ratio": 48.04,
            "inventory_turnover_ratio": 1.51,
            "account_receivable_turnover_ratio": 0.7,
            "reinvestment_rate": 182.23,
            "research_to_sale_ratio": 0.83,
            "price_fair": 138.13,
            "eps_avg_yearly": 3.95,
            "eps_latest_yearly": 6.52,
            "eps_growth_yearly": 3134.03
        },
        "20102": {
            "year_quarter": 20102,
            "year": 2010,
            "quarter": 2,
            "eps": 1.03,
            "eps_growth_year": 10.41,
            "eps_4q": 3.42,
            "eps_4q_growth_year": 366.84,
            "roe": 5.93,
            "roe_4q": 21.369999999999997,
            "gross_profit": 139556,
            "gross_margin": 21,
            "gross_margin_4q_avg": 20.83,
            "net_income": 77698,
            "net_income_4q": null,
            "revenue": 664469,
            "revenue_4q": null,
            "common_shares": 715918,
            "book_valuer_per_share": 18.32,
            "book_valuer_per_share_4q_avg": 16.9,
            "equity": 1347514,
            "current_ratio": 206.17,
            "debt_ratio": 51.66,
            "inventory_turnover_ratio": 1.79,
            "account_receivable_turnover_ratio": 0.71,
            "reinvestment_rate": 190.32,
            "research_to_sale_ratio": 1.27,
            "price_fair": 139.77,
            "eps_avg_yearly": 3.99,
            "eps_latest_yearly": 4.12,
            "eps_growth_yearly": 3117.06
        },
        "20103": {
            "year_quarter": 20103,
            "year": 2010,
            "quarter": 3,
            "eps": 0.99,
            "eps_growth_year": 136.41,
            "eps_4q": 4.08,
            "eps_4q_growth_year": 302.35,
            "roe": 5.36,
            "roe_4q": 23.97,
            "gross_profit": 172313,
            "gross_margin": 22.68,
            "gross_margin_4q_avg": 21.11,
            "net_income": 75787,
            "net_income_4q": null,
            "revenue": 759616,
            "revenue_4q": null,
            "common_shares": 756595,
            "book_valuer_per_share": 19.1,
            "book_valuer_per_share_4q_avg": 17.87,
            "equity": 1480901,
            "current_ratio": 270.56,
            "debt_ratio": 54.4,
            "inventory_turnover_ratio": 1.78,
            "account_receivable_turnover_ratio": 0.72,
            "reinvestment_rate": 202.22,
            "research_to_sale_ratio": 0.63,
            "price_fair": 138.83,
            "eps_avg_yearly": 3.97,
            "eps_latest_yearly": 3.96,
            "eps_growth_yearly": 3109.02
        },
        "20104": {
            "year_quarter": 20104,
            "year": 2010,
            "quarter": 4,
            "eps": 0.34,
            "eps_growth_year": -43.43,
            "eps_4q": 3.87,
            "eps_4q_growth_year": 98.11,
            "roe": 1.89,
            "roe_4q": 22.38,
            "gross_profit": 119651,
            "gross_margin": 21.64,
            "gross_margin_4q_avg": 21.35,
            "net_income": 26738,
            "net_income_4q": null,
            "revenue": 552865,
            "revenue_4q": null,
            "common_shares": 756916,
            "book_valuer_per_share": 16.96,
            "book_valuer_per_share_4q_avg": 18.03,
            "equity": 1342022,
            "current_ratio": 255.71,
            "debt_ratio": 57.58,
            "inventory_turnover_ratio": 1.13,
            "account_receivable_turnover_ratio": 0.59,
            "reinvestment_rate": 192.64,
            "research_to_sale_ratio": 1.8,
            "price_fair": 129.03,
            "eps_avg_yearly": 3.69,
            "eps_latest_yearly": 1.36,
            "eps_growth_yearly": 3083.71
        },
        "20111": {
            "year_quarter": 20111,
            "year": 2011,
            "quarter": 1,
            "eps": 1.08,
            "eps_growth_year": -33.74,
            "eps_4q": 3.53,
            "eps_4q_growth_year": -1.17,
            "roe": 5.65,
            "roe_4q": 18.83,
            "gross_profit": 151076,
            "gross_margin": 25.39,
            "gross_margin_4q_avg": 22.68,
            "net_income": 78785,
            "net_income_4q": null,
            "revenue": 595025,
            "revenue_4q": null,
            "common_shares": 757813,
            "book_valuer_per_share": 18.91,
            "book_valuer_per_share_4q_avg": 18.32,
            "equity": 1446656,
            "current_ratio": 239.67,
            "debt_ratio": 58.65,
            "inventory_turnover_ratio": 1,
            "account_receivable_turnover_ratio": 0.65,
            "reinvestment_rate": 239.61,
            "research_to_sale_ratio": 0.97,
            "price_fair": 113.63,
            "eps_avg_yearly": 3.25,
            "eps_latest_yearly": 4.32,
            "eps_growth_yearly": 3121.79
        },
        "20112": {
            "year_quarter": 20112,
            "year": 2011,
            "quarter": 2,
            "eps": 1.22,
            "eps_growth_year": 18.36,
            "eps_4q": 3.4,
            "eps_4q_growth_year": -0.42,
            "roe": 6.77,
            "roe_4q": 19.67,
            "gross_profit": 139515,
            "gross_margin": 17.61,
            "gross_margin_4q_avg": 21.83,
            "net_income": 100653,
            "net_income_4q": null,
            "revenue": 792307,
            "revenue_4q": null,
            "common_shares": 766066,
            "book_valuer_per_share": 19.65,
            "book_valuer_per_share_4q_avg": 18.66,
            "equity": 1526961,
            "current_ratio": 233.15,
            "debt_ratio": 63.6,
            "inventory_turnover_ratio": 1.35,
            "account_receivable_turnover_ratio": 0.74,
            "reinvestment_rate": 230.05,
            "research_to_sale_ratio": 0.87,
            "price_fair": 118.65,
            "eps_avg_yearly": 3.39,
            "eps_latest_yearly": 4.88,
            "eps_growth_yearly": 3148.48
        },
        "20113": {
            "year_quarter": 20113,
            "year": 2011,
            "quarter": 3,
            "eps": 0.53,
            "eps_growth_year": -46.16,
            "eps_4q": 3.13,
            "eps_4q_growth_year": -23.27,
            "roe": 2.84,
            "roe_4q": 17.15,
            "gross_profit": 128788,
            "gross_margin": 18.51,
            "gross_margin_4q_avg": 20.79,
            "net_income": 42850,
            "net_income_4q": null,
            "revenue": 695822,
            "revenue_4q": null,
            "common_shares": 841757,
            "book_valuer_per_share": 18.38,
            "book_valuer_per_share_4q_avg": 18.48,
            "equity": 1486175,
            "current_ratio": 171.26,
            "debt_ratio": 64.86,
            "inventory_turnover_ratio": 1.04,
            "account_receivable_turnover_ratio": 0.59,
            "reinvestment_rate": 256.39,
            "research_to_sale_ratio": 0.66,
            "price_fair": 110.72,
            "eps_avg_yearly": 3.16,
            "eps_latest_yearly": 2.12,
            "eps_growth_yearly": 3111.9
        },
        "20114": {
            "year_quarter": 20114,
            "year": 2011,
            "quarter": 4,
            "eps": -0.16,
            "eps_growth_year": -146.62,
            "eps_4q": 2.76,
            "eps_4q_growth_year": -28.71,
            "roe": -0.92,
            "roe_4q": 14.34,
            "gross_profit": 67134,
            "gross_margin": 15.39,
            "gross_margin_4q_avg": 19.23,
            "net_income": -12938,
            "net_income_4q": null,
            "revenue": 436337,
            "revenue_4q": null,
            "common_shares": 801757,
            "book_valuer_per_share": 17.1,
            "book_valuer_per_share_4q_avg": 18.51,
            "equity": 1334359,
            "current_ratio": 189.55,
            "debt_ratio": 60.25,
            "inventory_turnover_ratio": 0.67,
            "account_receivable_turnover_ratio": 0.44,
            "reinvestment_rate": 239.78,
            "research_to_sale_ratio": -0.02,
            "price_fair": 110.72,
            "eps_avg_yearly": 3.16,
            "eps_latest_yearly": 2.12,
            "eps_growth_yearly": 3111.9
        },
        "20121": {
            "year_quarter": 20121,
            "year": 2012,
            "quarter": 1,
            "eps": 0.59,
            "eps_growth_year": -45.37,
            "eps_4q": 2.3,
            "eps_4q_growth_year": -34.73,
            "roe": 3.34,
            "roe_4q": 12.03,
            "gross_profit": 133496,
            "gross_margin": 27.42,
            "gross_margin_4q_avg": 19.73,
            "net_income": 44767,
            "net_income_4q": null,
            "revenue": 486932,
            "revenue_4q": null,
            "common_shares": 773757,
            "book_valuer_per_share": 17.28,
            "book_valuer_per_share_4q_avg": 18.1,
            "equity": 1347460,
            "current_ratio": 203.44,
            "debt_ratio": 59.39,
            "inventory_turnover_ratio": 0.69,
            "account_receivable_turnover_ratio": 0.6,
            "reinvestment_rate": 235.01,
            "research_to_sale_ratio": 1.03,
            "price_fair": 110.72,
            "eps_avg_yearly": 3.16,
            "eps_latest_yearly": 2.12,
            "eps_growth_yearly": 3111.9
        },
        "20122": {
            "year_quarter": 20122,
            "year": 2012,
            "quarter": 2,
            "eps": 0.27,
            "eps_growth_year": -78.03,
            "eps_4q": 1.18,
            "eps_4q_growth_year": -65.22,
            "roe": 1.56,
            "roe_4q": 6.82,
            "gross_profit": 107198,
            "gross_margin": 17.82,
            "gross_margin_4q_avg": 19.79,
            "net_income": 20768,
            "net_income_4q": null,
            "revenue": 601721,
            "revenue_4q": null,
            "common_shares": 773757,
            "book_valuer_per_share": 16.76,
            "book_valuer_per_share_4q_avg": 17.38,
            "equity": 1307668,
            "current_ratio": 150.17,
            "debt_ratio": 63.05,
            "inventory_turnover_ratio": 0.96,
            "account_receivable_turnover_ratio": 0.67,
            "reinvestment_rate": 18.74,
            "research_to_sale_ratio": 0.62,
            "price_fair": 106.52,
            "eps_avg_yearly": 3.04,
            "eps_latest_yearly": 1.08,
            "eps_growth_yearly": 3095.81
        },
        "20123": {
            "year_quarter": 20123,
            "year": 2012,
            "quarter": 3,
            "eps": 0.39,
            "eps_growth_year": -26.28,
            "eps_4q": 1.06,
            "eps_4q_growth_year": -66.14,
            "roe": 2.53,
            "roe_4q": 6.51,
            "gross_profit": 137428,
            "gross_margin": 21.31,
            "gross_margin_4q_avg": 20.49,
            "net_income": 32790,
            "net_income_4q": null,
            "revenue": 644806,
            "revenue_4q": null,
            "common_shares": 830614,
            "book_valuer_per_share": 15.36,
            "book_valuer_per_share_4q_avg": 16.63,
            "equity": 1289317,
            "current_ratio": 152.46,
            "debt_ratio": 63.88,
            "inventory_turnover_ratio": 0.97,
            "account_receivable_turnover_ratio": 0.63,
            "reinvestment_rate": 230.99,
            "research_to_sale_ratio": 0.59,
            "price_fair": 110.02,
            "eps_avg_yearly": 3.14,
            "eps_latest_yearly": 1.56,
            "eps_growth_yearly": 3139.2
        },
        "20124": {
            "year_quarter": 20124,
            "year": 2012,
            "quarter": 4,
            "eps": -0.08,
            "eps_growth_year": null,
            "eps_4q": 1.13,
            "eps_4q_growth_year": -59.18,
            "roe": -0.56,
            "roe_4q": 6.869999999999999,
            "gross_profit": 53521,
            "gross_margin": 11.96,
            "gross_margin_4q_avg": 19.63,
            "net_income": -7141,
            "net_income_4q": null,
            "revenue": 447590,
            "revenue_4q": null,
            "common_shares": 830614,
            "book_valuer_per_share": 15.05,
            "book_valuer_per_share_4q_avg": 16.11,
            "equity": 1263616,
            "current_ratio": 157.48,
            "debt_ratio": 62.49,
            "inventory_turnover_ratio": 0.76,
            "account_receivable_turnover_ratio": 0.45,
            "reinvestment_rate": 222.26,
            "research_to_sale_ratio": 0.35,
            "price_fair": 110.02,
            "eps_avg_yearly": 3.14,
            "eps_latest_yearly": 1.56,
            "eps_growth_yearly": 3139.2
        },
        "20131": {
            "year_quarter": 20131,
            "year": 2013,
            "quarter": 1,
            "eps": 0.57,
            "eps_growth_year": -3.39,
            "eps_4q": 1.15,
            "eps_4q_growth_year": -50.16,
            "roe": 3.56,
            "roe_4q": 7.09,
            "gross_profit": 100167,
            "gross_margin": 20.29,
            "gross_margin_4q_avg": 17.85,
            "net_income": 46766,
            "net_income_4q": null,
            "revenue": 493618,
            "revenue_4q": null,
            "common_shares": 830614,
            "book_valuer_per_share": 16.28,
            "book_valuer_per_share_4q_avg": 15.86,
            "equity": 1365234,
            "current_ratio": 156.86,
            "debt_ratio": 59.29,
            "inventory_turnover_ratio": 0.8,
            "account_receivable_turnover_ratio": 0.53,
            "reinvestment_rate": 13.74,
            "research_to_sale_ratio": 1.1,
            "price_fair": 110.02,
            "eps_avg_yearly": 3.14,
            "eps_latest_yearly": 1.56,
            "eps_growth_yearly": 3139.2
        },
        "20132": {
            "year_quarter": 20132,
            "year": 2013,
            "quarter": 2,
            "eps": -0.3,
            "eps_growth_year": -212.36,
            "eps_4q": 0.57,
            "eps_4q_growth_year": -51.94,
            "roe": -1.8,
            "roe_4q": 3.7299999999999995,
            "gross_profit": 72788,
            "gross_margin": 14.44,
            "gross_margin_4q_avg": 17,
            "net_income": -23912,
            "net_income_4q": null,
            "revenue": 504090,
            "revenue_4q": null,
            "common_shares": 830614,
            "book_valuer_per_share": 15.46,
            "book_valuer_per_share_4q_avg": 15.54,
            "equity": 1298708,
            "current_ratio": 162.3,
            "debt_ratio": 58.97,
            "inventory_turnover_ratio": 0.99,
            "account_receivable_turnover_ratio": 0.55,
            "reinvestment_rate": 16.28,
            "research_to_sale_ratio": 0.51,
            "price_fair": 108.18,
            "eps_avg_yearly": 3.09,
            "eps_latest_yearly": 1.56,
            "eps_growth_yearly": 79.13
        },
        "20133": {
            "year_quarter": 20133,
            "year": 2013,
            "quarter": 3,
            "eps": 0.35,
            "eps_growth_year": -11.18,
            "eps_4q": 0.54,
            "eps_4q_growth_year": -49.56,
            "roe": 2.26,
            "roe_4q": 3.4599999999999995,
            "gross_profit": 127292,
            "gross_margin": 23.78,
            "gross_margin_4q_avg": 17.62,
            "net_income": 29485,
            "net_income_4q": null,
            "revenue": 535251,
            "revenue_4q": null,
            "common_shares": 855062,
            "book_valuer_per_share": 15.18,
            "book_valuer_per_share_4q_avg": 15.49,
            "equity": 1313250,
            "current_ratio": 159.41,
            "debt_ratio": 58.56,
            "inventory_turnover_ratio": 1.07,
            "account_receivable_turnover_ratio": 0.57,
            "reinvestment_rate": 17.36,
            "research_to_sale_ratio": 1.23,
            "price_fair": 113.12,
            "eps_avg_yearly": 3.23,
            "eps_latest_yearly": 1.56,
            "eps_growth_yearly": 108.97
        },
        "20134": {
            "year_quarter": 20134,
            "year": 2013,
            "quarter": 4,
            "eps": -0.52,
            "eps_growth_year": null,
            "eps_4q": 0.1,
            "eps_4q_growth_year": -91.26,
            "roe": -3.3,
            "roe_4q": 0.7200000000000002,
            "gross_profit": 65002,
            "gross_margin": 17.09,
            "gross_margin_4q_avg": 18.9,
            "net_income": -43037,
            "net_income_4q": null,
            "revenue": 380359,
            "revenue_4q": null,
            "common_shares": 839392,
            "book_valuer_per_share": 14.96,
            "book_valuer_per_share_4q_avg": 15.47,
            "equity": 1296280,
            "current_ratio": 162.95,
            "debt_ratio": 59.11,
            "inventory_turnover_ratio": 0.88,
            "account_receivable_turnover_ratio": 0.42,
            "reinvestment_rate": -208.46,
            "research_to_sale_ratio": 1.85,
            "price_fair": 116.36,
            "eps_avg_yearly": 3.32,
            "eps_latest_yearly": 1.56,
            "eps_growth_yearly": 102.03
        },
        "20141": {
            "year_quarter": 20141,
            "year": 2014,
            "quarter": 1,
            "eps": 0.3,
            "eps_growth_year": -47.37,
            "eps_4q": -0.15,
            "eps_4q_growth_year": -113.21,
            "roe": 1.85,
            "roe_4q": -0.99,
            "gross_profit": 79459,
            "gross_margin": 20.63,
            "gross_margin_4q_avg": 18.99,
            "net_income": 24330,
            "net_income_4q": null,
            "revenue": 385076,
            "revenue_4q": null,
            "common_shares": 839546,
            "book_valuer_per_share": 15.46,
            "book_valuer_per_share_4q_avg": 15.27,
            "equity": 1336303,
            "current_ratio": 177.77,
            "debt_ratio": 57.69,
            "inventory_turnover_ratio": 0.85,
            "account_receivable_turnover_ratio": 0.5,
            "reinvestment_rate": -252.54,
            "research_to_sale_ratio": 1.37,
            "price_fair": 102.38,
            "eps_avg_yearly": 2.93,
            "eps_latest_yearly": 1.56,
            "eps_growth_yearly": 28.95
        },
        "20142": {
            "year_quarter": 20142,
            "year": 2014,
            "quarter": 2,
            "eps": 0.27,
            "eps_growth_year": null,
            "eps_4q": 0.4,
            "eps_4q_growth_year": -29.33,
            "roe": 1.75,
            "roe_4q": 2.56,
            "gross_profit": 86317,
            "gross_margin": 21.56,
            "gross_margin_4q_avg": 20.77,
            "net_income": 22852,
            "net_income_4q": null,
            "revenue": 400416,
            "revenue_4q": null,
            "common_shares": 839546,
            "book_valuer_per_share": 14.71,
            "book_valuer_per_share_4q_avg": 15.08,
            "equity": 1273023,
            "current_ratio": 165.87,
            "debt_ratio": 58.64,
            "inventory_turnover_ratio": 0.87,
            "account_receivable_turnover_ratio": 0.59,
            "reinvestment_rate": -299.08,
            "research_to_sale_ratio": 1.15,
            "price_fair": 89.08,
            "eps_avg_yearly": 2.55,
            "eps_latest_yearly": 1.08,
            "eps_growth_yearly": 42.36
        },
        "20143": {
            "year_quarter": 20143,
            "year": 2014,
            "quarter": 3,
            "eps": 0.64,
            "eps_growth_year": 82.86,
            "eps_4q": 0.69,
            "eps_4q_growth_year": 29.14,
            "roe": 4.14,
            "roe_4q": 4.44,
            "gross_profit": 134777,
            "gross_margin": 27.35,
            "gross_margin_4q_avg": 21.66,
            "net_income": 54530,
            "net_income_4q": null,
            "revenue": 492697,
            "revenue_4q": null,
            "common_shares": 839546,
            "book_valuer_per_share": 15.75,
            "book_valuer_per_share_4q_avg": 15.22,
            "equity": 1362437,
            "current_ratio": 166.11,
            "debt_ratio": 57.23,
            "inventory_turnover_ratio": 0.91,
            "account_receivable_turnover_ratio": 0.69,
            "reinvestment_rate": -338.16,
            "research_to_sale_ratio": 1.68,
            "price_fair": 82.95,
            "eps_avg_yearly": 2.37,
            "eps_latest_yearly": 2.56,
            "eps_growth_yearly": 112.82
        },
        "20144": {
            "year_quarter": 20144,
            "year": 2014,
            "quarter": 4,
            "eps": 0.82,
            "eps_growth_year": null,
            "eps_4q": 2.02,
            "eps_4q_growth_year": 1957.2,
            "roe": 4.78,
            "roe_4q": 12.52,
            "gross_profit": 198274,
            "gross_margin": 29.91,
            "gross_margin_4q_avg": 24.86,
            "net_income": 68365,
            "net_income_4q": null,
            "revenue": 662873,
            "revenue_4q": null,
            "common_shares": 839546,
            "book_valuer_per_share": 17.38,
            "book_valuer_per_share_4q_avg": 15.83,
            "equity": 1500187,
            "current_ratio": 166.75,
            "debt_ratio": 55.87,
            "inventory_turnover_ratio": 1.11,
            "account_receivable_turnover_ratio": 0.76,
            "reinvestment_rate": -294.05,
            "research_to_sale_ratio": 1.7,
            "price_fair": 91.35,
            "eps_avg_yearly": 2.61,
            "eps_latest_yearly": 3.28,
            "eps_growth_yearly": 159.71
        },
        "20151": {
            "year_quarter": 20151,
            "year": 2015,
            "quarter": 1,
            "eps": 0.6,
            "eps_growth_year": 100,
            "eps_4q": 2.32,
            "eps_4q_growth_year": null,
            "roe": 3.3,
            "roe_4q": 13.969999999999999,
            "gross_profit": 132796,
            "gross_margin": 26.98,
            "gross_margin_4q_avg": 26.45,
            "net_income": 50053,
            "net_income_4q": null,
            "revenue": 492168,
            "revenue_4q": null,
            "common_shares": 839546,
            "book_valuer_per_share": 17.73,
            "book_valuer_per_share_4q_avg": 16.39,
            "equity": 1529128,
            "current_ratio": 174.56,
            "debt_ratio": 55.25,
            "inventory_turnover_ratio": 0.92,
            "account_receivable_turnover_ratio": 0.51,
            "reinvestment_rate": -318.51,
            "research_to_sale_ratio": 1.91,
            "price_fair": 82.95,
            "eps_avg_yearly": 2.37,
            "eps_latest_yearly": 2.4,
            "eps_growth_yearly": 37.47
        },
        "20152": {
            "year_quarter": 20152,
            "year": 2015,
            "quarter": 2,
            "eps": 0.65,
            "eps_growth_year": 140.74,
            "eps_4q": 2.71,
            "eps_4q_growth_year": 573.27,
            "roe": 3.74,
            "roe_4q": 15.96,
            "gross_profit": 137259,
            "gross_margin": 26.42,
            "gross_margin_4q_avg": 27.67,
            "net_income": 54888,
            "net_income_4q": null,
            "revenue": 519428,
            "revenue_4q": null,
            "common_shares": 839546,
            "book_valuer_per_share": 16.3,
            "book_valuer_per_share_4q_avg": 16.79,
            "equity": 1408364,
            "current_ratio": 163.99,
            "debt_ratio": 59.15,
            "inventory_turnover_ratio": 1.14,
            "account_receivable_turnover_ratio": 0.55,
            "reinvestment_rate": -361.94,
            "research_to_sale_ratio": 0.98,
            "price_fair": 72.98,
            "eps_avg_yearly": 2.09,
            "eps_latest_yearly": 2.6,
            "eps_growth_yearly": 35.16
        },
        "20153": {
            "year_quarter": 20153,
            "year": 2015,
            "quarter": 3,
            "eps": 1.27,
            "eps_growth_year": 98.44,
            "eps_4q": 3.34,
            "eps_4q_growth_year": 382.93,
            "roe": 6.99,
            "roe_4q": 18.810000000000002,
            "gross_profit": 148147,
            "gross_margin": 28.1,
            "gross_margin_4q_avg": 27.85,
            "net_income": 104958,
            "net_income_4q": null,
            "revenue": 527171,
            "revenue_4q": null,
            "common_shares": 839546,
            "book_valuer_per_share": 18.51,
            "book_valuer_per_share_4q_avg": 17.48,
            "equity": 1594397,
            "current_ratio": 182.96,
            "debt_ratio": 53.75,
            "inventory_turnover_ratio": 1.23,
            "account_receivable_turnover_ratio": 0.57,
            "reinvestment_rate": -343.13,
            "research_to_sale_ratio": 1.21,
            "price_fair": 85.93,
            "eps_avg_yearly": 2.46,
            "eps_latest_yearly": 5.08,
            "eps_growth_yearly": 111.13
        },
        "20154": {
            "year_quarter": 20154,
            "year": 2015,
            "quarter": 4,
            "eps": 0.13,
            "eps_growth_year": -84.51,
            "eps_4q": 2.65,
            "eps_4q_growth_year": 30.73,
            "roe": 0.69,
            "roe_4q": 14.719999999999999,
            "gross_profit": 109462,
            "gross_margin": 23.96,
            "gross_margin_4q_avg": 26.37,
            "net_income": 10963,
            "net_income_4q": null,
            "revenue": 456901,
            "revenue_4q": null,
            "common_shares": 839546,
            "book_valuer_per_share": 18.2,
            "book_valuer_per_share_4q_avg": 17.69,
            "equity": 1567058,
            "current_ratio": 180.94,
            "debt_ratio": 51.64,
            "inventory_turnover_ratio": 1.13,
            "account_receivable_turnover_ratio": 0.52,
            "reinvestment_rate": -322.8,
            "research_to_sale_ratio": 2.67,
            "price_fair": 78.4,
            "eps_avg_yearly": 2.24,
            "eps_latest_yearly": 0.52,
            "eps_growth_yearly": 58.89
        },
        "20161": {
            "year_quarter": 20161,
            "year": 2016,
            "quarter": 1,
            "eps": 0.27,
            "eps_growth_year": -55,
            "eps_4q": 2.32,
            "eps_4q_growth_year": -0.13,
            "roe": 1.47,
            "roe_4q": 12.89,
            "gross_profit": 89437,
            "gross_margin": 23.97,
            "gross_margin_4q_avg": 25.61,
            "net_income": 23098,
            "net_income_4q": null,
            "revenue": 373155,
            "revenue_4q": null,
            "common_shares": 839546,
            "book_valuer_per_share": 18.22,
            "book_valuer_per_share_4q_avg": 17.81,
            "equity": 1569188,
            "current_ratio": 181.83,
            "debt_ratio": 51.26,
            "inventory_turnover_ratio": 0.89,
            "account_receivable_turnover_ratio": 0.5,
            "reinvestment_rate": -314.17,
            "research_to_sale_ratio": 1.74,
            "price_fair": 74.34,
            "eps_avg_yearly": 2.12,
            "eps_latest_yearly": 1.08,
            "eps_growth_yearly": 96.07
        },
        "20162": {
            "year_quarter": 20162,
            "year": 2016,
            "quarter": 2,
            "eps": 0.48,
            "eps_growth_year": -26.15,
            "eps_4q": 2.14,
            "eps_4q_growth_year": -20.79,
            "roe": 2.67,
            "roe_4q": 11.82,
            "gross_profit": 116305,
            "gross_margin": 23.95,
            "gross_margin_4q_avg": 25,
            "net_income": 39444,
            "net_income_4q": null,
            "revenue": 485516,
            "revenue_4q": null,
            "common_shares": 839546,
            "book_valuer_per_share": 16.06,
            "book_valuer_per_share_4q_avg": 17.75,
            "equity": 1387137,
            "current_ratio": 167.41,
            "debt_ratio": 57.96,
            "inventory_turnover_ratio": 1.17,
            "account_receivable_turnover_ratio": 0.71,
            "reinvestment_rate": 17.57,
            "research_to_sale_ratio": 1.39,
            "price_fair": 77.28,
            "eps_avg_yearly": 2.21,
            "eps_latest_yearly": 1.92,
            "eps_growth_yearly": 148.88
        },
        "20163": {
            "year_quarter": 20163,
            "year": 2016,
            "quarter": 3,
            "eps": 0.38,
            "eps_growth_year": -70.08,
            "eps_4q": 1.25,
            "eps_4q_growth_year": -62.51,
            "roe": 2.26,
            "roe_4q": 7.09,
            "gross_profit": 110388,
            "gross_margin": 22.6,
            "gross_margin_4q_avg": 23.62,
            "net_income": 31138,
            "net_income_4q": null,
            "revenue": 488531,
            "revenue_4q": null,
            "common_shares": 839546,
            "book_valuer_per_share": 15.81,
            "book_valuer_per_share_4q_avg": 17.07,
            "equity": 1364487,
            "current_ratio": 165.45,
            "debt_ratio": 59.57,
            "inventory_turnover_ratio": 1.17,
            "account_receivable_turnover_ratio": 0.68,
            "reinvestment_rate": -296.81,
            "research_to_sale_ratio": 1.17,
            "price_fair": 77.14,
            "eps_avg_yearly": 2.2,
            "eps_latest_yearly": 1.52,
            "eps_growth_yearly": 122.77
        },
        "20164": {
            "year_quarter": 20164,
            "year": 2016,
            "quarter": 4,
            "eps": 0.9,
            "eps_growth_year": 607.94,
            "eps_4q": 2.02,
            "eps_4q_growth_year": -23.63,
            "roe": 5.23,
            "roe_4q": 11.63,
            "gross_profit": 191206,
            "gross_margin": 29.09,
            "gross_margin_4q_avg": 24.9,
            "net_income": 73965,
            "net_income_4q": null,
            "revenue": 657334,
            "revenue_4q": null,
            "common_shares": 839546,
            "book_valuer_per_share": 17,
            "book_valuer_per_share_4q_avg": 16.77,
            "equity": 1462440,
            "current_ratio": 162.21,
            "debt_ratio": 58.71,
            "inventory_turnover_ratio": 1.4,
            "account_receivable_turnover_ratio": 0.74,
            "reinvestment_rate": -246.86,
            "research_to_sale_ratio": 1.65,
            "price_fair": 81.58,
            "eps_avg_yearly": 2.33,
            "eps_latest_yearly": 3.6,
            "eps_growth_yearly": 161.37
        },
        "20171": {
            "year_quarter": 20171,
            "year": 2017,
            "quarter": 1,
            "eps": 0.77,
            "eps_growth_year": 185.19,
            "eps_4q": 2.52,
            "eps_4q_growth_year": 8.81,
            "roe": 4.51,
            "roe_4q": 14.67,
            "gross_profit": 191916,
            "gross_margin": 28.86,
            "gross_margin_4q_avg": 26.13,
            "net_income": 65128,
            "net_income_4q": null,
            "revenue": 665092,
            "revenue_4q": null,
            "common_shares": 839546,
            "book_valuer_per_share": 16.56,
            "book_valuer_per_share_4q_avg": 16.36,
            "equity": 1424280,
            "current_ratio": 153,
            "debt_ratio": 61.15,
            "inventory_turnover_ratio": 1.53,
            "account_receivable_turnover_ratio": 0.58,
            "reinvestment_rate": 16.49,
            "research_to_sale_ratio": 1.06,
            "price_fair": 83.77,
            "eps_avg_yearly": 2.39,
            "eps_latest_yearly": 3.08,
            "eps_growth_yearly": 143.11
        },
        "20172": {
            "year_quarter": 20172,
            "year": 2017,
            "quarter": 2,
            "eps": 0.68,
            "eps_growth_year": 41.67,
            "eps_4q": 2.73,
            "eps_4q_growth_year": 27.11,
            "roe": 4.02,
            "roe_4q": 16.02,
            "gross_profit": 151959,
            "gross_margin": 25.83,
            "gross_margin_4q_avg": 26.6,
            "net_income": 56227,
            "net_income_4q": null,
            "revenue": 588224,
            "revenue_4q": null,
            "common_shares": 839546,
            "book_valuer_per_share": 15.99,
            "book_valuer_per_share_4q_avg": 16.34,
            "equity": 1375958,
            "current_ratio": 149.24,
            "debt_ratio": 63.01,
            "inventory_turnover_ratio": 1.44,
            "account_receivable_turnover_ratio": 0.48,
            "reinvestment_rate": 24.47,
            "research_to_sale_ratio": 1.28,
            "price_fair": 84.65,
            "eps_avg_yearly": 2.42,
            "eps_latest_yearly": 2.72,
            "eps_growth_yearly": 128.5
        },
        "20173": {
            "year_quarter": 20173,
            "year": 2017,
            "quarter": 3,
            "eps": 0.65,
            "eps_growth_year": 71.05,
            "eps_4q": 3,
            "eps_4q_growth_year": 139.7,
            "roe": 3.8,
            "roe_4q": 17.56,
            "gross_profit": 152192,
            "gross_margin": 27.21,
            "gross_margin_4q_avg": 27.75,
            "net_income": 53413,
            "net_income_4q": null,
            "revenue": 559406,
            "revenue_4q": null,
            "common_shares": 839546,
            "book_valuer_per_share": 16.73,
            "book_valuer_per_share_4q_avg": 16.57,
            "equity": 1437564,
            "current_ratio": 146.67,
            "debt_ratio": 61.42,
            "inventory_turnover_ratio": 1.33,
            "account_receivable_turnover_ratio": 0.53,
            "reinvestment_rate": 32.5,
            "research_to_sale_ratio": 1.6,
            "price_fair": 85.1,
            "eps_avg_yearly": 2.43,
            "eps_latest_yearly": 2.6,
            "eps_growth_yearly": 118.06
        },
        "20174": {
            "year_quarter": 20174,
            "year": 2017,
            "quarter": 4,
            "eps": 0.64,
            "eps_growth_year": -29.07,
            "eps_4q": 2.74,
            "eps_4q_growth_year": 35.51,
            "roe": 3.66,
            "roe_4q": 15.99,
            "gross_profit": 148938,
            "gross_margin": 31.38,
            "gross_margin_4q_avg": 28.32,
            "net_income": 53337,
            "net_income_4q": null,
            "revenue": 474693,
            "revenue_4q": null,
            "common_shares": 839546,
            "book_valuer_per_share": 17.17,
            "book_valuer_per_share_4q_avg": 16.61,
            "equity": 1474657,
            "current_ratio": 145.01,
            "debt_ratio": 59.55,
            "inventory_turnover_ratio": 1.02,
            "account_receivable_turnover_ratio": 0.55,
            "reinvestment_rate": 32.02,
            "research_to_sale_ratio": 2.04,
            "price_fair": 85.4,
            "eps_avg_yearly": 2.44,
            "eps_latest_yearly": 2.56,
            "eps_growth_yearly": 109.78
        },
        "20181": {
            "year_quarter": 20181,
            "year": 2018,
            "quarter": 1,
            "eps": 0.43,
            "eps_growth_year": -44.16,
            "eps_4q": 2.4,
            "eps_4q_growth_year": -4.87,
            "roe": 2.41,
            "roe_4q": 13.89,
            "gross_profit": 147119,
            "gross_margin": 28.22,
            "gross_margin_4q_avg": 28.16,
            "net_income": 35882,
            "net_income_4q": null,
            "revenue": 521303,
            "revenue_4q": null,
            "common_shares": 839546,
            "book_valuer_per_share": 17.54,
            "book_valuer_per_share_4q_avg": 16.86,
            "equity": 1506315,
            "current_ratio": 139.01,
            "debt_ratio": 60.14,
            "inventory_turnover_ratio": 1.15,
            "account_receivable_turnover_ratio": 0.62,
            "reinvestment_rate": 18.15,
            "research_to_sale_ratio": 1.38,
            "price_fair": 83.83,
            "eps_avg_yearly": 2.4,
            "eps_latest_yearly": 1.72,
            "eps_growth_yearly": 94.72
        },
        "20182": {
            "year_quarter": 20182,
            "year": 2018,
            "quarter": 2,
            "eps": 1.62,
            "eps_growth_year": 138.24,
            "eps_4q": 3.33,
            "eps_4q_growth_year": 22.28,
            "roe": 8.91,
            "roe_4q": 18.78,
            "gross_profit": 182692,
            "gross_margin": 28.99,
            "gross_margin_4q_avg": 28.95,
            "net_income": 136312,
            "net_income_4q": null,
            "revenue": 630250,
            "revenue_4q": null,
            "common_shares": 839546,
            "book_valuer_per_share": 18.1,
            "book_valuer_per_share_4q_avg": 17.39,
            "equity": 1553521,
            "current_ratio": 133.22,
            "debt_ratio": 63.1,
            "inventory_turnover_ratio": 1.3,
            "account_receivable_turnover_ratio": 0.7,
            "reinvestment_rate": 17.63,
            "research_to_sale_ratio": 1.48,
            "price_fair": 95.64,
            "eps_avg_yearly": 2.73,
            "eps_latest_yearly": 6.48,
            "eps_growth_yearly": 166.4
        },
        "20183": {
            "year_quarter": 20183,
            "year": 2018,
            "quarter": 3,
            "eps": 1.14,
            "eps_growth_year": 75.38,
            "eps_4q": 3.82,
            "eps_4q_growth_year": 27.43,
            "roe": 6.03,
            "roe_4q": 21.01,
            "gross_profit": 200920,
            "gross_margin": 28.13,
            "gross_margin_4q_avg": 29.18,
            "net_income": 95944,
            "net_income_4q": null,
            "revenue": 714144,
            "revenue_4q": null,
            "common_shares": 839546,
            "book_valuer_per_share": 19.03,
            "book_valuer_per_share_4q_avg": 17.96,
            "equity": 1629754,
            "current_ratio": 144.05,
            "debt_ratio": 58.94,
            "inventory_turnover_ratio": 1.47,
            "account_receivable_turnover_ratio": 0.69,
            "reinvestment_rate": 16.54,
            "research_to_sale_ratio": 1.98,
            "price_fair": 100.01,
            "eps_avg_yearly": 2.86,
            "eps_latest_yearly": 4.56,
            "eps_growth_yearly": 124.74
        },
        "20184": {
            "year_quarter": 20184,
            "year": 2018,
            "quarter": 4,
            "eps": 0.81,
            "eps_growth_year": 27.21,
            "eps_4q": 4,
            "eps_4q_growth_year": 45.88,
            "roe": 4.05,
            "roe_4q": 21.400000000000002,
            "gross_profit": 115571,
            "gross_margin": 33.46,
            "gross_margin_4q_avg": 29.7,
            "net_income": 67672,
            "net_income_4q": null,
            "revenue": 345373,
            "revenue_4q": null,
            "common_shares": 839546,
            "book_valuer_per_share": 19.98,
            "book_valuer_per_share_4q_avg": 18.66,
            "equity": 1709812,
            "current_ratio": 158.48,
            "debt_ratio": 53.73,
            "inventory_turnover_ratio": 0.66,
            "account_receivable_turnover_ratio": 0.36,
            "reinvestment_rate": 13.87,
            "research_to_sale_ratio": 3.5,
            "price_fair": 99.93,
            "eps_avg_yearly": 2.86,
            "eps_latest_yearly": 3.24,
            "eps_growth_yearly": 110.47
        },
        "20191": {
            "year_quarter": 20191,
            "year": 2019,
            "quarter": 1,
            "eps": 0.37,
            "eps_growth_year": -13.95,
            "eps_4q": 3.94,
            "eps_4q_growth_year": 64.15,
            "roe": 1.77,
            "roe_4q": 20.76,
            "gross_profit": 90408,
            "gross_margin": 29.25,
            "gross_margin_4q_avg": 29.96,
            "net_income": 30917,
            "net_income_4q": null,
            "revenue": 309110,
            "revenue_4q": null,
            "common_shares": 839546,
            "book_valuer_per_share": 20.81,
            "book_valuer_per_share_4q_avg": 19.48,
            "equity": 1780745,
            "current_ratio": 165.89,
            "debt_ratio": 50.37,
            "inventory_turnover_ratio": 0.63,
            "account_receivable_turnover_ratio": 0.42,
            "reinvestment_rate": 9.85,
            "research_to_sale_ratio": 2.27,
            "price_fair": 97.91,
            "eps_avg_yearly": 2.8,
            "eps_latest_yearly": 1.48,
            "eps_growth_yearly": 103.6
        },
        "20192": {
            "year_quarter": 20192,
            "year": 2019,
            "quarter": 2,
            "eps": 0.2,
            "eps_growth_year": -87.65,
            "eps_4q": 2.52,
            "eps_4q_growth_year": -24.42,
            "roe": 1,
            "roe_4q": 12.850000000000001,
            "gross_profit": 68430,
            "gross_margin": 23.98,
            "gross_margin_4q_avg": 28.71,
            "net_income": 16743,
            "net_income_4q": null,
            "revenue": 285368,
            "revenue_4q": null,
            "common_shares": 839546,
            "book_valuer_per_share": 18.4,
            "book_valuer_per_share_4q_avg": 19.56,
            "equity": 1578019,
            "current_ratio": 146.84,
            "debt_ratio": 54.49,
            "inventory_turnover_ratio": 0.67,
            "account_receivable_turnover_ratio": 0.48,
            "reinvestment_rate": 17.25,
            "research_to_sale_ratio": 2.4,
            "price_fair": 93.98,
            "eps_avg_yearly": 2.69,
            "eps_latest_yearly": 0.8,
            "eps_growth_yearly": 90.03
        },
        "20193": {
            "year_quarter": 20193,
            "year": 2019,
            "quarter": 3,
            "eps": 0.2,
            "eps_growth_year": -82.46,
            "eps_4q": 1.57,
            "eps_4q_growth_year": -58.81,
            "roe": 1.04,
            "roe_4q": 7.859999999999999,
            "gross_profit": 66224,
            "gross_margin": 26.47,
            "gross_margin_4q_avg": 28.29,
            "net_income": 16391,
            "net_income_4q": null,
            "revenue": 250198,
            "revenue_4q": null,
            "common_shares": 839546,
            "book_valuer_per_share": 18.32,
            "book_valuer_per_share_4q_avg": 19.38,
            "equity": 1569445,
            "current_ratio": 157.43,
            "debt_ratio": 52.7,
            "inventory_turnover_ratio": 0.62,
            "account_receivable_turnover_ratio": 0.51,
            "reinvestment_rate": 25.21,
            "research_to_sale_ratio": 2.59,
            "price_fair": 84.61,
            "eps_avg_yearly": 2.42,
            "eps_latest_yearly": 0.8,
            "eps_growth_yearly": 66.18
        },
        "20194": {
            "year_quarter": 20194,
            "year": 2019,
            "quarter": 4,
            "eps": 0.63,
            "eps_growth_year": -21.98,
            "eps_4q": 1.4,
            "eps_4q_growth_year": -65.04,
            "roe": 3.23,
            "roe_4q": 7.039999999999999,
            "gross_profit": 58040,
            "gross_margin": 24.84,
            "gross_margin_4q_avg": 26.14,
            "net_income": 50863,
            "net_income_4q": null,
            "revenue": 233654,
            "revenue_4q": null,
            "common_shares": 839546,
            "book_valuer_per_share": 18.42,
            "book_valuer_per_share_4q_avg": 18.99,
            "equity": 1575259,
            "current_ratio": 147.41,
            "debt_ratio": 56.8,
            "inventory_turnover_ratio": 0.67,
            "account_receivable_turnover_ratio": 0.56,
            "reinvestment_rate": 69.9,
            "research_to_sale_ratio": 2.55,
            "price_fair": 88.99,
            "eps_avg_yearly": 2.54,
            "eps_latest_yearly": 2.52,
            "eps_growth_yearly": 142.37
        },
        "20201": {
            "year_quarter": 20201,
            "year": 2020,
            "quarter": 1,
            "eps": 0.31,
            "eps_growth_year": -16.22,
            "eps_4q": 1.34,
            "eps_4q_growth_year": -66,
            "roe": 1.57,
            "roe_4q": 6.84,
            "gross_profit": 72381,
            "gross_margin": 28.72,
            "gross_margin_4q_avg": 26,
            "net_income": 24516,
            "net_income_4q": null,
            "revenue": 252012,
            "revenue_4q": null,
            "common_shares": 839546,
            "book_valuer_per_share": 18.11,
            "book_valuer_per_share_4q_avg": 18.31,
            "equity": 1546619,
            "current_ratio": 141.78,
            "debt_ratio": 58.79,
            "inventory_turnover_ratio": 0.72,
            "account_receivable_turnover_ratio": 0.64,
            "reinvestment_rate": 58.82,
            "research_to_sale_ratio": 2.49,
            "price_fair": 89.34,
            "eps_avg_yearly": 2.55,
            "eps_latest_yearly": 1.24,
            "eps_growth_yearly": 102.75
        },
        "20202": {
            "year_quarter": 20202,
            "year": 2020,
            "quarter": 2,
            "eps": 0.77,
            "eps_growth_year": 285,
            "eps_4q": 1.9,
            "eps_4q_growth_year": -24.38,
            "roe": 4.16,
            "roe_4q": 10,
            "gross_profit": 113146,
            "gross_margin": 31.8,
            "gross_margin_4q_avg": 27.96,
            "net_income": 63044,
            "net_income_4q": null,
            "revenue": 355822,
            "revenue_4q": null,
            "common_shares": 839546,
            "book_valuer_per_share": 17.43,
            "book_valuer_per_share_4q_avg": 18.07,
            "equity": 1487434,
            "current_ratio": 133.85,
            "debt_ratio": 61.11,
            "inventory_turnover_ratio": 0.93,
            "account_receivable_turnover_ratio": 0.82,
            "reinvestment_rate": 53.78,
            "research_to_sale_ratio": 2.18,
            "price_fair": 91.88,
            "eps_avg_yearly": 2.63,
            "eps_latest_yearly": 3.08,
            "eps_growth_yearly": 120.4
        },
        "20203": {
            "year_quarter": 20203,
            "year": 2020,
            "quarter": 3,
            "eps": 0.27,
            "eps_growth_year": 35,
            "eps_4q": 1.97,
            "eps_4q_growth_year": 25.23,
            "roe": 1.44,
            "roe_4q": 10.4,
            "gross_profit": 88236,
            "gross_margin": 30.28,
            "gross_margin_4q_avg": 28.91,
            "net_income": 21495,
            "net_income_4q": null,
            "revenue": 291385,
            "revenue_4q": null,
            "common_shares": 838736,
            "book_valuer_per_share": 17.51,
            "book_valuer_per_share_4q_avg": 17.87,
            "equity": 1493914,
            "current_ratio": 129.89,
            "debt_ratio": 60.68,
            "inventory_turnover_ratio": 0.8,
            "account_receivable_turnover_ratio": 0.6,
            "reinvestment_rate": 54.88,
            "research_to_sale_ratio": 4.34,
            "price_fair": 90.91,
            "eps_avg_yearly": 2.6,
            "eps_latest_yearly": 1.08,
            "eps_growth_yearly": 109.38
        },
        "20204": {
            "year_quarter": 20204,
            "year": 2020,
            "quarter": 4,
            "eps": 0.21,
            "eps_growth_year": -66.64,
            "eps_4q": 1.55,
            "eps_4q_growth_year": 11.01,
            "roe": 1.22,
            "roe_4q": 8.39,
            "gross_profit": 89575,
            "gross_margin": 27.84,
            "gross_margin_4q_avg": 29.66,
            "net_income": 18209,
            "net_income_4q": null,
            "revenue": 321789,
            "revenue_4q": null,
            "common_shares": 838736,
            "book_valuer_per_share": 17.54,
            "book_valuer_per_share_4q_avg": 17.65,
            "equity": 1497340,
            "current_ratio": 129.32,
            "debt_ratio": 59.49,
            "inventory_turnover_ratio": 1,
            "account_receivable_turnover_ratio": 0.65,
            "reinvestment_rate": 59.05,
            "research_to_sale_ratio": 3.42,
            "price_fair": 84.88,
            "eps_avg_yearly": 2.43,
            "eps_latest_yearly": 0.84,
            "eps_growth_yearly": 69.61
        },
        "20211": {
            "year_quarter": 20211,
            "year": 2021,
            "quarter": 1,
            "eps": 0.4,
            "eps_growth_year": 29.03,
            "eps_4q": 1.65,
            "eps_4q_growth_year": 23.1,
            "roe": 2.27,
            "roe_4q": 9.09,
            "gross_profit": 102394,
            "gross_margin": 29.89,
            "gross_margin_4q_avg": 29.95,
            "net_income": 33932,
            "net_income_4q": null,
            "revenue": 342518,
            "revenue_4q": null,
            "common_shares": 838736,
            "book_valuer_per_share": 17.8,
            "book_valuer_per_share_4q_avg": 17.57,
            "equity": 1493898,
            "current_ratio": 120.15,
            "debt_ratio": 61.01,
            "inventory_turnover_ratio": 0.96,
            "account_receivable_turnover_ratio": 0.67,
            "reinvestment_rate": 68.57,
            "research_to_sale_ratio": 2.06,
            "price_fair": 81.64,
            "eps_avg_yearly": 2.33,
            "eps_latest_yearly": 1.6,
            "eps_growth_yearly": 95.84
        },
        "20212": {
            "year_quarter": 20212,
            "year": 2021,
            "quarter": 2,
            "eps": 0.86,
            "eps_growth_year": 11.69,
            "eps_4q": 1.74,
            "eps_4q_growth_year": -8.58,
            "roe": 4.79,
            "roe_4q": 9.72,
            "gross_profit": 121302,
            "gross_margin": 27.91,
            "gross_margin_4q_avg": 28.98,
            "net_income": 72134,
            "net_income_4q": null,
            "revenue": 434586,
            "revenue_4q": null,
            "common_shares": 838736,
            "book_valuer_per_share": 17.98,
            "book_valuer_per_share_4q_avg": 17.71,
            "equity": 1519458,
            "current_ratio": 120.56,
            "debt_ratio": 61.98,
            "inventory_turnover_ratio": 1.15,
            "account_receivable_turnover_ratio": 0.75,
            "reinvestment_rate": 62.68,
            "research_to_sale_ratio": 1.42,
            "price_fair": 83.21,
            "eps_avg_yearly": 2.38,
            "eps_latest_yearly": 3.44,
            "eps_growth_yearly": 127.51
        },
        "20213": {
            "year_quarter": 20213,
            "year": 2021,
            "quarter": 3,
            "eps": 0.98,
            "eps_growth_year": 262.96,
            "eps_4q": 2.45,
            "eps_4q_growth_year": 24.44,
            "roe": 5.49,
            "roe_4q": 13.770000000000001,
            "gross_profit": 166151,
            "gross_margin": 34.21,
            "gross_margin_4q_avg": 29.96,
            "net_income": 82125,
            "net_income_4q": null,
            "revenue": 485692,
            "revenue_4q": null,
            "common_shares": 838736,
            "book_valuer_per_share": 17.4,
            "book_valuer_per_share_4q_avg": 17.68,
            "equity": 1471234,
            "current_ratio": 120.36,
            "debt_ratio": 64.21,
            "inventory_turnover_ratio": 1.13,
            "account_receivable_turnover_ratio": 0.73,
            "reinvestment_rate": 54.57,
            "research_to_sale_ratio": 1.62,
            "price_fair": 86.1,
            "eps_avg_yearly": 2.46,
            "eps_latest_yearly": 3.92,
            "eps_growth_yearly": 132.1
        },
        "20214": {
            "year_quarter": 20214,
            "year": 2021,
            "quarter": 4,
            "eps": 0.82,
            "eps_growth_year": 291.45,
            "eps_4q": 3.07,
            "eps_4q_growth_year": 97.84,
            "roe": 4.57,
            "roe_4q": 17.12,
            "gross_profit": 144729,
            "gross_margin": 29.62,
            "gross_margin_4q_avg": 30.41,
            "net_income": 69085,
            "net_income_4q": null,
            "revenue": 488670,
            "revenue_4q": null,
            "common_shares": 838736,
            "book_valuer_per_share": 18.38,
            "book_valuer_per_share_4q_avg": 17.89,
            "equity": 1553405,
            "current_ratio": 123.29,
            "debt_ratio": 62.57,
            "inventory_turnover_ratio": 1.24,
            "account_receivable_turnover_ratio": 0.67,
            "reinvestment_rate": 43.48,
            "research_to_sale_ratio": 2.61,
            "price_fair": 87.68,
            "eps_avg_yearly": 2.51,
            "eps_latest_yearly": 3.28,
            "eps_growth_yearly": 128.41
        },
        "20221": {
            "year_quarter": 20221,
            "year": 2022,
            "quarter": 1,
            "eps": 0.54,
            "eps_growth_year": 35,
            "eps_4q": 3.2,
            "eps_4q_growth_year": 94.4,
            "roe": 2.82,
            "roe_4q": 17.67,
            "gross_profit": 97387,
            "gross_margin": 29.92,
            "gross_margin_4q_avg": 30.42,
            "net_income": 45303,
            "net_income_4q": null,
            "revenue": 325477,
            "revenue_4q": null,
            "common_shares": 838736,
            "book_valuer_per_share": 19.63,
            "book_valuer_per_share_4q_avg": 18.35,
            "equity": 1658287,
            "current_ratio": 123.03,
            "debt_ratio": 61.13,
            "inventory_turnover_ratio": 0.88,
            "account_receivable_turnover_ratio": 0.46,
            "reinvestment_rate": 58.29,
            "research_to_sale_ratio": 2.23,
            "price_fair": 88.64,
            "eps_avg_yearly": 2.53,
            "eps_latest_yearly": 2.16,
            "eps_growth_yearly": 128.07
        },
        "20222": {
            "year_quarter": 20222,
            "year": 2022,
            "quarter": 2,
            "eps": 0.68,
            "eps_growth_year": -20.93,
            "eps_4q": 3.02,
            "eps_4q_growth_year": 73.5,
            "roe": 3.41,
            "roe_4q": 16.29,
            "gross_profit": 123314,
            "gross_margin": 33.58,
            "gross_margin_4q_avg": 31.83,
            "net_income": 56314,
            "net_income_4q": null,
            "revenue": 367267,
            "revenue_4q": null,
            "common_shares": 838736,
            "book_valuer_per_share": 19.39,
            "book_valuer_per_share_4q_avg": 18.7,
            "equity": 1643111,
            "current_ratio": 120.9,
            "debt_ratio": 60.28,
            "inventory_turnover_ratio": 0.96,
            "account_receivable_turnover_ratio": 0.59,
            "reinvestment_rate": 62.77,
            "research_to_sale_ratio": 1.84,
            "price_fair": 80.41,
            "eps_avg_yearly": 2.3,
            "eps_latest_yearly": 2.72,
            "eps_growth_yearly": 65.37
        },
        "20223": {
            "year_quarter": 20223,
            "year": 2022,
            "quarter": 3,
            "eps": 0.67,
            "eps_growth_year": -31.63,
            "eps_4q": 2.85,
            "eps_4q_growth_year": 16.19,
            "roe": 3.31,
            "roe_4q": 14.110000000000001,
            "gross_profit": 109081,
            "gross_margin": 30.83,
            "gross_margin_4q_avg": 30.99,
            "net_income": 56215,
            "net_income_4q": null,
            "revenue": 353847,
            "revenue_4q": null,
            "common_shares": 796799,
            "book_valuer_per_share": 21.84,
            "book_valuer_per_share_4q_avg": 19.81,
            "equity": 1757571,
            "current_ratio": 132.17,
            "debt_ratio": 57.71,
            "inventory_turnover_ratio": 1.01,
            "account_receivable_turnover_ratio": 0.6,
            "reinvestment_rate": 57.06,
            "research_to_sale_ratio": 2.61,
            "price_fair": 76.3,
            "eps_avg_yearly": 2.18,
            "eps_latest_yearly": 2.68,
            "eps_growth_yearly": 72.41
        },
        "20224": {
            "year_quarter": 20224,
            "year": 2022,
            "quarter": 4,
            "eps": -0.09,
            "eps_growth_year": -111.38,
            "eps_4q": 1.89,
            "eps_4q_growth_year": -38.41,
            "roe": -0.42,
            "roe_4q": 9.120000000000001,
            "gross_profit": 121362,
            "gross_margin": 35.68,
            "gross_margin_4q_avg": 32.5,
            "net_income": -7294,
            "net_income_4q": null,
            "revenue": 340179,
            "revenue_4q": null,
            "common_shares": 796799,
            "book_valuer_per_share": 21.2,
            "book_valuer_per_share_4q_avg": 20.52,
            "equity": 1706815,
            "current_ratio": 133.27,
            "debt_ratio": 57.03,
            "inventory_turnover_ratio": 0.96,
            "account_receivable_turnover_ratio": 0.64,
            "reinvestment_rate": 56.13,
            "research_to_sale_ratio": 2.68,
            "price_fair": 73.83,
            "eps_avg_yearly": 2.11,
            "eps_latest_yearly": 2.68,
            "eps_growth_yearly": 84.96
        },
        "20231": {
            "year_quarter": 20231,
            "year": 2023,
            "quarter": 1,
            "eps": 0.61,
            "eps_growth_year": 12.96,
            "eps_4q": 1.93,
            "eps_4q_growth_year": -39.83,
            "roe": 2.8,
            "roe_4q": 9.1,
            "gross_profit": 68817,
            "gross_margin": 31.18,
            "gross_margin_4q_avg": 32.82,
            "net_income": 47239,
            "net_income_4q": null,
            "revenue": 220675,
            "revenue_4q": null,
            "common_shares": 796799,
            "book_valuer_per_share": 20.76,
            "book_valuer_per_share_4q_avg": 20.8,
            "equity": 1670335,
            "current_ratio": 130.94,
            "debt_ratio": 57.8,
            "inventory_turnover_ratio": 0.67,
            "account_receivable_turnover_ratio": 0.5,
            "reinvestment_rate": 54.03,
            "research_to_sale_ratio": 3.27,
            "price_fair": 75.4,
            "eps_avg_yearly": 2.15,
            "eps_latest_yearly": 2.68,
            "eps_growth_yearly": 106.54
        },
        "20232": {
            "year_quarter": 20232,
            "year": 2023,
            "quarter": 2,
            "eps": 0.28,
            "eps_growth_year": -58.82,
            "eps_4q": 1.5,
            "eps_4q_growth_year": -50.42,
            "roe": 1.33,
            "roe_4q": 7.02,
            "gross_profit": 70687,
            "gross_margin": 31.69,
            "gross_margin_4q_avg": 32.35,
            "net_income": 22668,
            "net_income_4q": null,
            "revenue": 223081,
            "revenue_4q": null,
            "common_shares": 796799,
            "book_valuer_per_share": 21.74,
            "book_valuer_per_share_4q_avg": 21.39,
            "equity": 1748383,
            "current_ratio": 131.37,
            "debt_ratio": 56.69,
            "inventory_turnover_ratio": 0.62,
            "account_receivable_turnover_ratio": 0.56,
            "reinvestment_rate": 44.75,
            "research_to_sale_ratio": 3.46,
            "price_fair": 76.2,
            "eps_avg_yearly": 2.18,
            "eps_latest_yearly": 1.12,
            "eps_growth_yearly": 104.21
        },
        "20233": {
            "year_quarter": 20233,
            "year": 2023,
            "quarter": 3,
            "eps": 0.56,
            "eps_growth_year": -16.42,
            "eps_4q": 1.35,
            "eps_4q_growth_year": -52.51,
            "roe": 2.44,
            "roe_4q": 6.15,
            "gross_profit": 98414,
            "gross_margin": 29.56,
            "gross_margin_4q_avg": 32.03,
            "net_income": 44101,
            "net_income_4q": null,
            "revenue": 332983,
            "revenue_4q": null,
            "common_shares": 796799,
            "book_valuer_per_share": 23.43,
            "book_valuer_per_share_4q_avg": 21.78,
            "equity": 1872067,
            "current_ratio": 133.58,
            "debt_ratio": 55.16,
            "inventory_turnover_ratio": 0.91,
            "account_receivable_turnover_ratio": 0.81,
            "reinvestment_rate": 41.82,
            "research_to_sale_ratio": 3.09,
            "price_fair": 79.8,
            "eps_avg_yearly": 2.28,
            "eps_latest_yearly": 2.24,
            "eps_growth_yearly": 132.79
        }
    },
    "months": {
        "2002-12": {
            "month": "2002-12",
            "price": "42.94",
            "revenue": 35517
        },
        "2003-01": {
            "month": "2003-01",
            "price": "41.53",
            "revenue": 49301
        },
        "2003-02": {
            "month": "2003-02",
            "price": "39.89",
            "revenue": 37144
        },
        "2003-03": {
            "month": "2003-03",
            "price": "38.90",
            "revenue": 52218
        },
        "2003-04": {
            "month": "2003-04",
            "price": "39.27",
            "revenue": 56526
        },
        "2003-05": {
            "month": "2003-05",
            "price": "41.69",
            "revenue": 57356
        },
        "2003-06": {
            "month": "2003-06",
            "price": "46.00",
            "revenue": 56379
        },
        "2003-07": {
            "month": "2003-07",
            "price": "49.86",
            "revenue": 51107
        },
        "2003-08": {
            "month": "2003-08",
            "price": "46.73",
            "revenue": 73563
        },
        "2003-09": {
            "month": "2003-09",
            "price": "44.64",
            "revenue": 87964
        },
        "2003-10": {
            "month": "2003-10",
            "price": "42.61",
            "revenue": 56033
        },
        "2003-11": {
            "month": "2003-11",
            "price": "45.94",
            "revenue": 71072
        },
        "2003-12": {
            "month": "2003-12",
            "price": "51.76",
            "revenue": 62501
        },
        "2004-01": {
            "month": "2004-01",
            "price": "58.17",
            "revenue": 48386
        },
        "2004-02": {
            "month": "2004-02",
            "price": "58.92",
            "revenue": 57752
        },
        "2004-03": {
            "month": "2004-03",
            "price": "57.59",
            "revenue": 94162
        },
        "2004-04": {
            "month": "2004-04",
            "price": "64.66",
            "revenue": 89765
        },
        "2004-05": {
            "month": "2004-05",
            "price": "52.15",
            "revenue": 89519
        },
        "2004-06": {
            "month": "2004-06",
            "price": "49.80",
            "revenue": 96361
        },
        "2004-07": {
            "month": "2004-07",
            "price": "38.80",
            "revenue": 99161
        },
        "2004-08": {
            "month": "2004-08",
            "price": "33.22",
            "revenue": 112236
        },
        "2004-09": {
            "month": "2004-09",
            "price": "32.23",
            "revenue": 105742
        },
        "2004-10": {
            "month": "2004-10",
            "price": "26.80",
            "revenue": 91211
        },
        "2004-11": {
            "month": "2004-11",
            "price": "27.43",
            "revenue": 84717
        },
        "2004-12": {
            "month": "2004-12",
            "price": "26.60",
            "revenue": 84093
        },
        "2005-01": {
            "month": "2005-01",
            "price": "25.53",
            "revenue": 48169
        },
        "2005-02": {
            "month": "2005-02",
            "price": "27.63",
            "revenue": 70843
        },
        "2005-03": {
            "month": "2005-03",
            "price": "29.94",
            "revenue": 68459
        },
        "2005-04": {
            "month": "2005-04",
            "price": "28.11",
            "revenue": 164354
        },
        "2005-05": {
            "month": "2005-05",
            "price": "23.49",
            "revenue": 79528
        },
        "2005-06": {
            "month": "2005-06",
            "price": "24.31",
            "revenue": 67700
        },
        "2005-07": {
            "month": "2005-07",
            "price": "23.20",
            "revenue": 122069
        },
        "2005-08": {
            "month": "2005-08",
            "price": "18.53",
            "revenue": 169888
        },
        "2005-09": {
            "month": "2005-09",
            "price": "16.28",
            "revenue": 157508
        },
        "2005-10": {
            "month": "2005-10",
            "price": "15.59",
            "revenue": 160357
        },
        "2005-11": {
            "month": "2005-11",
            "price": "15.73",
            "revenue": 166866
        },
        "2005-12": {
            "month": "2005-12",
            "price": "19.37",
            "revenue": 131946
        },
        "2006-01": {
            "month": "2006-01",
            "price": "21.87",
            "revenue": 154996
        },
        "2006-02": {
            "month": "2006-02",
            "price": "23.00",
            "revenue": 114164
        },
        "2006-03": {
            "month": "2006-03",
            "price": "22.92",
            "revenue": 138857
        },
        "2006-04": {
            "month": "2006-04",
            "price": "27.50",
            "revenue": 164354
        },
        "2006-05": {
            "month": "2006-05",
            "price": "30.96",
            "revenue": 152381
        },
        "2006-06": {
            "month": "2006-06",
            "price": "26.17",
            "revenue": 173306
        },
        "2006-07": {
            "month": "2006-07",
            "price": "26.92",
            "revenue": 147960
        },
        "2006-08": {
            "month": "2006-08",
            "price": "27.67",
            "revenue": 180318
        },
        "2006-09": {
            "month": "2006-09",
            "price": "30.04",
            "revenue": 197385
        },
        "2006-10": {
            "month": "2006-10",
            "price": "32.61",
            "revenue": 192520
        },
        "2006-11": {
            "month": "2006-11",
            "price": "35.07",
            "revenue": 211456
        },
        "2006-12": {
            "month": "2006-12",
            "price": "43.37",
            "revenue": 160673
        },
        "2007-01": {
            "month": "2007-01",
            "price": "44.19",
            "revenue": 171903
        },
        "2007-02": {
            "month": "2007-02",
            "price": "46.39",
            "revenue": 131858
        },
        "2007-03": {
            "month": "2007-03",
            "price": "46.98",
            "revenue": 190916
        },
        "2007-04": {
            "month": "2007-04",
            "price": "49.17",
            "revenue": 174993
        },
        "2007-05": {
            "month": "2007-05",
            "price": "49.70",
            "revenue": 192137
        },
        "2007-06": {
            "month": "2007-06",
            "price": "50.54",
            "revenue": 179291
        },
        "2007-07": {
            "month": "2007-07",
            "price": "55.05",
            "revenue": 179948
        },
        "2007-08": {
            "month": "2007-08",
            "price": "52.21",
            "revenue": 215341
        },
        "2007-09": {
            "month": "2007-09",
            "price": "53.23",
            "revenue": 202176
        },
        "2007-10": {
            "month": "2007-10",
            "price": "49.61",
            "revenue": 187195
        },
        "2007-11": {
            "month": "2007-11",
            "price": "41.83",
            "revenue": 208029
        },
        "2007-12": {
            "month": "2007-12",
            "price": "42.98",
            "revenue": 160262
        },
        "2008-01": {
            "month": "2008-01",
            "price": "46.50",
            "revenue": 158375
        },
        "2008-02": {
            "month": "2008-02",
            "price": "41.64",
            "revenue": 131324
        },
        "2008-03": {
            "month": "2008-03",
            "price": "43.47",
            "revenue": 182843
        },
        "2008-04": {
            "month": "2008-04",
            "price": "43.01",
            "revenue": 177517
        },
        "2008-05": {
            "month": "2008-05",
            "price": "41.57",
            "revenue": 154633
        },
        "2008-06": {
            "month": "2008-06",
            "price": "32.55",
            "revenue": 152152
        },
        "2008-07": {
            "month": "2008-07",
            "price": "25.99",
            "revenue": 125363
        },
        "2008-08": {
            "month": "2008-08",
            "price": "20.24",
            "revenue": 118785
        },
        "2008-09": {
            "month": "2008-09",
            "price": "17.03",
            "revenue": 120052
        },
        "2008-10": {
            "month": "2008-10",
            "price": "16.05",
            "revenue": 108593
        },
        "2008-11": {
            "month": "2008-11",
            "price": "15.44",
            "revenue": 67710
        },
        "2008-12": {
            "month": "2008-12",
            "price": "13.72",
            "revenue": 53553
        },
        "2009-01": {
            "month": "2009-01",
            "price": "13.34",
            "revenue": 46076
        },
        "2009-02": {
            "month": "2009-02",
            "price": "12.98",
            "revenue": 52740
        },
        "2009-03": {
            "month": "2009-03",
            "price": "15.60",
            "revenue": 70680
        },
        "2009-04": {
            "month": "2009-04",
            "price": "16.82",
            "revenue": 108816
        },
        "2009-05": {
            "month": "2009-05",
            "price": "15.10",
            "revenue": 92646
        },
        "2009-06": {
            "month": "2009-06",
            "price": "14.11",
            "revenue": 105291
        },
        "2009-07": {
            "month": "2009-07",
            "price": "15.45",
            "revenue": 140814
        },
        "2009-08": {
            "month": "2009-08",
            "price": "18.02",
            "revenue": 136591
        },
        "2009-09": {
            "month": "2009-09",
            "price": "23.18",
            "revenue": 142701
        },
        "2009-10": {
            "month": "2009-10",
            "price": "25.12",
            "revenue": 138303
        },
        "2009-11": {
            "month": "2009-11",
            "price": "23.22",
            "revenue": 147840
        },
        "2009-12": {
            "month": "2009-12",
            "price": "25.28",
            "revenue": 169456
        },
        "2010-01": {
            "month": "2010-01",
            "price": "31.93",
            "revenue": 168022
        },
        "2010-02": {
            "month": "2010-02",
            "price": "31.04",
            "revenue": 154218
        },
        "2010-03": {
            "month": "2010-03",
            "price": "34.85",
            "revenue": 194667
        },
        "2010-04": {
            "month": "2010-04",
            "price": "37.89",
            "revenue": 205008
        },
        "2010-05": {
            "month": "2010-05",
            "price": "39.83",
            "revenue": 220824
        },
        "2010-06": {
            "month": "2010-06",
            "price": "42.93",
            "revenue": 245154
        },
        "2010-07": {
            "month": "2010-07",
            "price": "49.00",
            "revenue": 252859
        },
        "2010-08": {
            "month": "2010-08",
            "price": "47.20",
            "revenue": 271658
        },
        "2010-09": {
            "month": "2010-09",
            "price": "45.77",
            "revenue": 234010
        },
        "2010-10": {
            "month": "2010-10",
            "price": "45.35",
            "revenue": 197039
        },
        "2010-11": {
            "month": "2010-11",
            "price": "44.28",
            "revenue": 169940
        },
        "2010-12": {
            "month": "2010-12",
            "price": "50.24",
            "revenue": 188602
        },
        "2011-01": {
            "month": "2011-01",
            "price": "51.62",
            "revenue": 173968
        },
        "2011-02": {
            "month": "2011-02",
            "price": "49.29",
            "revenue": 146496
        },
        "2011-03": {
            "month": "2011-03",
            "price": "48.11",
            "revenue": 256196
        },
        "2011-04": {
            "month": "2011-04",
            "price": "49.27",
            "revenue": 258459
        },
        "2011-05": {
            "month": "2011-05",
            "price": "51.54",
            "revenue": 204181
        },
        "2011-06": {
            "month": "2011-06",
            "price": "48.83",
            "revenue": 325202
        },
        "2011-07": {
            "month": "2011-07",
            "price": "46.86",
            "revenue": 338746
        },
        "2011-08": {
            "month": "2011-08",
            "price": "44.25",
            "revenue": 201749
        },
        "2011-09": {
            "month": "2011-09",
            "price": "40.43",
            "revenue": 150900
        },
        "2011-10": {
            "month": "2011-10",
            "price": "34.49",
            "revenue": 135982
        },
        "2011-11": {
            "month": "2011-11",
            "price": "30.88",
            "revenue": 114592
        },
        "2011-12": {
            "month": "2011-12",
            "price": "26.71",
            "revenue": 160461
        },
        "2012-01": {
            "month": "2012-01",
            "price": "26.65",
            "revenue": 121118
        },
        "2012-02": {
            "month": "2012-02",
            "price": "31.84",
            "revenue": 154462
        },
        "2012-03": {
            "month": "2012-03",
            "price": "34.11",
            "revenue": 199896
        },
        "2012-04": {
            "month": "2012-04",
            "price": "28.10",
            "revenue": 202082
        },
        "2012-05": {
            "month": "2012-05",
            "price": "27.17",
            "revenue": 194896
        },
        "2012-06": {
            "month": "2012-06",
            "price": "25.93",
            "revenue": 211132
        },
        "2012-07": {
            "month": "2012-07",
            "price": "26.33",
            "revenue": 270462
        },
        "2012-08": {
            "month": "2012-08",
            "price": "25.64",
            "revenue": 216737
        },
        "2012-09": {
            "month": "2012-09",
            "price": "23.99",
            "revenue": 160386
        },
        "2012-10": {
            "month": "2012-10",
            "price": "22.15",
            "revenue": 160724
        },
        "2012-11": {
            "month": "2012-11",
            "price": "19.38",
            "revenue": 146395
        },
        "2012-12": {
            "month": "2012-12",
            "price": "20.94",
            "revenue": 151821
        },
        "2013-01": {
            "month": "2013-01",
            "price": "21.05",
            "revenue": 166087
        },
        "2013-02": {
            "month": "2013-02",
            "price": "21.76",
            "revenue": 163566
        },
        "2013-03": {
            "month": "2013-03",
            "price": "23.68",
            "revenue": 158660
        },
        "2013-04": {
            "month": "2013-04",
            "price": "21.37",
            "revenue": 177147
        },
        "2013-05": {
            "month": "2013-05",
            "price": "21.28",
            "revenue": 182399
        },
        "2013-06": {
            "month": "2013-06",
            "price": "20.88",
            "revenue": 148232
        },
        "2013-07": {
            "month": "2013-07",
            "price": "20.50",
            "revenue": 180033
        },
        "2013-08": {
            "month": "2013-08",
            "price": "18.49",
            "revenue": 196699
        },
        "2013-09": {
            "month": "2013-09",
            "price": "17.96",
            "revenue": 157719
        },
        "2013-10": {
            "month": "2013-10",
            "price": "17.57",
            "revenue": 119472
        },
        "2013-11": {
            "month": "2013-11",
            "price": "16.61",
            "revenue": 120142
        },
        "2013-12": {
            "month": "2013-12",
            "price": "16.72",
            "revenue": 137587
        },
        "2014-01": {
            "month": "2014-01",
            "price": "18.69",
            "revenue": 116016
        },
        "2014-02": {
            "month": "2014-02",
            "price": "19.80",
            "revenue": 112267
        },
        "2014-03": {
            "month": "2014-03",
            "price": "20.31",
            "revenue": 156282
        },
        "2014-04": {
            "month": "2014-04",
            "price": "19.18",
            "revenue": 111597
        },
        "2014-05": {
            "month": "2014-05",
            "price": "18.36",
            "revenue": 135562
        },
        "2014-06": {
            "month": "2014-06",
            "price": "22.32",
            "revenue": 154215
        },
        "2014-07": {
            "month": "2014-07",
            "price": "26.87",
            "revenue": 143205
        },
        "2014-08": {
            "month": "2014-08",
            "price": "23.98",
            "revenue": 157090
        },
        "2014-09": {
            "month": "2014-09",
            "price": "24.12",
            "revenue": 193232
        },
        "2014-10": {
            "month": "2014-10",
            "price": "22.46",
            "revenue": 177128
        },
        "2014-11": {
            "month": "2014-11",
            "price": "23.03",
            "revenue": 201056
        },
        "2014-12": {
            "month": "2014-12",
            "price": "25.25",
            "revenue": 284291
        },
        "2015-01": {
            "month": "2015-01",
            "price": "29.36",
            "revenue": 197675
        },
        "2015-02": {
            "month": "2015-02",
            "price": "29.62",
            "revenue": 138503
        },
        "2015-03": {
            "month": "2015-03",
            "price": "28.58",
            "revenue": 157445
        },
        "2015-04": {
            "month": "2015-04",
            "price": "27.32",
            "revenue": 194833
        },
        "2015-05": {
            "month": "2015-05",
            "price": "28.48",
            "revenue": 147256
        },
        "2015-06": {
            "month": "2015-06",
            "price": "29.14",
            "revenue": 177033
        },
        "2015-07": {
            "month": "2015-07",
            "price": "27.44",
            "revenue": 180235
        },
        "2015-08": {
            "month": "2015-08",
            "price": "22.78",
            "revenue": 179568
        },
        "2015-09": {
            "month": "2015-09",
            "price": "23.51",
            "revenue": 165105
        },
        "2015-10": {
            "month": "2015-10",
            "price": "26.04",
            "revenue": 151428
        },
        "2015-11": {
            "month": "2015-11",
            "price": "28.55",
            "revenue": 143095
        },
        "2015-12": {
            "month": "2015-12",
            "price": "27.26",
            "revenue": 160065
        },
        "2016-01": {
            "month": "2016-01",
            "price": "23.77",
            "revenue": 127740
        },
        "2016-02": {
            "month": "2016-02",
            "price": "24.38",
            "revenue": 89219
        },
        "2016-03": {
            "month": "2016-03",
            "price": "26.15",
            "revenue": 156163
        },
        "2016-04": {
            "month": "2016-04",
            "price": "25.86",
            "revenue": 157497
        },
        "2016-05": {
            "month": "2016-05",
            "price": "23.76",
            "revenue": 182900
        },
        "2016-06": {
            "month": "2016-06",
            "price": "23.97",
            "revenue": 144369
        },
        "2016-07": {
            "month": "2016-07",
            "price": "21.51",
            "revenue": 136603
        },
        "2016-08": {
            "month": "2016-08",
            "price": "21.12",
            "revenue": 158161
        },
        "2016-09": {
            "month": "2016-09",
            "price": "20.88",
            "revenue": 194562
        },
        "2016-10": {
            "month": "2016-10",
            "price": "21.82",
            "revenue": 174973
        },
        "2016-11": {
            "month": "2016-11",
            "price": "20.74",
            "revenue": 171067
        },
        "2016-12": {
            "month": "2016-12",
            "price": "20.90",
            "revenue": 310831
        },
        "2017-01": {
            "month": "2017-01",
            "price": "23.03",
            "revenue": 166429
        },
        "2017-02": {
            "month": "2017-02",
            "price": "24.86",
            "revenue": 221584
        },
        "2017-03": {
            "month": "2017-03",
            "price": "27.93",
            "revenue": 280193
        },
        "2017-04": {
            "month": "2017-04",
            "price": "33.95",
            "revenue": 238052
        },
        "2017-05": {
            "month": "2017-05",
            "price": "34.00",
            "revenue": 156186
        },
        "2017-06": {
            "month": "2017-06",
            "price": "31.03",
            "revenue": 194095
        },
        "2017-07": {
            "month": "2017-07",
            "price": "29.21",
            "revenue": 155075
        },
        "2017-08": {
            "month": "2017-08",
            "price": "29.00",
            "revenue": 187924
        },
        "2017-09": {
            "month": "2017-09",
            "price": "31.47",
            "revenue": 209999
        },
        "2017-10": {
            "month": "2017-10",
            "price": "30.49",
            "revenue": 158852
        },
        "2017-11": {
            "month": "2017-11",
            "price": "29.98",
            "revenue": 148559
        },
        "2017-12": {
            "month": "2017-12",
            "price": "29.45",
            "revenue": 170568
        },
        "2018-01": {
            "month": "2018-01",
            "price": "31.16",
            "revenue": 177929
        },
        "2018-02": {
            "month": "2018-02",
            "price": "29.43",
            "revenue": 160354
        },
        "2018-03": {
            "month": "2018-03",
            "price": "30.34",
            "revenue": 184170
        },
        "2018-04": {
            "month": "2018-04",
            "price": "30.94",
            "revenue": 117369
        },
        "2018-05": {
            "month": "2018-05",
            "price": "31.99",
            "revenue": 228712
        },
        "2018-06": {
            "month": "2018-06",
            "price": "40.59",
            "revenue": 282736
        },
        "2018-07": {
            "month": "2018-07",
            "price": "48.59",
            "revenue": 267652
        },
        "2018-08": {
            "month": "2018-08",
            "price": "40.48",
            "revenue": 266574
        },
        "2018-09": {
            "month": "2018-09",
            "price": "38.75",
            "revenue": 180593
        },
        "2018-10": {
            "month": "2018-10",
            "price": "31.22",
            "revenue": 141732
        },
        "2018-11": {
            "month": "2018-11",
            "price": "30.10",
            "revenue": 114210
        },
        "2018-12": {
            "month": "2018-12",
            "price": "30.12",
            "revenue": 87266
        },
        "2019-01": {
            "month": "2019-01",
            "price": "28.61",
            "revenue": 128948
        },
        "2019-02": {
            "month": "2019-02",
            "price": "30.15",
            "revenue": 101218
        },
        "2019-03": {
            "month": "2019-03",
            "price": "30.08",
            "revenue": 77325
        },
        "2019-04": {
            "month": "2019-04",
            "price": "31.06",
            "revenue": 104083
        },
        "2019-05": {
            "month": "2019-05",
            "price": "28.99",
            "revenue": 71266
        },
        "2019-06": {
            "month": "2019-06",
            "price": "28.38",
            "revenue": 109903
        },
        "2019-07": {
            "month": "2019-07",
            "price": "28.91",
            "revenue": 82032
        },
        "2019-08": {
            "month": "2019-08",
            "price": "24.99",
            "revenue": 91308
        },
        "2019-09": {
            "month": "2019-09",
            "price": "25.11",
            "revenue": 77154
        },
        "2019-10": {
            "month": "2019-10",
            "price": "25.80",
            "revenue": 69390
        },
        "2019-11": {
            "month": "2019-11",
            "price": "24.86",
            "revenue": 86409
        },
        "2019-12": {
            "month": "2019-12",
            "price": "24.84",
            "revenue": 87587
        },
        "2020-01": {
            "month": "2020-01",
            "price": "25.21",
            "revenue": 85090
        },
        "2020-02": {
            "month": "2020-02",
            "price": "23.79",
            "revenue": 61600
        },
        "2020-03": {
            "month": "2020-03",
            "price": "20.06",
            "revenue": 105882
        },
        "2020-04": {
            "month": "2020-04",
            "price": "21.48",
            "revenue": 151592
        },
        "2020-05": {
            "month": "2020-05",
            "price": "23.22",
            "revenue": 106093
        },
        "2020-06": {
            "month": "2020-06",
            "price": "23.76",
            "revenue": 99210
        },
        "2020-07": {
            "month": "2020-07",
            "price": "24.00",
            "revenue": 83583
        },
        "2020-08": {
            "month": "2020-08",
            "price": "23.34",
            "revenue": 95640
        },
        "2020-09": {
            "month": "2020-09",
            "price": "24.41",
            "revenue": 111811
        },
        "2020-10": {
            "month": "2020-10",
            "price": "24.07",
            "revenue": 81843
        },
        "2020-11": {
            "month": "2020-11",
            "price": "24.40",
            "revenue": 109898
        },
        "2020-12": {
            "month": "2020-12",
            "price": "28.27",
            "revenue": 127568
        },
        "2021-01": {
            "month": "2021-01",
            "price": "28.04",
            "revenue": 120429
        },
        "2021-02": {
            "month": "2021-02",
            "price": "27.37",
            "revenue": 90119
        },
        "2021-03": {
            "month": "2021-03",
            "price": "29.84",
            "revenue": 135273
        },
        "2021-04": {
            "month": "2021-04",
            "price": "34.14",
            "revenue": 124652
        },
        "2021-05": {
            "month": "2021-05",
            "price": "29.06",
            "revenue": 175279
        },
        "2021-06": {
            "month": "2021-06",
            "price": "31.17",
            "revenue": 128047
        },
        "2021-07": {
            "month": "2021-07",
            "price": "33.20",
            "revenue": 159984
        },
        "2021-08": {
            "month": "2021-08",
            "price": "32.39",
            "revenue": 160776
        },
        "2021-09": {
            "month": "2021-09",
            "price": "29.85",
            "revenue": 167480
        },
        "2021-10": {
            "month": "2021-10",
            "price": "29.00",
            "revenue": 170064
        },
        "2021-11": {
            "month": "2021-11",
            "price": "31.11",
            "revenue": 134379
        },
        "2021-12": {
            "month": "2021-12",
            "price": "34.75",
            "revenue": 183945
        },
        "2022-01": {
            "month": "2022-01",
            "price": "37.62",
            "revenue": 124122
        },
        "2022-02": {
            "month": "2022-02",
            "price": "36.55",
            "revenue": 91793
        },
        "2022-03": {
            "month": "2022-03",
            "price": "34.51",
            "revenue": 108640
        },
        "2022-04": {
            "month": "2022-04",
            "price": "32.48",
            "revenue": 67839
        },
        "2022-05": {
            "month": "2022-05",
            "price": "29.37",
            "revenue": 138056
        },
        "2022-06": {
            "month": "2022-06",
            "price": "28.49",
            "revenue": 160919
        },
        "2022-07": {
            "month": "2022-07",
            "price": "25.85",
            "revenue": 114461
        },
        "2022-08": {
            "month": "2022-08",
            "price": "27.10",
            "revenue": 138780
        },
        "2022-09": {
            "month": "2022-09",
            "price": "27.05",
            "revenue": 99616
        },
        "2022-10": {
            "month": "2022-10",
            "price": "24.73",
            "revenue": 103811
        },
        "2022-11": {
            "month": "2022-11",
            "price": "26.03",
            "revenue": 109353
        },
        "2022-12": {
            "month": "2022-12",
            "price": "26.61",
            "revenue": 127429
        },
        "2023-01": {
            "month": "2023-01",
            "price": "25.93",
            "revenue": 72295
        },
        "2023-02": {
            "month": "2023-02",
            "price": "26.48",
            "revenue": 59704
        },
        "2023-03": {
            "month": "2023-03",
            "price": "28.05",
            "revenue": 95995
        },
        "2023-04": {
            "month": "2023-04",
            "price": "28.04",
            "revenue": 66731
        },
        "2023-05": {
            "month": "2023-05",
            "price": "27.93",
            "revenue": 71956
        },
        "2023-06": {
            "month": "2023-06",
            "price": "29.66",
            "revenue": 76910
        },
        "2023-07": {
            "month": "2023-07",
            "price": "31.41",
            "revenue": 129118
        },
        "2023-08": {
            "month": "2023-08",
            "price": "31.80",
            "revenue": 120545
        },
        "2023-09": {
            "month": "2023-09",
            "price": "31.01",
            "revenue": 92368
        },
        "2023-10": {
            "month": "2023-10",
            "price": "29.78",
            "revenue": 92303
        },
        "2023-11": {
            "month": "2023-11",
            "price": "30.06",
            "revenue": 166488
        },
        "2023-12": {
            "month": "2023-12",
            "price": "32.32",
            "revenue": 136244
        }
    }
}
