{
    "summary": {
        "stock_name": "日揚",
        "stock_id": "6208",
        "category": "電子零組件",
        "main_business": "真空腔體、模組、閥門及零部件設計製造銷售<br>真空泵、中古真空泵銷售及維修<br>客製化各式真空鍍膜腔體與系統設計製造",
        "website_url": "http://www.htcvacuum.com/",
        "ceo": "寇崇善",
        "pe_ratio": 18,
        "report_year_from": 2001,
        "report_year_to": 2023,
        "age": 23,
        "eps_negative_percentage": 5,
        "eps_growth_avg": {
            "last_all": 0.66,
            "last_2y": -1.48,
            "last_4y": 5.17,
            "last_8y": 14.79,
            "last_12y": 14.35,
            "last_16y": -0.02,
            "last_20y": 0.66,
            "at_2006_last_3y": 3.4,
            "at_2007_last_3y": -14.77,
            "at_2008_last_3y": -28.5,
            "at_2009_last_3y": -49.89,
            "at_2010_last_3y": -62.31,
            "at_2011_last_3y": -33.08,
            "at_2012_last_3y": -45.51,
            "at_2013_last_3y": 11.16,
            "at_2014_last_3y": 13.37,
            "at_2015_last_3y": -3.55,
            "at_2016_last_3y": 31.44,
            "at_2017_last_3y": 27.83,
            "at_2018_last_3y": 26.81,
            "at_2019_last_3y": 36.91,
            "at_2020_last_3y": 25.45,
            "at_2021_last_3y": 16.31,
            "at_2022_last_3y": 18.88,
            "at_2023_last_3y": 4.22,
            "at_2024_last_3y": 4.22,
            "at_2006_last_all": 3.4,
            "at_2007_last_all": -7.56,
            "at_2008_last_all": -12.22,
            "at_2009_last_all": -24.76,
            "at_2010_last_all": -24.76,
            "at_2011_last_all": -17.13,
            "at_2012_last_all": -23.32,
            "at_2013_last_all": -13.99,
            "at_2014_last_all": -10.9,
            "at_2015_last_all": -12.6,
            "at_2016_last_all": -6.47,
            "at_2017_last_all": -2.04,
            "at_2018_last_all": -0.84,
            "at_2019_last_all": -0.22,
            "at_2020_last_all": 1.04,
            "at_2021_last_all": 2.04,
            "at_2022_last_all": 3.31,
            "at_2023_last_all": 0.66,
            "at_2024_last_all": 0.66
        },
        "latest_eps": 3.21,
        "latest_price": 59,
        "latest_roe": 13.42,
        "latest_gross_margin": 33.3,
        "latest_equity": 3436423,
        "latest_revenue": 1099139,
        "latest_gross_profit": 366041,
        "latest_net_income": 101435,
        "latest_debt_ratio": 53.26,
        "latest_current_ratio": 144.92,
        "latest_account_receivable_turnover_ratio": 1.15,
        "latest_inventory_turnover_ratio": 0.51,
        "latest_reinvestment_rate": 148.21,
        "latest_research_to_sale_ratio": 5.37
    },
    "eps_dividends": {
        "2001": {
            "cash": 2,
            "stock": 0,
            "eps": 0
        },
        "2002": {
            "cash": 0.5,
            "stock": 0,
            "eps": 2.3
        },
        "2003": {
            "cash": 1.5,
            "stock": 0.5,
            "eps": 2.79
        },
        "2004": {
            "cash": 0.47,
            "stock": 1.4,
            "eps": 3.33
        },
        "2005": {
            "cash": 1,
            "stock": 1,
            "eps": 2.85
        },
        "2006": {
            "cash": 0.37,
            "stock": 1.48,
            "eps": 2.49
        },
        "2007": {
            "cash": 1,
            "stock": 1,
            "eps": 1.21
        },
        "2008": {
            "cash": 0.5,
            "stock": 0.5,
            "eps": 0.78
        },
        "2009": {
            "cash": 0.1,
            "stock": 0.2,
            "eps": -0.52
        },
        "2010": {
            "cash": 0,
            "stock": 0,
            "eps": 1.35
        },
        "2011": {
            "cash": 0.25,
            "stock": 0.25,
            "eps": 1.84
        },
        "2012": {
            "cash": 1.5,
            "stock": 0,
            "eps": 0.5
        },
        "2013": {
            "cash": 0.3,
            "stock": 0,
            "eps": 0.85
        },
        "2014": {
            "cash": 0.6,
            "stock": 0,
            "eps": 1.02
        },
        "2015": {
            "cash": 0.8,
            "stock": 0,
            "eps": 0.7
        },
        "2016": {
            "cash": 0.2,
            "stock": 0,
            "eps": 1.17
        },
        "2017": {
            "cash": 0.8,
            "stock": 0,
            "eps": 1.82
        },
        "2018": {
            "cash": 1.4,
            "stock": 0,
            "eps": 2.11
        },
        "2019": {
            "cash": 1.7,
            "stock": 0,
            "eps": 2.3
        },
        "2020": {
            "cash": 1.7,
            "stock": 0,
            "eps": 2.79
        },
        "2021": {
            "cash": 2,
            "stock": 0,
            "eps": 3.32
        },
        "2022": {
            "cash": 2.2,
            "stock": 0,
            "eps": 4.19
        },
        "2023": {
            "cash": 2.7,
            "stock": 0,
            "eps": 2.11
        }
    },
    "dividends": {
        "2001-06-08": {
            "cash": 2,
            "stock": 0
        },
        "2002-05-20": {
            "cash": 0.5,
            "stock": 0
        },
        "2003-05-29": {
            "cash": 1.5,
            "stock": 0.5
        },
        "2004-03-12": {
            "cash": 0.47,
            "stock": 1.4
        },
        "2005-03-08": {
            "cash": 1,
            "stock": 1
        },
        "2006-03-06": {
            "cash": 0.37,
            "stock": 1.48
        },
        "2007-03-28": {
            "cash": 1,
            "stock": 1
        },
        "2008-04-15": {
            "cash": 0.5,
            "stock": 0.5
        },
        "2009-03-27": {
            "cash": 0.1,
            "stock": 0.2
        },
        "2011-03-30": {
            "cash": 0.25,
            "stock": 0.25
        },
        "2012-06-28": {
            "cash": 1.5,
            "stock": 0
        },
        "2013-06-25": {
            "cash": 0.3,
            "stock": 0
        },
        "2014-07-31": {
            "cash": 0.6,
            "stock": 0
        },
        "2015-07-31": {
            "cash": 0.8,
            "stock": 0
        },
        "2016-07-15": {
            "cash": 0.2,
            "stock": 0
        },
        "2017-07-17": {
            "cash": 0.8,
            "stock": 0
        },
        "2018-07-18": {
            "cash": 1.4,
            "stock": 0
        },
        "2019-07-15": {
            "cash": 1.7,
            "stock": 0
        },
        "2020-04-07": {
            "cash": 1.7,
            "stock": 0
        },
        "2021-04-20": {
            "cash": 2,
            "stock": 0
        },
        "2022-04-15": {
            "cash": 2.2,
            "stock": 0
        },
        "2023-04-14": {
            "cash": 2.7,
            "stock": 0
        }
    },
    "prices": {
        "200101": "無",
        "200102": "無",
        "200103": "無",
        "200104": "無",
        "200105": "無",
        "200106": "無",
        "200107": "無",
        "200108": "無",
        "200109": "無",
        "200110": "無",
        "200111": "無",
        "200112": "無",
        "200201": "無",
        "200202": "無",
        "200203": "無",
        "200204": "無",
        "200205": "無",
        "200206": "無",
        "200207": "無",
        "200208": "無",
        "200209": "無",
        "200210": "無",
        "200211": "無",
        "200212": "22.69",
        "200301": "22.44",
        "200302": "22.27",
        "200303": "22.49",
        "200304": "25.84",
        "200305": "26.63",
        "200306": "32.64",
        "200307": "36.26",
        "200308": "37.79",
        "200309": "38.56",
        "200310": "33.94",
        "200311": "35.02",
        "200312": "35.27",
        "200401": "35.47",
        "200402": "36.60",
        "200403": "32.67",
        "200404": "34.05",
        "200405": "31.73",
        "200406": "30.64",
        "200407": "28.40",
        "200408": "26.24",
        "200409": "26.66",
        "200410": "26.89",
        "200411": "27.91",
        "200412": "30.97",
        "200501": "29.93",
        "200502": "29.35",
        "200503": "29.13",
        "200504": "29.15",
        "200505": "25.64",
        "200506": "25.22",
        "200507": "24.50",
        "200508": "23.14",
        "200509": "21.40",
        "200510": "21.66",
        "200511": "23.28",
        "200512": "23.72",
        "200601": "29.31",
        "200602": "31.38",
        "200603": "29.86",
        "200604": "40.02",
        "200605": "40.86",
        "200606": "34.48",
        "200607": "31.52",
        "200608": "26.84",
        "200609": "25.33",
        "200610": "25.61",
        "200611": "28.28",
        "200612": "31.24",
        "200701": "32.60",
        "200702": "30.27",
        "200703": "33.34",
        "200704": "33.81",
        "200705": "34.18",
        "200706": "32.60",
        "200707": "33.50",
        "200708": "28.82",
        "200709": "25.87",
        "200710": "24.15",
        "200711": "23.23",
        "200712": "21.49",
        "200801": "17.85",
        "200802": "18.09",
        "200803": "18.39",
        "200804": "18.58",
        "200805": "18.09",
        "200806": "17.17",
        "200807": "12.77",
        "200808": "13.04",
        "200809": "11.64",
        "200810": "10.98",
        "200811": "9.26",
        "200812": "9.71",
        "200901": "9.45",
        "200902": "10.09",
        "200903": "10.11",
        "200904": "10.34",
        "200905": "9.48",
        "200906": "9.33",
        "200907": "9.77",
        "200908": "10.58",
        "200909": "11.00",
        "200910": "11.66",
        "200911": "12.31",
        "200912": "14.23",
        "201001": "13.72",
        "201002": "12.02",
        "201003": "12.17",
        "201004": "13.38",
        "201005": "12.68",
        "201006": "12.80",
        "201007": "14.30",
        "201008": "14.16",
        "201009": "13.98",
        "201010": "13.51",
        "201011": "13.11",
        "201012": "14.46",
        "201101": "15.42",
        "201102": "15.15",
        "201103": "15.17",
        "201104": "14.20",
        "201105": "16.06",
        "201106": "15.76",
        "201107": "16.56",
        "201108": "18.26",
        "201109": "18.13",
        "201110": "16.45",
        "201111": "14.02",
        "201112": "12.52",
        "201201": "12.77",
        "201202": "14.42",
        "201203": "14.46",
        "201204": "14.02",
        "201205": "13.02",
        "201206": "12.35",
        "201207": "11.71",
        "201208": "10.15",
        "201209": "10.41",
        "201210": "10.52",
        "201211": "10.94",
        "201212": "10.89",
        "201301": "10.50",
        "201302": "10.37",
        "201303": "10.39",
        "201304": "10.67",
        "201305": "10.81",
        "201306": "11.09",
        "201307": "10.56",
        "201308": "10.66",
        "201309": "10.76",
        "201310": "10.88",
        "201311": "10.86",
        "201312": "11.77",
        "201401": "12.01",
        "201402": "13.72",
        "201403": "18.35",
        "201404": "22.03",
        "201405": "19.34",
        "201406": "20.89",
        "201407": "18.40",
        "201408": "16.91",
        "201409": "17.11",
        "201410": "14.43",
        "201411": "14.17",
        "201412": "15.02",
        "201501": "15.14",
        "201502": "15.01",
        "201503": "15.59",
        "201504": "15.16",
        "201505": "14.22",
        "201506": "13.24",
        "201507": "11.82",
        "201508": "10.32",
        "201509": "10.48",
        "201510": "11.34",
        "201511": "11.02",
        "201512": "10.88",
        "201601": "10.35",
        "201602": "11.23",
        "201603": "11.72",
        "201604": "11.65",
        "201605": "11.57",
        "201606": "11.83",
        "201607": "11.97",
        "201608": "13.38",
        "201609": "13.82",
        "201610": "14.40",
        "201611": "13.76",
        "201612": "13.81",
        "201701": "13.98",
        "201702": "14.35",
        "201703": "15.04",
        "201704": "14.74",
        "201705": "16.56",
        "201706": "18.29",
        "201707": "21.26",
        "201708": "23.00",
        "201709": "24.50",
        "201710": "24.67",
        "201711": "29.11",
        "201712": "29.17",
        "201801": "31.59",
        "201802": "30.91",
        "201803": "29.90",
        "201804": "29.09",
        "201805": "27.68",
        "201806": "29.13",
        "201807": "26.57",
        "201808": "26.11",
        "201809": "24.64",
        "201810": "20.63",
        "201811": "19.27",
        "201812": "20.17",
        "201901": "22.05",
        "201902": "23.28",
        "201903": "24.49",
        "201904": "26.61",
        "201905": "25.66",
        "201906": "26.06",
        "201907": "24.90",
        "201908": "24.53",
        "201909": "25.01",
        "201910": "25.51",
        "201911": "27.30",
        "201912": "28.47",
        "202001": "27.51",
        "202002": "26.00",
        "202003": "23.90",
        "202004": "24.05",
        "202005": "25.52",
        "202006": "29.90",
        "202007": "36.65",
        "202008": "36.67",
        "202009": "36.36",
        "202010": "37.26",
        "202011": "38.12",
        "202012": "37.81",
        "202101": "39.62",
        "202102": "43.81",
        "202103": "43.12",
        "202104": "43.81",
        "202105": "40.45",
        "202106": "40.46",
        "202107": "42.18",
        "202108": "41.50",
        "202109": "41.60",
        "202110": "41.72",
        "202111": "49.36",
        "202112": "53.02",
        "202201": "55.99",
        "202202": "54.14",
        "202203": "54.67",
        "202204": "54.28",
        "202205": "50.57",
        "202206": "48.63",
        "202207": "47.79",
        "202208": "49.92",
        "202209": "50.11",
        "202210": "46.10",
        "202211": "47.60",
        "202212": "49.85",
        "202301": "50.18",
        "202302": "52.94",
        "202303": "53.97",
        "202304": "54.25",
        "202305": "54.08",
        "202306": "54.00",
        "202307": "51.94",
        "202308": "48.19",
        "202309": "48.05",
        "202310": "47.61",
        "202311": "47.67",
        "202312": "48.87"
    },
    "quarters": {
        "20011": {
            "year_quarter": 20011,
            "year": 2001,
            "quarter": 1,
            "eps": null,
            "eps_growth_year": null,
            "eps_4q": null,
            "eps_4q_growth_year": null,
            "roe": null,
            "roe_4q": 0,
            "gross_profit": null,
            "gross_margin": null,
            "gross_margin_4q_avg": 0,
            "net_income": null,
            "net_income_4q": null,
            "revenue": null,
            "revenue_4q": null,
            "common_shares": null,
            "book_valuer_per_share": null,
            "book_valuer_per_share_4q_avg": 0,
            "equity": null,
            "current_ratio": null,
            "debt_ratio": null,
            "inventory_turnover_ratio": null,
            "account_receivable_turnover_ratio": null,
            "reinvestment_rate": null,
            "research_to_sale_ratio": null,
            "price_fair": 0,
            "eps_avg_yearly": 0,
            "eps_latest_yearly": 0,
            "eps_growth_yearly": 0
        },
        "20012": {
            "year_quarter": 20012,
            "year": 2001,
            "quarter": 2,
            "eps": null,
            "eps_growth_year": null,
            "eps_4q": null,
            "eps_4q_growth_year": null,
            "roe": null,
            "roe_4q": 0,
            "gross_profit": null,
            "gross_margin": null,
            "gross_margin_4q_avg": 0,
            "net_income": null,
            "net_income_4q": null,
            "revenue": null,
            "revenue_4q": null,
            "common_shares": null,
            "book_valuer_per_share": null,
            "book_valuer_per_share_4q_avg": 0,
            "equity": null,
            "current_ratio": null,
            "debt_ratio": null,
            "inventory_turnover_ratio": null,
            "account_receivable_turnover_ratio": null,
            "reinvestment_rate": null,
            "research_to_sale_ratio": null,
            "price_fair": 0,
            "eps_avg_yearly": 0,
            "eps_latest_yearly": 0,
            "eps_growth_yearly": 0
        },
        "20013": {
            "year_quarter": 20013,
            "year": 2001,
            "quarter": 3,
            "eps": null,
            "eps_growth_year": null,
            "eps_4q": null,
            "eps_4q_growth_year": null,
            "roe": null,
            "roe_4q": 0,
            "gross_profit": null,
            "gross_margin": null,
            "gross_margin_4q_avg": 0,
            "net_income": null,
            "net_income_4q": null,
            "revenue": null,
            "revenue_4q": null,
            "common_shares": null,
            "book_valuer_per_share": null,
            "book_valuer_per_share_4q_avg": 0,
            "equity": null,
            "current_ratio": null,
            "debt_ratio": null,
            "inventory_turnover_ratio": null,
            "account_receivable_turnover_ratio": null,
            "reinvestment_rate": null,
            "research_to_sale_ratio": null,
            "price_fair": 0,
            "eps_avg_yearly": 0,
            "eps_latest_yearly": 0,
            "eps_growth_yearly": 0
        },
        "20014": {
            "year_quarter": 20014,
            "year": 2001,
            "quarter": 4,
            "eps": null,
            "eps_growth_year": null,
            "eps_4q": null,
            "eps_4q_growth_year": null,
            "roe": null,
            "roe_4q": 0,
            "gross_profit": null,
            "gross_margin": null,
            "gross_margin_4q_avg": 0,
            "net_income": null,
            "net_income_4q": null,
            "revenue": null,
            "revenue_4q": null,
            "common_shares": 300000,
            "book_valuer_per_share": 11.53,
            "book_valuer_per_share_4q_avg": 2.88,
            "equity": 345796,
            "current_ratio": 377.26,
            "debt_ratio": 18.73,
            "inventory_turnover_ratio": null,
            "account_receivable_turnover_ratio": null,
            "reinvestment_rate": null,
            "research_to_sale_ratio": null,
            "price_fair": 0,
            "eps_avg_yearly": 0,
            "eps_latest_yearly": 0,
            "eps_growth_yearly": 0
        },
        "20021": {
            "year_quarter": 20021,
            "year": 2002,
            "quarter": 1,
            "eps": 0.17,
            "eps_growth_year": null,
            "eps_4q": null,
            "eps_4q_growth_year": null,
            "roe": 1.51,
            "roe_4q": 1.51,
            "gross_profit": 19401,
            "gross_margin": 30.69,
            "gross_margin_4q_avg": 7.67,
            "net_income": 5250,
            "net_income_4q": null,
            "revenue": 63211,
            "revenue_4q": null,
            "common_shares": 300000,
            "book_valuer_per_share": 11.7,
            "book_valuer_per_share_4q_avg": 5.81,
            "equity": 351046,
            "current_ratio": 437.49,
            "debt_ratio": 16.84,
            "inventory_turnover_ratio": 0.45,
            "account_receivable_turnover_ratio": null,
            "reinvestment_rate": null,
            "research_to_sale_ratio": null,
            "price_fair": 0,
            "eps_avg_yearly": 0,
            "eps_latest_yearly": 0,
            "eps_growth_yearly": 0
        },
        "20022": {
            "year_quarter": 20022,
            "year": 2002,
            "quarter": 2,
            "eps": 0.8,
            "eps_growth_year": null,
            "eps_4q": null,
            "eps_4q_growth_year": null,
            "roe": 6.85,
            "roe_4q": 8.36,
            "gross_profit": 46438,
            "gross_margin": 42.32,
            "gross_margin_4q_avg": 18.25,
            "net_income": 24320,
            "net_income_4q": null,
            "revenue": 109727,
            "revenue_4q": null,
            "common_shares": 300000,
            "book_valuer_per_share": 11.96,
            "book_valuer_per_share_4q_avg": 8.8,
            "equity": 358783,
            "current_ratio": 267.29,
            "debt_ratio": 26.48,
            "inventory_turnover_ratio": 0.64,
            "account_receivable_turnover_ratio": null,
            "reinvestment_rate": null,
            "research_to_sale_ratio": null,
            "price_fair": 112,
            "eps_avg_yearly": 3.2,
            "eps_latest_yearly": 3.2,
            "eps_growth_yearly": 1482.35
        },
        "20023": {
            "year_quarter": 20023,
            "year": 2002,
            "quarter": 3,
            "eps": 0.65,
            "eps_growth_year": null,
            "eps_4q": null,
            "eps_4q_growth_year": null,
            "roe": 5.39,
            "roe_4q": 13.749999999999998,
            "gross_profit": 42036,
            "gross_margin": 37.99,
            "gross_margin_4q_avg": 27.75,
            "net_income": 19889,
            "net_income_4q": null,
            "revenue": 110648,
            "revenue_4q": null,
            "common_shares": 305000,
            "book_valuer_per_share": 12.45,
            "book_valuer_per_share_4q_avg": 11.91,
            "equity": 379605,
            "current_ratio": 336.85,
            "debt_ratio": 20.99,
            "inventory_turnover_ratio": 0.65,
            "account_receivable_turnover_ratio": null,
            "reinvestment_rate": null,
            "research_to_sale_ratio": null,
            "price_fair": 101.5,
            "eps_avg_yearly": 2.9,
            "eps_latest_yearly": 2.6,
            "eps_growth_yearly": 703.68
        },
        "20024": {
            "year_quarter": 20024,
            "year": 2002,
            "quarter": 4,
            "eps": 0.68,
            "eps_growth_year": null,
            "eps_4q": 2.31,
            "eps_4q_growth_year": null,
            "roe": 5.28,
            "roe_4q": 19.03,
            "gross_profit": 40491,
            "gross_margin": 27.69,
            "gross_margin_4q_avg": 34.67,
            "net_income": 20594,
            "net_income_4q": null,
            "revenue": 146208,
            "revenue_4q": null,
            "common_shares": 305000,
            "book_valuer_per_share": 13.11,
            "book_valuer_per_share_4q_avg": 12.31,
            "equity": 399852,
            "current_ratio": 258.85,
            "debt_ratio": 25.79,
            "inventory_turnover_ratio": 0.97,
            "account_receivable_turnover_ratio": null,
            "reinvestment_rate": null,
            "research_to_sale_ratio": null,
            "price_fair": 99.4,
            "eps_avg_yearly": 2.84,
            "eps_latest_yearly": 2.72,
            "eps_growth_yearly": 475.27
        },
        "20031": {
            "year_quarter": 20031,
            "year": 2003,
            "quarter": 1,
            "eps": 0.22,
            "eps_growth_year": 29.41,
            "eps_4q": 2.31,
            "eps_4q_growth_year": null,
            "roe": 1.69,
            "roe_4q": 19.21,
            "gross_profit": 34698,
            "gross_margin": 31.02,
            "gross_margin_4q_avg": 34.76,
            "net_income": 6818,
            "net_income_4q": null,
            "revenue": 111841,
            "revenue_4q": null,
            "common_shares": 305000,
            "book_valuer_per_share": 13.33,
            "book_valuer_per_share_4q_avg": 12.71,
            "equity": 406670,
            "current_ratio": 206.98,
            "debt_ratio": 28.7,
            "inventory_turnover_ratio": 0.64,
            "account_receivable_turnover_ratio": null,
            "reinvestment_rate": null,
            "research_to_sale_ratio": null,
            "price_fair": 82.25,
            "eps_avg_yearly": 2.35,
            "eps_latest_yearly": 0.88,
            "eps_growth_yearly": 288.81
        },
        "20032": {
            "year_quarter": 20032,
            "year": 2003,
            "quarter": 2,
            "eps": 0.82,
            "eps_growth_year": 2.5,
            "eps_4q": 2.26,
            "eps_4q_growth_year": null,
            "roe": 6.8,
            "roe_4q": 19.16,
            "gross_profit": 53746,
            "gross_margin": 32.13,
            "gross_margin_4q_avg": 32.21,
            "net_income": 26962,
            "net_income_4q": null,
            "revenue": 167290,
            "revenue_4q": null,
            "common_shares": 305000,
            "book_valuer_per_share": 12.68,
            "book_valuer_per_share_4q_avg": 12.89,
            "equity": 386620,
            "current_ratio": 337.96,
            "debt_ratio": 47.46,
            "inventory_turnover_ratio": 0.91,
            "account_receivable_turnover_ratio": null,
            "reinvestment_rate": null,
            "research_to_sale_ratio": null,
            "price_fair": 88.76,
            "eps_avg_yearly": 2.54,
            "eps_latest_yearly": 3.28,
            "eps_growth_yearly": 449.23
        },
        "20033": {
            "year_quarter": 20033,
            "year": 2003,
            "quarter": 3,
            "eps": 0.89,
            "eps_growth_year": 36.92,
            "eps_4q": 2.54,
            "eps_4q_growth_year": null,
            "roe": 7.06,
            "roe_4q": 20.83,
            "gross_profit": 64352,
            "gross_margin": 36.61,
            "gross_margin_4q_avg": 31.86,
            "net_income": 29244,
            "net_income_4q": null,
            "revenue": 175775,
            "revenue_4q": null,
            "common_shares": 339906,
            "book_valuer_per_share": 12.99,
            "book_valuer_per_share_4q_avg": 13.03,
            "equity": 441688,
            "current_ratio": 381.95,
            "debt_ratio": 39.53,
            "inventory_turnover_ratio": 0.94,
            "account_receivable_turnover_ratio": null,
            "reinvestment_rate": null,
            "research_to_sale_ratio": null,
            "price_fair": 94.73,
            "eps_avg_yearly": 2.71,
            "eps_latest_yearly": 3.56,
            "eps_growth_yearly": 380.05
        },
        "20034": {
            "year_quarter": 20034,
            "year": 2003,
            "quarter": 4,
            "eps": 0.86,
            "eps_growth_year": 26.47,
            "eps_4q": 2.75,
            "eps_4q_growth_year": 19.07,
            "roe": 6.27,
            "roe_4q": 21.82,
            "gross_profit": 59829,
            "gross_margin": 37.09,
            "gross_margin_4q_avg": 34.21,
            "net_income": 28615,
            "net_income_4q": null,
            "revenue": 161298,
            "revenue_4q": null,
            "common_shares": 340387,
            "book_valuer_per_share": 13.82,
            "book_valuer_per_share_4q_avg": 13.21,
            "equity": 470511,
            "current_ratio": 294.67,
            "debt_ratio": 41.05,
            "inventory_turnover_ratio": 0.79,
            "account_receivable_turnover_ratio": null,
            "reinvestment_rate": null,
            "research_to_sale_ratio": null,
            "price_fair": 98.4,
            "eps_avg_yearly": 2.81,
            "eps_latest_yearly": 3.44,
            "eps_growth_yearly": 323.83
        },
        "20041": {
            "year_quarter": 20041,
            "year": 2004,
            "quarter": 1,
            "eps": 0.95,
            "eps_growth_year": 331.82,
            "eps_4q": 3.38,
            "eps_4q_growth_year": 46.19,
            "roe": 6.38,
            "roe_4q": 26.509999999999998,
            "gross_profit": 63176,
            "gross_margin": 34.98,
            "gross_margin_4q_avg": 35.2,
            "net_income": 33182,
            "net_income_4q": null,
            "revenue": 180589,
            "revenue_4q": null,
            "common_shares": 370897,
            "book_valuer_per_share": 15.34,
            "book_valuer_per_share_4q_avg": 13.71,
            "equity": 568886,
            "current_ratio": 344.41,
            "debt_ratio": 30.68,
            "inventory_turnover_ratio": 0.83,
            "account_receivable_turnover_ratio": null,
            "reinvestment_rate": null,
            "research_to_sale_ratio": null,
            "price_fair": 102.73,
            "eps_avg_yearly": 2.94,
            "eps_latest_yearly": 3.8,
            "eps_growth_yearly": 288.58
        },
        "20042": {
            "year_quarter": 20042,
            "year": 2004,
            "quarter": 2,
            "eps": 0.9,
            "eps_growth_year": 9.76,
            "eps_4q": 3.06,
            "eps_4q_growth_year": 35.3,
            "roe": 6.54,
            "roe_4q": 26.249999999999996,
            "gross_profit": 80081,
            "gross_margin": 32.54,
            "gross_margin_4q_avg": 35.31,
            "net_income": 38005,
            "net_income_4q": null,
            "revenue": 246116,
            "revenue_4q": null,
            "common_shares": 374265,
            "book_valuer_per_share": 15.84,
            "book_valuer_per_share_4q_avg": 14.5,
            "equity": 592938,
            "current_ratio": 262.62,
            "debt_ratio": 35.01,
            "inventory_turnover_ratio": 1.12,
            "account_receivable_turnover_ratio": null,
            "reinvestment_rate": null,
            "research_to_sale_ratio": null,
            "price_fair": 105.31,
            "eps_avg_yearly": 3.01,
            "eps_latest_yearly": 3.6,
            "eps_growth_yearly": 254.18
        },
        "20043": {
            "year_quarter": 20043,
            "year": 2004,
            "quarter": 3,
            "eps": 0.9,
            "eps_growth_year": 1.12,
            "eps_4q": 3.24,
            "eps_4q_growth_year": 27.16,
            "roe": 6.28,
            "roe_4q": 25.47,
            "gross_profit": 85622,
            "gross_margin": 30.87,
            "gross_margin_4q_avg": 33.87,
            "net_income": 38450,
            "net_income_4q": null,
            "revenue": 277356,
            "revenue_4q": null,
            "common_shares": 435951,
            "book_valuer_per_share": 14.48,
            "book_valuer_per_share_4q_avg": 14.87,
            "equity": 631388,
            "current_ratio": 215.35,
            "debt_ratio": 37.33,
            "inventory_turnover_ratio": 1.13,
            "account_receivable_turnover_ratio": null,
            "reinvestment_rate": null,
            "research_to_sale_ratio": null,
            "price_fair": 107.38,
            "eps_avg_yearly": 3.07,
            "eps_latest_yearly": 3.6,
            "eps_growth_yearly": 228.76
        },
        "20044": {
            "year_quarter": 20044,
            "year": 2004,
            "quarter": 4,
            "eps": 0.58,
            "eps_growth_year": -32.56,
            "eps_4q": 3.18,
            "eps_4q_growth_year": 15.45,
            "roe": 4.03,
            "roe_4q": 23.23,
            "gross_profit": 82419,
            "gross_margin": 34.31,
            "gross_margin_4q_avg": 33.18,
            "net_income": 24461,
            "net_income_4q": null,
            "revenue": 240195,
            "revenue_4q": null,
            "common_shares": 437016,
            "book_valuer_per_share": 13.32,
            "book_valuer_per_share_4q_avg": 14.75,
            "equity": 581898,
            "current_ratio": 299.95,
            "debt_ratio": 41.9,
            "inventory_turnover_ratio": 0.76,
            "account_receivable_turnover_ratio": null,
            "reinvestment_rate": null,
            "research_to_sale_ratio": null,
            "price_fair": 105,
            "eps_avg_yearly": 3,
            "eps_latest_yearly": 2.32,
            "eps_growth_yearly": 195.03
        },
        "20051": {
            "year_quarter": 20051,
            "year": 2005,
            "quarter": 1,
            "eps": 0.12,
            "eps_growth_year": -87.37,
            "eps_4q": 2.6,
            "eps_4q_growth_year": -23.04,
            "roe": 0.84,
            "roe_4q": 17.69,
            "gross_profit": 52371,
            "gross_margin": 21.31,
            "gross_margin_4q_avg": 29.76,
            "net_income": 4883,
            "net_income_4q": null,
            "revenue": 245737,
            "revenue_4q": null,
            "common_shares": 437016,
            "book_valuer_per_share": 13.41,
            "book_valuer_per_share_4q_avg": 14.26,
            "equity": 585865,
            "current_ratio": 241.71,
            "debt_ratio": 43.34,
            "inventory_turnover_ratio": 0.88,
            "account_receivable_turnover_ratio": null,
            "reinvestment_rate": null,
            "research_to_sale_ratio": null,
            "price_fair": 97.65,
            "eps_avg_yearly": 2.79,
            "eps_latest_yearly": 0.48,
            "eps_growth_yearly": 152.35
        },
        "20052": {
            "year_quarter": 20052,
            "year": 2005,
            "quarter": 2,
            "eps": 1.37,
            "eps_growth_year": 52.22,
            "eps_4q": 2.83,
            "eps_4q_growth_year": -7.47,
            "roe": 10.67,
            "roe_4q": 21.82,
            "gross_profit": 69373,
            "gross_margin": 25.28,
            "gross_margin_4q_avg": 27.94,
            "net_income": 63715,
            "net_income_4q": null,
            "revenue": 274424,
            "revenue_4q": null,
            "common_shares": 437016,
            "book_valuer_per_share": 13.92,
            "book_valuer_per_share_4q_avg": 13.78,
            "equity": 608250,
            "current_ratio": 170.02,
            "debt_ratio": 41.57,
            "inventory_turnover_ratio": 1.03,
            "account_receivable_turnover_ratio": null,
            "reinvestment_rate": null,
            "research_to_sale_ratio": null,
            "price_fair": 104.89,
            "eps_avg_yearly": 3,
            "eps_latest_yearly": 5.48,
            "eps_growth_yearly": 461.14
        },
        "20053": {
            "year_quarter": 20053,
            "year": 2005,
            "quarter": 3,
            "eps": 0.78,
            "eps_growth_year": -13.33,
            "eps_4q": 2.77,
            "eps_4q_growth_year": -14.44,
            "roe": 5.78,
            "roe_4q": 21.32,
            "gross_profit": 84212,
            "gross_margin": 35.59,
            "gross_margin_4q_avg": 29.12,
            "net_income": 36499,
            "net_income_4q": null,
            "revenue": 236605,
            "revenue_4q": null,
            "common_shares": 491618,
            "book_valuer_per_share": 13.31,
            "book_valuer_per_share_4q_avg": 13.49,
            "equity": 654256,
            "current_ratio": 191.15,
            "debt_ratio": 39.3,
            "inventory_turnover_ratio": 0.84,
            "account_receivable_turnover_ratio": null,
            "reinvestment_rate": null,
            "research_to_sale_ratio": null,
            "price_fair": 105.2,
            "eps_avg_yearly": 3.01,
            "eps_latest_yearly": 3.12,
            "eps_growth_yearly": 415.9
        },
        "20054": {
            "year_quarter": 20054,
            "year": 2005,
            "quarter": 4,
            "eps": 0.58,
            "eps_growth_year": 0,
            "eps_4q": 2.84,
            "eps_4q_growth_year": -10.75,
            "roe": 3.9,
            "roe_4q": 21.19,
            "gross_profit": 79235,
            "gross_margin": 32.31,
            "gross_margin_4q_avg": 28.62,
            "net_income": 26999,
            "net_income_4q": null,
            "revenue": 245229,
            "revenue_4q": null,
            "common_shares": 497967,
            "book_valuer_per_share": 13.89,
            "book_valuer_per_share_4q_avg": 13.63,
            "equity": 730767,
            "current_ratio": 151.81,
            "debt_ratio": 49.51,
            "inventory_turnover_ratio": 0.83,
            "account_receivable_turnover_ratio": null,
            "reinvestment_rate": 97.3,
            "research_to_sale_ratio": null,
            "price_fair": 103.6,
            "eps_avg_yearly": 2.96,
            "eps_latest_yearly": 2.32,
            "eps_growth_yearly": 381.33
        },
        "20061": {
            "year_quarter": 20061,
            "year": 2006,
            "quarter": 1,
            "eps": 0.41,
            "eps_growth_year": 241.67,
            "eps_4q": 3.03,
            "eps_4q_growth_year": 16.5,
            "roe": 2.67,
            "roe_4q": 23.020000000000003,
            "gross_profit": 73054,
            "gross_margin": 31.47,
            "gross_margin_4q_avg": 31.16,
            "net_income": 19914,
            "net_income_4q": null,
            "revenue": 232146,
            "revenue_4q": null,
            "common_shares": 527872,
            "book_valuer_per_share": 14.42,
            "book_valuer_per_share_4q_avg": 13.89,
            "equity": 761265,
            "current_ratio": 213.3,
            "debt_ratio": 34.83,
            "inventory_turnover_ratio": 0.8,
            "account_receivable_turnover_ratio": null,
            "reinvestment_rate": 25.29,
            "research_to_sale_ratio": null,
            "price_fair": 100.71,
            "eps_avg_yearly": 2.88,
            "eps_latest_yearly": 1.64,
            "eps_growth_yearly": 350.17
        },
        "20062": {
            "year_quarter": 20062,
            "year": 2006,
            "quarter": 2,
            "eps": 0.55,
            "eps_growth_year": -59.85,
            "eps_4q": 1.95,
            "eps_4q_growth_year": -31.14,
            "roe": 4.14,
            "roe_4q": 16.49,
            "gross_profit": 84696,
            "gross_margin": 28.88,
            "gross_margin_4q_avg": 32.06,
            "net_income": 32834,
            "net_income_4q": null,
            "revenue": 293288,
            "revenue_4q": null,
            "common_shares": 555364,
            "book_valuer_per_share": 14.84,
            "book_valuer_per_share_4q_avg": 14.12,
            "equity": 824033,
            "current_ratio": 186.38,
            "debt_ratio": 47.39,
            "inventory_turnover_ratio": 1.09,
            "account_receivable_turnover_ratio": null,
            "reinvestment_rate": 38.93,
            "research_to_sale_ratio": null,
            "price_fair": 98.53,
            "eps_avg_yearly": 2.82,
            "eps_latest_yearly": 2.2,
            "eps_growth_yearly": 266.06
        },
        "20063": {
            "year_quarter": 20063,
            "year": 2006,
            "quarter": 3,
            "eps": 0.93,
            "eps_growth_year": 19.23,
            "eps_4q": 2.25,
            "eps_4q_growth_year": -18.68,
            "roe": 6.39,
            "roe_4q": 17.099999999999998,
            "gross_profit": 121506,
            "gross_margin": 29.05,
            "gross_margin_4q_avg": 30.43,
            "net_income": 56121,
            "net_income_4q": null,
            "revenue": 418265,
            "revenue_4q": null,
            "common_shares": 643231,
            "book_valuer_per_share": 14.51,
            "book_valuer_per_share_4q_avg": 14.42,
            "equity": 933483,
            "current_ratio": 221.8,
            "debt_ratio": 41,
            "inventory_turnover_ratio": 1.4,
            "account_receivable_turnover_ratio": null,
            "reinvestment_rate": 46.98,
            "research_to_sale_ratio": null,
            "price_fair": 100.98,
            "eps_avg_yearly": 2.89,
            "eps_latest_yearly": 3.72,
            "eps_growth_yearly": 288.02
        },
        "20064": {
            "year_quarter": 20064,
            "year": 2006,
            "quarter": 4,
            "eps": 0.6,
            "eps_growth_year": 3.45,
            "eps_4q": 2.38,
            "eps_4q_growth_year": -16.12,
            "roe": 3.74,
            "roe_4q": 16.939999999999998,
            "gross_profit": 89166,
            "gross_margin": 28.52,
            "gross_margin_4q_avg": 29.48,
            "net_income": 36693,
            "net_income_4q": null,
            "revenue": 312667,
            "revenue_4q": null,
            "common_shares": 643231,
            "book_valuer_per_share": 15.1,
            "book_valuer_per_share_4q_avg": 14.72,
            "equity": 1026984,
            "current_ratio": 122.75,
            "debt_ratio": 55.04,
            "inventory_turnover_ratio": 0.84,
            "account_receivable_turnover_ratio": null,
            "reinvestment_rate": 190.93,
            "research_to_sale_ratio": null,
            "price_fair": 100.28,
            "eps_avg_yearly": 2.87,
            "eps_latest_yearly": 2.4,
            "eps_growth_yearly": 278
        },
        "20071": {
            "year_quarter": 20071,
            "year": 2007,
            "quarter": 1,
            "eps": 0.2,
            "eps_growth_year": -51.22,
            "eps_4q": 1.96,
            "eps_4q_growth_year": -35.41,
            "roe": 1.29,
            "roe_4q": 15.559999999999999,
            "gross_profit": 73884,
            "gross_margin": 27.22,
            "gross_margin_4q_avg": 28.42,
            "net_income": 14307,
            "net_income_4q": null,
            "revenue": 271446,
            "revenue_4q": null,
            "common_shares": 723231,
            "book_valuer_per_share": 16.58,
            "book_valuer_per_share_4q_avg": 15.26,
            "equity": 1198816,
            "current_ratio": 264.73,
            "debt_ratio": 28.4,
            "inventory_turnover_ratio": 0.68,
            "account_receivable_turnover_ratio": null,
            "reinvestment_rate": 18.08,
            "research_to_sale_ratio": null,
            "price_fair": 100.1,
            "eps_avg_yearly": 2.86,
            "eps_latest_yearly": 0.8,
            "eps_growth_yearly": 278.24
        },
        "20072": {
            "year_quarter": 20072,
            "year": 2007,
            "quarter": 2,
            "eps": 0.18,
            "eps_growth_year": -67.27,
            "eps_4q": 1.7,
            "eps_4q_growth_year": -12.93,
            "roe": 1.09,
            "roe_4q": 12.51,
            "gross_profit": 103087,
            "gross_margin": 28.36,
            "gross_margin_4q_avg": 28.29,
            "net_income": 12724,
            "net_income_4q": null,
            "revenue": 363527,
            "revenue_4q": null,
            "common_shares": 723885,
            "book_valuer_per_share": 15.7,
            "book_valuer_per_share_4q_avg": 15.47,
            "equity": 1136279,
            "current_ratio": 143.11,
            "debt_ratio": 35.92,
            "inventory_turnover_ratio": 0.93,
            "account_receivable_turnover_ratio": null,
            "reinvestment_rate": 19.03,
            "research_to_sale_ratio": null,
            "price_fair": 94.5,
            "eps_avg_yearly": 2.7,
            "eps_latest_yearly": 0.72,
            "eps_growth_yearly": 207.56
        },
        "20073": {
            "year_quarter": 20073,
            "year": 2007,
            "quarter": 3,
            "eps": 0.43,
            "eps_growth_year": -53.76,
            "eps_4q": 1.23,
            "eps_4q_growth_year": -45.26,
            "roe": 2.94,
            "roe_4q": 9.06,
            "gross_profit": 101244,
            "gross_margin": 26.91,
            "gross_margin_4q_avg": 27.75,
            "net_income": 34150,
            "net_income_4q": null,
            "revenue": 376222,
            "revenue_4q": null,
            "common_shares": 804623,
            "book_valuer_per_share": 14.79,
            "book_valuer_per_share_4q_avg": 15.54,
            "equity": 1190407,
            "current_ratio": 149.51,
            "debt_ratio": 35.93,
            "inventory_turnover_ratio": 0.93,
            "account_receivable_turnover_ratio": null,
            "reinvestment_rate": 12.96,
            "research_to_sale_ratio": null,
            "price_fair": 90.48,
            "eps_avg_yearly": 2.59,
            "eps_latest_yearly": 1.72,
            "eps_growth_yearly": 240.15
        },
        "20074": {
            "year_quarter": 20074,
            "year": 2007,
            "quarter": 4,
            "eps": 0.4,
            "eps_growth_year": -33.33,
            "eps_4q": 1.17,
            "eps_4q_growth_year": -51.03,
            "roe": 2.66,
            "roe_4q": 7.9799999999999995,
            "gross_profit": 137900,
            "gross_margin": 28.84,
            "gross_margin_4q_avg": 27.83,
            "net_income": 31966,
            "net_income_4q": null,
            "revenue": 478121,
            "revenue_4q": null,
            "common_shares": 804704,
            "book_valuer_per_share": 13.89,
            "book_valuer_per_share_4q_avg": 15.24,
            "equity": 1213808,
            "current_ratio": 102.75,
            "debt_ratio": 52.96,
            "inventory_turnover_ratio": 0.97,
            "account_receivable_turnover_ratio": null,
            "reinvestment_rate": 197.65,
            "research_to_sale_ratio": null,
            "price_fair": 86.45,
            "eps_avg_yearly": 2.47,
            "eps_latest_yearly": 1.6,
            "eps_growth_yearly": 239.25
        },
        "20081": {
            "year_quarter": 20081,
            "year": 2008,
            "quarter": 1,
            "eps": 0.22,
            "eps_growth_year": 10,
            "eps_4q": 2.06,
            "eps_4q_growth_year": 5.13,
            "roe": 0.82,
            "roe_4q": 7.51,
            "gross_profit": 119855,
            "gross_margin": 27.4,
            "gross_margin_4q_avg": 27.88,
            "net_income": 10182,
            "net_income_4q": null,
            "revenue": 437488,
            "revenue_4q": null,
            "common_shares": 804704,
            "book_valuer_per_share": 14.08,
            "book_valuer_per_share_4q_avg": 14.62,
            "equity": 1284792,
            "current_ratio": 110.09,
            "debt_ratio": 52.98,
            "inventory_turnover_ratio": 0.78,
            "account_receivable_turnover_ratio": null,
            "reinvestment_rate": 228.16,
            "research_to_sale_ratio": null,
            "price_fair": 80.06,
            "eps_avg_yearly": 2.29,
            "eps_latest_yearly": 0.88,
            "eps_growth_yearly": 225.38
        },
        "20082": {
            "year_quarter": 20082,
            "year": 2008,
            "quarter": 2,
            "eps": 0.41,
            "eps_growth_year": 127.78,
            "eps_4q": 1.71,
            "eps_4q_growth_year": 0.89,
            "roe": 2.09,
            "roe_4q": 8.51,
            "gross_profit": 135600,
            "gross_margin": 30.98,
            "gross_margin_4q_avg": 28.53,
            "net_income": 27114,
            "net_income_4q": null,
            "revenue": 437761,
            "revenue_4q": null,
            "common_shares": 804704,
            "book_valuer_per_share": 14.03,
            "book_valuer_per_share_4q_avg": 14.2,
            "equity": 1313736,
            "current_ratio": 117.46,
            "debt_ratio": 49.98,
            "inventory_turnover_ratio": 0.72,
            "account_receivable_turnover_ratio": null,
            "reinvestment_rate": 187.23,
            "research_to_sale_ratio": null,
            "price_fair": 75.78,
            "eps_avg_yearly": 2.17,
            "eps_latest_yearly": 1.64,
            "eps_growth_yearly": 248.29
        },
        "20083": {
            "year_quarter": 20083,
            "year": 2008,
            "quarter": 3,
            "eps": 0.49,
            "eps_growth_year": 13.95,
            "eps_4q": 1.65,
            "eps_4q_growth_year": 33.79,
            "roe": 2.6,
            "roe_4q": 8.17,
            "gross_profit": 161984,
            "gross_margin": 31.85,
            "gross_margin_4q_avg": 29.77,
            "net_income": 34989,
            "net_income_4q": null,
            "revenue": 508527,
            "revenue_4q": null,
            "common_shares": 846002,
            "book_valuer_per_share": 14.09,
            "book_valuer_per_share_4q_avg": 14.02,
            "equity": 1382796,
            "current_ratio": 111.43,
            "debt_ratio": 51.17,
            "inventory_turnover_ratio": 0.78,
            "account_receivable_turnover_ratio": null,
            "reinvestment_rate": 207.42,
            "research_to_sale_ratio": null,
            "price_fair": 72.19,
            "eps_avg_yearly": 2.06,
            "eps_latest_yearly": 1.96,
            "eps_growth_yearly": 253.16
        },
        "20084": {
            "year_quarter": 20084,
            "year": 2008,
            "quarter": 4,
            "eps": -0.34,
            "eps_growth_year": -185,
            "eps_4q": 1.45,
            "eps_4q_growth_year": 23.99,
            "roe": -3.08,
            "roe_4q": 2.4299999999999997,
            "gross_profit": 85261,
            "gross_margin": 19.83,
            "gross_margin_4q_avg": 27.52,
            "net_income": -42070,
            "net_income_4q": null,
            "revenue": 430026,
            "revenue_4q": null,
            "common_shares": 846002,
            "book_valuer_per_share": 13.85,
            "book_valuer_per_share_4q_avg": 14.01,
            "equity": 1349822,
            "current_ratio": 93.63,
            "debt_ratio": 53.48,
            "inventory_turnover_ratio": 0.7,
            "account_receivable_turnover_ratio": 1.97,
            "reinvestment_rate": 242.88,
            "research_to_sale_ratio": null,
            "price_fair": 71.59,
            "eps_avg_yearly": 2.05,
            "eps_latest_yearly": 1.96,
            "eps_growth_yearly": 279.52
        },
        "20091": {
            "year_quarter": 20091,
            "year": 2009,
            "quarter": 1,
            "eps": 0.04,
            "eps_growth_year": -81.82,
            "eps_4q": 0.46,
            "eps_4q_growth_year": -77.41,
            "roe": 0.28,
            "roe_4q": 1.8900000000000001,
            "gross_profit": 102014,
            "gross_margin": 28.24,
            "gross_margin_4q_avg": 27.73,
            "net_income": 3969,
            "net_income_4q": null,
            "revenue": 361273,
            "revenue_4q": null,
            "common_shares": 946002,
            "book_valuer_per_share": 13.61,
            "book_valuer_per_share_4q_avg": 13.9,
            "equity": 1470700,
            "current_ratio": 103.72,
            "debt_ratio": 45.03,
            "inventory_turnover_ratio": 0.54,
            "account_receivable_turnover_ratio": 0.95,
            "reinvestment_rate": 263.2,
            "research_to_sale_ratio": null,
            "price_fair": 75.5,
            "eps_avg_yearly": 2.16,
            "eps_latest_yearly": 1.96,
            "eps_growth_yearly": 322.15
        },
        "20092": {
            "year_quarter": 20092,
            "year": 2009,
            "quarter": 2,
            "eps": -0.37,
            "eps_growth_year": -190.24,
            "eps_4q": -0.17,
            "eps_4q_growth_year": -110.19,
            "roe": -3.43,
            "roe_4q": -3.6300000000000003,
            "gross_profit": 34014,
            "gross_margin": 18.3,
            "gross_margin_4q_avg": 24.56,
            "net_income": -48785,
            "net_income_4q": null,
            "revenue": 185820,
            "revenue_4q": null,
            "common_shares": 946002,
            "book_valuer_per_share": 13.12,
            "book_valuer_per_share_4q_avg": 13.67,
            "equity": 1371726,
            "current_ratio": 97.13,
            "debt_ratio": 43.85,
            "inventory_turnover_ratio": 0.39,
            "account_receivable_turnover_ratio": 0.62,
            "reinvestment_rate": 329.36,
            "research_to_sale_ratio": null,
            "price_fair": 66.55,
            "eps_avg_yearly": 1.9,
            "eps_latest_yearly": 1.96,
            "eps_growth_yearly": 26.42
        },
        "20093": {
            "year_quarter": 20093,
            "year": 2009,
            "quarter": 3,
            "eps": -0.19,
            "eps_growth_year": -138.78,
            "eps_4q": -0.75,
            "eps_4q_growth_year": -145.34,
            "roe": -1.92,
            "roe_4q": -8.149999999999999,
            "gross_profit": 62361,
            "gross_margin": 29.4,
            "gross_margin_4q_avg": 23.94,
            "net_income": -25620,
            "net_income_4q": null,
            "revenue": 212095,
            "revenue_4q": null,
            "common_shares": 969803,
            "book_valuer_per_share": 12.26,
            "book_valuer_per_share_4q_avg": 13.21,
            "equity": 1290567,
            "current_ratio": 93.02,
            "debt_ratio": 47.81,
            "inventory_turnover_ratio": 0.43,
            "account_receivable_turnover_ratio": 0.76,
            "reinvestment_rate": 374.23,
            "research_to_sale_ratio": null,
            "price_fair": 63,
            "eps_avg_yearly": 1.8,
            "eps_latest_yearly": 1.96,
            "eps_growth_yearly": 42.97
        },
        "20094": {
            "year_quarter": 20094,
            "year": 2009,
            "quarter": 4,
            "eps": 0,
            "eps_growth_year": null,
            "eps_4q": -0.5,
            "eps_4q_growth_year": -134.52,
            "roe": -0.35,
            "roe_4q": -5.42,
            "gross_profit": 58258,
            "gross_margin": 18.96,
            "gross_margin_4q_avg": 23.73,
            "net_income": -4462,
            "net_income_4q": null,
            "revenue": 307211,
            "revenue_4q": null,
            "common_shares": 969803,
            "book_valuer_per_share": 12.71,
            "book_valuer_per_share_4q_avg": 12.93,
            "equity": 1238062,
            "current_ratio": 95.7,
            "debt_ratio": 50.12,
            "inventory_turnover_ratio": 0.68,
            "account_receivable_turnover_ratio": 1.75,
            "reinvestment_rate": 283.82,
            "research_to_sale_ratio": null,
            "price_fair": 61.35,
            "eps_avg_yearly": 1.75,
            "eps_latest_yearly": 1.96,
            "eps_growth_yearly": 56.21
        },
        "20101": {
            "year_quarter": 20101,
            "year": 2010,
            "quarter": 1,
            "eps": 0.18,
            "eps_growth_year": 350,
            "eps_4q": -0.29,
            "eps_4q_growth_year": -161.67,
            "roe": 1.26,
            "roe_4q": -4.4399999999999995,
            "gross_profit": 101090,
            "gross_margin": 32.1,
            "gross_margin_4q_avg": 24.69,
            "net_income": 17128,
            "net_income_4q": null,
            "revenue": 314880,
            "revenue_4q": null,
            "common_shares": 1169803,
            "book_valuer_per_share": 12.64,
            "book_valuer_per_share_4q_avg": 12.68,
            "equity": 1483876,
            "current_ratio": 147.81,
            "debt_ratio": 40.47,
            "inventory_turnover_ratio": 0.53,
            "account_receivable_turnover_ratio": 0.87,
            "reinvestment_rate": 405.81,
            "research_to_sale_ratio": 3.61,
            "price_fair": 61.74,
            "eps_avg_yearly": 1.76,
            "eps_latest_yearly": 1.96,
            "eps_growth_yearly": 73.55
        },
        "20102": {
            "year_quarter": 20102,
            "year": 2010,
            "quarter": 2,
            "eps": 0.3,
            "eps_growth_year": null,
            "eps_4q": 0.3,
            "eps_4q_growth_year": null,
            "roe": 2.28,
            "roe_4q": 1.27,
            "gross_profit": 105897,
            "gross_margin": 27.09,
            "gross_margin_4q_avg": 26.89,
            "net_income": 33299,
            "net_income_4q": null,
            "revenue": 390966,
            "revenue_4q": null,
            "common_shares": 1169803,
            "book_valuer_per_share": 12.83,
            "book_valuer_per_share_4q_avg": 12.61,
            "equity": 1436297,
            "current_ratio": 197.84,
            "debt_ratio": 40.92,
            "inventory_turnover_ratio": 0.66,
            "account_receivable_turnover_ratio": 0.95,
            "reinvestment_rate": 373.98,
            "research_to_sale_ratio": 3.47,
            "price_fair": 58.24,
            "eps_avg_yearly": 1.66,
            "eps_latest_yearly": 1.2,
            "eps_growth_yearly": 86.56
        },
        "20103": {
            "year_quarter": 20103,
            "year": 2010,
            "quarter": 3,
            "eps": 0.45,
            "eps_growth_year": null,
            "eps_4q": 0.9,
            "eps_4q_growth_year": null,
            "roe": 3.47,
            "roe_4q": 6.66,
            "gross_profit": 138004,
            "gross_margin": 28.68,
            "gross_margin_4q_avg": 26.71,
            "net_income": 50535,
            "net_income_4q": null,
            "revenue": 481241,
            "revenue_4q": null,
            "common_shares": 1169803,
            "book_valuer_per_share": 13.22,
            "book_valuer_per_share_4q_avg": 12.85,
            "equity": 1480164,
            "current_ratio": 180.71,
            "debt_ratio": 42.68,
            "inventory_turnover_ratio": 0.74,
            "account_receivable_turnover_ratio": 0.97,
            "reinvestment_rate": 338.72,
            "research_to_sale_ratio": 2.2,
            "price_fair": 51.52,
            "eps_avg_yearly": 1.47,
            "eps_latest_yearly": 1.8,
            "eps_growth_yearly": 78.92
        },
        "20104": {
            "year_quarter": 20104,
            "year": 2010,
            "quarter": 4,
            "eps": 0.42,
            "eps_growth_year": null,
            "eps_4q": 1.33,
            "eps_4q_growth_year": null,
            "roe": 3.18,
            "roe_4q": 10.19,
            "gross_profit": 118879,
            "gross_margin": 22.99,
            "gross_margin_4q_avg": 27.72,
            "net_income": 47290,
            "net_income_4q": null,
            "revenue": 517025,
            "revenue_4q": null,
            "common_shares": 1119803,
            "book_valuer_per_share": 13.34,
            "book_valuer_per_share_4q_avg": 13.01,
            "equity": 1493723,
            "current_ratio": 195.34,
            "debt_ratio": 40.75,
            "inventory_turnover_ratio": 0.82,
            "account_receivable_turnover_ratio": 0.95,
            "reinvestment_rate": -40.07,
            "research_to_sale_ratio": 2.46,
            "price_fair": 49,
            "eps_avg_yearly": 1.4,
            "eps_latest_yearly": 1.68,
            "eps_growth_yearly": 90.45
        },
        "20111": {
            "year_quarter": 20111,
            "year": 2011,
            "quarter": 1,
            "eps": 0.5,
            "eps_growth_year": 177.78,
            "eps_4q": 1.67,
            "eps_4q_growth_year": null,
            "roe": 3.64,
            "roe_4q": 12.57,
            "gross_profit": 129771,
            "gross_margin": 26.08,
            "gross_margin_4q_avg": 26.21,
            "net_income": 55567,
            "net_income_4q": null,
            "revenue": 497546,
            "revenue_4q": null,
            "common_shares": 1119803,
            "book_valuer_per_share": 13.91,
            "book_valuer_per_share_4q_avg": 13.33,
            "equity": 1557780,
            "current_ratio": 207.33,
            "debt_ratio": 41.04,
            "inventory_turnover_ratio": 0.71,
            "account_receivable_turnover_ratio": 0.92,
            "reinvestment_rate": 282.76,
            "research_to_sale_ratio": 1.85,
            "price_fair": 53.2,
            "eps_avg_yearly": 1.52,
            "eps_latest_yearly": 2,
            "eps_growth_yearly": 124.73
        },
        "20112": {
            "year_quarter": 20112,
            "year": 2011,
            "quarter": 2,
            "eps": 0.57,
            "eps_growth_year": 92.39,
            "eps_4q": 1.91,
            "eps_4q_growth_year": 542.61,
            "roe": 4.19,
            "roe_4q": 14.48,
            "gross_profit": 136366,
            "gross_margin": 27.16,
            "gross_margin_4q_avg": 26.23,
            "net_income": 65953,
            "net_income_4q": null,
            "revenue": 502086,
            "revenue_4q": null,
            "common_shares": 1119803,
            "book_valuer_per_share": 14.2,
            "book_valuer_per_share_4q_avg": 13.67,
            "equity": 1589645,
            "current_ratio": 222.61,
            "debt_ratio": 39.17,
            "inventory_turnover_ratio": 0.65,
            "account_receivable_turnover_ratio": 0.96,
            "reinvestment_rate": 226.06,
            "research_to_sale_ratio": 2.22,
            "price_fair": 58.66,
            "eps_avg_yearly": 1.68,
            "eps_latest_yearly": 2.28,
            "eps_growth_yearly": 134.33
        },
        "20113": {
            "year_quarter": 20113,
            "year": 2011,
            "quarter": 3,
            "eps": 0.79,
            "eps_growth_year": 74.6,
            "eps_4q": 2.25,
            "eps_4q_growth_year": 150,
            "roe": 5.46,
            "roe_4q": 16.470000000000002,
            "gross_profit": 177432,
            "gross_margin": 29.06,
            "gross_margin_4q_avg": 26.32,
            "net_income": 90700,
            "net_income_4q": null,
            "revenue": 610671,
            "revenue_4q": null,
            "common_shares": 1151088,
            "book_valuer_per_share": 15.03,
            "book_valuer_per_share_4q_avg": 14.12,
            "equity": 1730658,
            "current_ratio": 212.03,
            "debt_ratio": 39.21,
            "inventory_turnover_ratio": 0.73,
            "account_receivable_turnover_ratio": 1.24,
            "reinvestment_rate": 218.55,
            "research_to_sale_ratio": 2.15,
            "price_fair": 63.7,
            "eps_avg_yearly": 1.82,
            "eps_latest_yearly": 3.16,
            "eps_growth_yearly": 94.22
        },
        "20114": {
            "year_quarter": 20114,
            "year": 2011,
            "quarter": 4,
            "eps": -0.02,
            "eps_growth_year": -104.41,
            "eps_4q": 1.83,
            "eps_4q_growth_year": 37.69,
            "roe": -0.12,
            "roe_4q": 13.170000000000002,
            "gross_profit": 73110,
            "gross_margin": 16.93,
            "gross_margin_4q_avg": 24.81,
            "net_income": -2146,
            "net_income_4q": null,
            "revenue": 431831,
            "revenue_4q": null,
            "common_shares": 1151088,
            "book_valuer_per_share": 14.92,
            "book_valuer_per_share_4q_avg": 14.52,
            "equity": 1717744,
            "current_ratio": 175.58,
            "debt_ratio": 34.84,
            "inventory_turnover_ratio": 0.65,
            "account_receivable_turnover_ratio": 1.07,
            "reinvestment_rate": -48.37,
            "research_to_sale_ratio": 2.66,
            "price_fair": 64.56,
            "eps_avg_yearly": 1.84,
            "eps_latest_yearly": 3.16,
            "eps_growth_yearly": 107.79
        },
        "20121": {
            "year_quarter": 20121,
            "year": 2012,
            "quarter": 1,
            "eps": -0.09,
            "eps_growth_year": -118,
            "eps_4q": 1.26,
            "eps_4q_growth_year": -24.66,
            "roe": -0.58,
            "roe_4q": 8.95,
            "gross_profit": 55261,
            "gross_margin": 20.74,
            "gross_margin_4q_avg": 23.47,
            "net_income": -9895,
            "net_income_4q": null,
            "revenue": 266498,
            "revenue_4q": null,
            "common_shares": 1151088,
            "book_valuer_per_share": 14.71,
            "book_valuer_per_share_4q_avg": 14.72,
            "equity": 1692724,
            "current_ratio": 198.91,
            "debt_ratio": 28.66,
            "inventory_turnover_ratio": 0.44,
            "account_receivable_turnover_ratio": 0.83,
            "reinvestment_rate": -97.58,
            "research_to_sale_ratio": 3.36,
            "price_fair": 68.78,
            "eps_avg_yearly": 1.97,
            "eps_latest_yearly": 3.16,
            "eps_growth_yearly": 143.76
        },
        "20122": {
            "year_quarter": 20122,
            "year": 2012,
            "quarter": 2,
            "eps": 0.16,
            "eps_growth_year": -71.75,
            "eps_4q": 0.85,
            "eps_4q_growth_year": -55.65,
            "roe": 1.15,
            "roe_4q": 5.91,
            "gross_profit": 90003,
            "gross_margin": 30.33,
            "gross_margin_4q_avg": 24.27,
            "net_income": 18630,
            "net_income_4q": null,
            "revenue": 296776,
            "revenue_4q": null,
            "common_shares": 1151088,
            "book_valuer_per_share": 13.4,
            "book_valuer_per_share_4q_avg": 14.52,
            "equity": 1542817,
            "current_ratio": 163.14,
            "debt_ratio": 35.68,
            "inventory_turnover_ratio": 0.46,
            "account_receivable_turnover_ratio": 0.93,
            "reinvestment_rate": -43.38,
            "research_to_sale_ratio": 3.35,
            "price_fair": 70.4,
            "eps_avg_yearly": 2.01,
            "eps_latest_yearly": 3.16,
            "eps_growth_yearly": 114.95
        },
        "20123": {
            "year_quarter": 20123,
            "year": 2012,
            "quarter": 3,
            "eps": 0.19,
            "eps_growth_year": -75.72,
            "eps_4q": 0.25,
            "eps_4q_growth_year": -88.98,
            "roe": 1.42,
            "roe_4q": 1.8699999999999997,
            "gross_profit": 90598,
            "gross_margin": 27.44,
            "gross_margin_4q_avg": 23.86,
            "net_income": 22022,
            "net_income_4q": null,
            "revenue": 330214,
            "revenue_4q": null,
            "common_shares": 1151088,
            "book_valuer_per_share": 13.48,
            "book_valuer_per_share_4q_avg": 14.13,
            "equity": 1551277,
            "current_ratio": 187.55,
            "debt_ratio": 28.54,
            "inventory_turnover_ratio": 0.53,
            "account_receivable_turnover_ratio": 0.96,
            "reinvestment_rate": -89.96,
            "research_to_sale_ratio": 2.92,
            "price_fair": 64.4,
            "eps_avg_yearly": 1.84,
            "eps_latest_yearly": 0.76,
            "eps_growth_yearly": 114.51
        },
        "20124": {
            "year_quarter": 20124,
            "year": 2012,
            "quarter": 4,
            "eps": 0.24,
            "eps_growth_year": null,
            "eps_4q": 0.51,
            "eps_4q_growth_year": -72.29,
            "roe": 1.75,
            "roe_4q": 3.74,
            "gross_profit": 99531,
            "gross_margin": 27.2,
            "gross_margin_4q_avg": 26.43,
            "net_income": 27460,
            "net_income_4q": null,
            "revenue": 365888,
            "revenue_4q": null,
            "common_shares": 1151088,
            "book_valuer_per_share": 13.71,
            "book_valuer_per_share_4q_avg": 13.83,
            "equity": 1578569,
            "current_ratio": 262.77,
            "debt_ratio": 29.16,
            "inventory_turnover_ratio": 0.57,
            "account_receivable_turnover_ratio": 1.01,
            "reinvestment_rate": -87.68,
            "research_to_sale_ratio": 2.22,
            "price_fair": 60.55,
            "eps_avg_yearly": 1.73,
            "eps_latest_yearly": 0.96,
            "eps_growth_yearly": 113.35
        },
        "20131": {
            "year_quarter": 20131,
            "year": 2013,
            "quarter": 1,
            "eps": 0.01,
            "eps_growth_year": null,
            "eps_4q": 0.6,
            "eps_4q_growth_year": -52.11,
            "roe": 0.07,
            "roe_4q": 4.390000000000001,
            "gross_profit": 59708,
            "gross_margin": 21.32,
            "gross_margin_4q_avg": 26.57,
            "net_income": 1141,
            "net_income_4q": null,
            "revenue": 280091,
            "revenue_4q": null,
            "common_shares": 1151088,
            "book_valuer_per_share": 13.93,
            "book_valuer_per_share_4q_avg": 13.63,
            "equity": 1603204,
            "current_ratio": 296.75,
            "debt_ratio": 27.34,
            "inventory_turnover_ratio": 0.47,
            "account_receivable_turnover_ratio": 0.82,
            "reinvestment_rate": -85.27,
            "research_to_sale_ratio": 3.28,
            "price_fair": 53.98,
            "eps_avg_yearly": 1.54,
            "eps_latest_yearly": 0.04,
            "eps_growth_yearly": 58.17
        },
        "20132": {
            "year_quarter": 20132,
            "year": 2013,
            "quarter": 2,
            "eps": 0.21,
            "eps_growth_year": 29.75,
            "eps_4q": 0.65,
            "eps_4q_growth_year": -23.13,
            "roe": 1.51,
            "roe_4q": 4.75,
            "gross_profit": 91360,
            "gross_margin": 27.53,
            "gross_margin_4q_avg": 25.87,
            "net_income": 24159,
            "net_income_4q": null,
            "revenue": 331872,
            "revenue_4q": null,
            "common_shares": 1151088,
            "book_valuer_per_share": 13.9,
            "book_valuer_per_share_4q_avg": 13.76,
            "equity": 1599748,
            "current_ratio": 275.28,
            "debt_ratio": 28.7,
            "inventory_turnover_ratio": 0.51,
            "account_receivable_turnover_ratio": 0.99,
            "reinvestment_rate": -43.98,
            "research_to_sale_ratio": 3.13,
            "price_fair": 51.52,
            "eps_avg_yearly": 1.47,
            "eps_latest_yearly": 0.84,
            "eps_growth_yearly": 852.35
        },
        "20133": {
            "year_quarter": 20133,
            "year": 2013,
            "quarter": 3,
            "eps": 0.37,
            "eps_growth_year": 93.4,
            "eps_4q": 0.83,
            "eps_4q_growth_year": 234.95,
            "roe": 2.66,
            "roe_4q": 5.99,
            "gross_profit": 113480,
            "gross_margin": 29.32,
            "gross_margin_4q_avg": 26.34,
            "net_income": 43073,
            "net_income_4q": null,
            "revenue": 387000,
            "revenue_4q": null,
            "common_shares": 1151088,
            "book_valuer_per_share": 14.23,
            "book_valuer_per_share_4q_avg": 13.94,
            "equity": 1638529,
            "current_ratio": 294.54,
            "debt_ratio": 26.52,
            "inventory_turnover_ratio": 0.6,
            "account_receivable_turnover_ratio": 1.13,
            "reinvestment_rate": -35.44,
            "research_to_sale_ratio": 2.78,
            "price_fair": 51.55,
            "eps_avg_yearly": 1.47,
            "eps_latest_yearly": 1.48,
            "eps_growth_yearly": 802.57
        },
        "20134": {
            "year_quarter": 20134,
            "year": 2013,
            "quarter": 4,
            "eps": 0.26,
            "eps_growth_year": 8.51,
            "eps_4q": 0.85,
            "eps_4q_growth_year": 68.63,
            "roe": 1.8,
            "roe_4q": 6.04,
            "gross_profit": 111321,
            "gross_margin": 30.76,
            "gross_margin_4q_avg": 27.23,
            "net_income": 29798,
            "net_income_4q": null,
            "revenue": 361847,
            "revenue_4q": null,
            "common_shares": 1151088,
            "book_valuer_per_share": 14.6,
            "book_valuer_per_share_4q_avg": 14.17,
            "equity": 1680282,
            "current_ratio": 291.86,
            "debt_ratio": 25.86,
            "inventory_turnover_ratio": 0.59,
            "account_receivable_turnover_ratio": 1.08,
            "reinvestment_rate": -49.08,
            "research_to_sale_ratio": 3.16,
            "price_fair": 50.28,
            "eps_avg_yearly": 1.44,
            "eps_latest_yearly": 1.04,
            "eps_growth_yearly": 725.78
        },
        "20141": {
            "year_quarter": 20141,
            "year": 2014,
            "quarter": 1,
            "eps": 0.3,
            "eps_growth_year": 2900,
            "eps_4q": 1.15,
            "eps_4q_growth_year": 90.61,
            "roe": 2.05,
            "roe_4q": 8.02,
            "gross_profit": 98468,
            "gross_margin": 30.48,
            "gross_margin_4q_avg": 29.52,
            "net_income": 34974,
            "net_income_4q": null,
            "revenue": 323056,
            "revenue_4q": null,
            "common_shares": 1151088,
            "book_valuer_per_share": 14.98,
            "book_valuer_per_share_4q_avg": 14.43,
            "equity": 1723818,
            "current_ratio": 262.87,
            "debt_ratio": 25.1,
            "inventory_turnover_ratio": 0.52,
            "account_receivable_turnover_ratio": 1.03,
            "reinvestment_rate": -42.59,
            "research_to_sale_ratio": 3.16,
            "price_fair": 49.65,
            "eps_avg_yearly": 1.42,
            "eps_latest_yearly": 1.2,
            "eps_growth_yearly": 674.68
        },
        "20142": {
            "year_quarter": 20142,
            "year": 2014,
            "quarter": 2,
            "eps": 0.12,
            "eps_growth_year": -42.86,
            "eps_4q": 1.06,
            "eps_4q_growth_year": 62.45,
            "roe": 0.81,
            "roe_4q": 7.32,
            "gross_profit": 80454,
            "gross_margin": 22.72,
            "gross_margin_4q_avg": 28.32,
            "net_income": 13636,
            "net_income_4q": null,
            "revenue": 354164,
            "revenue_4q": null,
            "common_shares": 1151088,
            "book_valuer_per_share": 14.42,
            "book_valuer_per_share_4q_avg": 14.56,
            "equity": 1659360,
            "current_ratio": 224.38,
            "debt_ratio": 27.09,
            "inventory_turnover_ratio": 0.61,
            "account_receivable_turnover_ratio": 1.18,
            "reinvestment_rate": -56.43,
            "research_to_sale_ratio": 3.12,
            "price_fair": 47.71,
            "eps_avg_yearly": 1.36,
            "eps_latest_yearly": 0.48,
            "eps_growth_yearly": 635.71
        },
        "20143": {
            "year_quarter": 20143,
            "year": 2014,
            "quarter": 3,
            "eps": 0.37,
            "eps_growth_year": 0,
            "eps_4q": 1.05,
            "eps_4q_growth_year": 25.85,
            "roe": 2.51,
            "roe_4q": 7.169999999999999,
            "gross_profit": 105769,
            "gross_margin": 29.09,
            "gross_margin_4q_avg": 28.26,
            "net_income": 42196,
            "net_income_4q": null,
            "revenue": 363554,
            "revenue_4q": null,
            "common_shares": 1151088,
            "book_valuer_per_share": 14.82,
            "book_valuer_per_share_4q_avg": 14.71,
            "equity": 1706252,
            "current_ratio": 255.8,
            "debt_ratio": 23.89,
            "inventory_turnover_ratio": 0.57,
            "account_receivable_turnover_ratio": 1.1,
            "reinvestment_rate": -52.28,
            "research_to_sale_ratio": 2.77,
            "price_fair": 46.85,
            "eps_avg_yearly": 1.34,
            "eps_latest_yearly": 1.48,
            "eps_growth_yearly": 684.43
        },
        "20144": {
            "year_quarter": 20144,
            "year": 2014,
            "quarter": 4,
            "eps": 0.23,
            "eps_growth_year": -10.05,
            "eps_4q": 1.02,
            "eps_4q_growth_year": 19.8,
            "roe": 1.55,
            "roe_4q": 6.919999999999999,
            "gross_profit": 104000,
            "gross_margin": 28.41,
            "gross_margin_4q_avg": 27.68,
            "net_income": 26803,
            "net_income_4q": null,
            "revenue": 366048,
            "revenue_4q": null,
            "common_shares": 1151088,
            "book_valuer_per_share": 15.28,
            "book_valuer_per_share_4q_avg": 14.88,
            "equity": 1758599,
            "current_ratio": 264.81,
            "debt_ratio": 23.48,
            "inventory_turnover_ratio": 0.6,
            "account_receivable_turnover_ratio": 1.13,
            "reinvestment_rate": -35.3,
            "research_to_sale_ratio": 2.66,
            "price_fair": 44.8,
            "eps_avg_yearly": 1.28,
            "eps_latest_yearly": 0.92,
            "eps_growth_yearly": 674.84
        },
        "20151": {
            "year_quarter": 20151,
            "year": 2015,
            "quarter": 1,
            "eps": 0.33,
            "eps_growth_year": 10,
            "eps_4q": 1.05,
            "eps_4q_growth_year": -8.29,
            "roe": 2.17,
            "roe_4q": 7.039999999999999,
            "gross_profit": 94510,
            "gross_margin": 30.5,
            "gross_margin_4q_avg": 27.68,
            "net_income": 38422,
            "net_income_4q": null,
            "revenue": 309847,
            "revenue_4q": null,
            "common_shares": 1151088,
            "book_valuer_per_share": 15.54,
            "book_valuer_per_share_4q_avg": 15.02,
            "equity": 1789186,
            "current_ratio": 312.72,
            "debt_ratio": 19.59,
            "inventory_turnover_ratio": 0.52,
            "account_receivable_turnover_ratio": 1.1,
            "reinvestment_rate": -40.73,
            "research_to_sale_ratio": 2.2,
            "price_fair": 42.97,
            "eps_avg_yearly": 1.23,
            "eps_latest_yearly": 1.32,
            "eps_growth_yearly": 682.35
        },
        "20152": {
            "year_quarter": 20152,
            "year": 2015,
            "quarter": 2,
            "eps": 0.12,
            "eps_growth_year": 0,
            "eps_4q": 1.05,
            "eps_4q_growth_year": -0.24,
            "roe": 0.79,
            "roe_4q": 7.02,
            "gross_profit": 80386,
            "gross_margin": 25.04,
            "gross_margin_4q_avg": 28.26,
            "net_income": 13766,
            "net_income_4q": null,
            "revenue": 320986,
            "revenue_4q": null,
            "common_shares": 1151088,
            "book_valuer_per_share": 14.8,
            "book_valuer_per_share_4q_avg": 15.11,
            "equity": 1703074,
            "current_ratio": 245.5,
            "debt_ratio": 24.09,
            "inventory_turnover_ratio": 0.58,
            "account_receivable_turnover_ratio": 1.19,
            "reinvestment_rate": -23.48,
            "research_to_sale_ratio": 1.81,
            "price_fair": 38.12,
            "eps_avg_yearly": 1.09,
            "eps_latest_yearly": 0.48,
            "eps_growth_yearly": 658.47
        },
        "20153": {
            "year_quarter": 20153,
            "year": 2015,
            "quarter": 3,
            "eps": 0.23,
            "eps_growth_year": -37.84,
            "eps_4q": 0.91,
            "eps_4q_growth_year": -12.94,
            "roe": 1.51,
            "roe_4q": 6.02,
            "gross_profit": 77116,
            "gross_margin": 23.38,
            "gross_margin_4q_avg": 26.83,
            "net_income": 26010,
            "net_income_4q": null,
            "revenue": 329854,
            "revenue_4q": null,
            "common_shares": 1151088,
            "book_valuer_per_share": 15.1,
            "book_valuer_per_share_4q_avg": 15.18,
            "equity": 1738180,
            "current_ratio": 261.46,
            "debt_ratio": 23.33,
            "inventory_turnover_ratio": 0.6,
            "account_receivable_turnover_ratio": 1.19,
            "reinvestment_rate": -60.13,
            "research_to_sale_ratio": 1.88,
            "price_fair": 32.09,
            "eps_avg_yearly": 0.92,
            "eps_latest_yearly": 0.92,
            "eps_growth_yearly": 674.79
        },
        "20154": {
            "year_quarter": 20154,
            "year": 2015,
            "quarter": 4,
            "eps": 0.02,
            "eps_growth_year": -91.07,
            "eps_4q": 0.7,
            "eps_4q_growth_year": -31.48,
            "roe": 0.14,
            "roe_4q": 4.609999999999999,
            "gross_profit": 67931,
            "gross_margin": 21.41,
            "gross_margin_4q_avg": 25.08,
            "net_income": 2393,
            "net_income_4q": null,
            "revenue": 317333,
            "revenue_4q": null,
            "common_shares": 1151088,
            "book_valuer_per_share": 15.03,
            "book_valuer_per_share_4q_avg": 15.12,
            "equity": 1729966,
            "current_ratio": 276.72,
            "debt_ratio": 22.34,
            "inventory_turnover_ratio": 0.59,
            "account_receivable_turnover_ratio": 1.21,
            "reinvestment_rate": -63.08,
            "research_to_sale_ratio": 2.07,
            "price_fair": 30,
            "eps_avg_yearly": 0.86,
            "eps_latest_yearly": 0.08,
            "eps_growth_yearly": 600.51
        },
        "20161": {
            "year_quarter": 20161,
            "year": 2016,
            "quarter": 1,
            "eps": 0.34,
            "eps_growth_year": 3.03,
            "eps_4q": 0.71,
            "eps_4q_growth_year": -32.8,
            "roe": 2.25,
            "roe_4q": 4.69,
            "gross_profit": 82573,
            "gross_margin": 25.1,
            "gross_margin_4q_avg": 23.73,
            "net_income": 39177,
            "net_income_4q": null,
            "revenue": 329036,
            "revenue_4q": null,
            "common_shares": 1151088,
            "book_valuer_per_share": 15.18,
            "book_valuer_per_share_4q_avg": 15.03,
            "equity": 1746805,
            "current_ratio": 313.76,
            "debt_ratio": 19.72,
            "inventory_turnover_ratio": 0.63,
            "account_receivable_turnover_ratio": 1.37,
            "reinvestment_rate": -47.79,
            "research_to_sale_ratio": 2.89,
            "price_fair": 31.17,
            "eps_avg_yearly": 0.89,
            "eps_latest_yearly": 1.36,
            "eps_growth_yearly": 987.14
        },
        "20162": {
            "year_quarter": 20162,
            "year": 2016,
            "quarter": 2,
            "eps": 0.24,
            "eps_growth_year": 100,
            "eps_4q": 0.83,
            "eps_4q_growth_year": -21.52,
            "roe": 1.57,
            "roe_4q": 5.470000000000001,
            "gross_profit": 107224,
            "gross_margin": 32.65,
            "gross_margin_4q_avg": 25.64,
            "net_income": 27522,
            "net_income_4q": null,
            "revenue": 328406,
            "revenue_4q": null,
            "common_shares": 1151088,
            "book_valuer_per_share": 15.21,
            "book_valuer_per_share_4q_avg": 15.13,
            "equity": 1751327,
            "current_ratio": 291.63,
            "debt_ratio": 21.72,
            "inventory_turnover_ratio": 0.58,
            "account_receivable_turnover_ratio": 1.37,
            "reinvestment_rate": -48.39,
            "research_to_sale_ratio": 2.47,
            "price_fair": 31.33,
            "eps_avg_yearly": 0.9,
            "eps_latest_yearly": 0.96,
            "eps_growth_yearly": 918.09
        },
        "20163": {
            "year_quarter": 20163,
            "year": 2016,
            "quarter": 3,
            "eps": 0.37,
            "eps_growth_year": 60.87,
            "eps_4q": 1.1,
            "eps_4q_growth_year": 20.51,
            "roe": 2.36,
            "roe_4q": 6.319999999999999,
            "gross_profit": 103643,
            "gross_margin": 29.39,
            "gross_margin_4q_avg": 27.14,
            "net_income": 39732,
            "net_income_4q": null,
            "revenue": 352655,
            "revenue_4q": null,
            "common_shares": 989936,
            "book_valuer_per_share": 16.34,
            "book_valuer_per_share_4q_avg": 15.44,
            "equity": 1617068,
            "current_ratio": 233.15,
            "debt_ratio": 26.91,
            "inventory_turnover_ratio": 0.67,
            "account_receivable_turnover_ratio": 1.47,
            "reinvestment_rate": -41.98,
            "research_to_sale_ratio": 2.33,
            "price_fair": 32.9,
            "eps_avg_yearly": 0.94,
            "eps_latest_yearly": 1.48,
            "eps_growth_yearly": 926.95
        },
        "20164": {
            "year_quarter": 20164,
            "year": 2016,
            "quarter": 4,
            "eps": 0.22,
            "eps_growth_year": 953.95,
            "eps_4q": 1.29,
            "eps_4q_growth_year": 84.86,
            "roe": 1.33,
            "roe_4q": 7.51,
            "gross_profit": 87471,
            "gross_margin": 28.59,
            "gross_margin_4q_avg": 28.93,
            "net_income": 21690,
            "net_income_4q": null,
            "revenue": 305915,
            "revenue_4q": null,
            "common_shares": 989936,
            "book_valuer_per_share": 16.5,
            "book_valuer_per_share_4q_avg": 15.81,
            "equity": 1633525,
            "current_ratio": 259.19,
            "debt_ratio": 21.26,
            "inventory_turnover_ratio": 0.63,
            "account_receivable_turnover_ratio": 1.29,
            "reinvestment_rate": -7.86,
            "research_to_sale_ratio": 3.46,
            "price_fair": 32.73,
            "eps_avg_yearly": 0.94,
            "eps_latest_yearly": 0.88,
            "eps_growth_yearly": 910.23
        },
        "20171": {
            "year_quarter": 20171,
            "year": 2017,
            "quarter": 1,
            "eps": 0.25,
            "eps_growth_year": -26.47,
            "eps_4q": 1.15,
            "eps_4q_growth_year": 62.71,
            "roe": 1.52,
            "roe_4q": 6.78,
            "gross_profit": 99965,
            "gross_margin": 33.53,
            "gross_margin_4q_avg": 31.04,
            "net_income": 24882,
            "net_income_4q": null,
            "revenue": 298111,
            "revenue_4q": null,
            "common_shares": 989936,
            "book_valuer_per_share": 16.56,
            "book_valuer_per_share_4q_avg": 16.15,
            "equity": 1639360,
            "current_ratio": 266.82,
            "debt_ratio": 21.53,
            "inventory_turnover_ratio": 0.54,
            "account_receivable_turnover_ratio": 1.29,
            "reinvestment_rate": -18.35,
            "research_to_sale_ratio": 2.62,
            "price_fair": 34.83,
            "eps_avg_yearly": 1,
            "eps_latest_yearly": 1,
            "eps_growth_yearly": 937.6
        },
        "20172": {
            "year_quarter": 20172,
            "year": 2017,
            "quarter": 2,
            "eps": 0.56,
            "eps_growth_year": 133.33,
            "eps_4q": 1.44,
            "eps_4q_growth_year": 73.87,
            "roe": 3.42,
            "roe_4q": 8.629999999999999,
            "gross_profit": 137833,
            "gross_margin": 31.09,
            "gross_margin_4q_avg": 30.65,
            "net_income": 55904,
            "net_income_4q": null,
            "revenue": 443326,
            "revenue_4q": null,
            "common_shares": 989936,
            "book_valuer_per_share": 16.42,
            "book_valuer_per_share_4q_avg": 16.46,
            "equity": 1625561,
            "current_ratio": 234.24,
            "debt_ratio": 25.43,
            "inventory_turnover_ratio": 0.76,
            "account_receivable_turnover_ratio": 1.54,
            "reinvestment_rate": -24.15,
            "research_to_sale_ratio": 2.6,
            "price_fair": 37.89,
            "eps_avg_yearly": 1.08,
            "eps_latest_yearly": 2.24,
            "eps_growth_yearly": 468.6
        },
        "20173": {
            "year_quarter": 20173,
            "year": 2017,
            "quarter": 3,
            "eps": 0.58,
            "eps_growth_year": 56.76,
            "eps_4q": 1.61,
            "eps_4q_growth_year": 46.6,
            "roe": 3.44,
            "roe_4q": 9.709999999999999,
            "gross_profit": 150892,
            "gross_margin": 37.79,
            "gross_margin_4q_avg": 32.75,
            "net_income": 57064,
            "net_income_4q": null,
            "revenue": 399289,
            "revenue_4q": null,
            "common_shares": 989936,
            "book_valuer_per_share": 17.05,
            "book_valuer_per_share_4q_avg": 16.63,
            "equity": 1688002,
            "current_ratio": 246.93,
            "debt_ratio": 24.76,
            "inventory_turnover_ratio": 0.56,
            "account_receivable_turnover_ratio": 1.08,
            "reinvestment_rate": -18.71,
            "research_to_sale_ratio": 3.11,
            "price_fair": 39.73,
            "eps_avg_yearly": 1.14,
            "eps_latest_yearly": 2.32,
            "eps_growth_yearly": 450.44
        },
        "20174": {
            "year_quarter": 20174,
            "year": 2017,
            "quarter": 4,
            "eps": 0.43,
            "eps_growth_year": 97.86,
            "eps_4q": 1.83,
            "eps_4q_growth_year": 41.09,
            "roe": 2.5,
            "roe_4q": 10.879999999999999,
            "gross_profit": 159254,
            "gross_margin": 28.94,
            "gross_margin_4q_avg": 32.84,
            "net_income": 42916,
            "net_income_4q": null,
            "revenue": 550273,
            "revenue_4q": null,
            "common_shares": 989936,
            "book_valuer_per_share": 17.58,
            "book_valuer_per_share_4q_avg": 16.9,
            "equity": 1740372,
            "current_ratio": 217.88,
            "debt_ratio": 26.63,
            "inventory_turnover_ratio": 0.77,
            "account_receivable_turnover_ratio": 1.42,
            "reinvestment_rate": -16.02,
            "research_to_sale_ratio": 2.46,
            "price_fair": 41.21,
            "eps_avg_yearly": 1.18,
            "eps_latest_yearly": 1.72,
            "eps_growth_yearly": 451.41
        },
        "20181": {
            "year_quarter": 20181,
            "year": 2018,
            "quarter": 1,
            "eps": 0.49,
            "eps_growth_year": 96,
            "eps_4q": 2.06,
            "eps_4q_growth_year": 79.25,
            "roe": 2.6,
            "roe_4q": 11.959999999999999,
            "gross_profit": 171310,
            "gross_margin": 30.42,
            "gross_margin_4q_avg": 32.06,
            "net_income": 48551,
            "net_income_4q": null,
            "revenue": 563067,
            "revenue_4q": null,
            "common_shares": 989936,
            "book_valuer_per_share": 18.12,
            "book_valuer_per_share_4q_avg": 17.29,
            "equity": 1993416,
            "current_ratio": 225.56,
            "debt_ratio": 31.12,
            "inventory_turnover_ratio": 0.69,
            "account_receivable_turnover_ratio": 1.33,
            "reinvestment_rate": 24.23,
            "research_to_sale_ratio": 2.77,
            "price_fair": 42.88,
            "eps_avg_yearly": 1.23,
            "eps_latest_yearly": 1.96,
            "eps_growth_yearly": 451.05
        },
        "20182": {
            "year_quarter": 20182,
            "year": 2018,
            "quarter": 2,
            "eps": 0.59,
            "eps_growth_year": 5.36,
            "eps_4q": 2.08,
            "eps_4q_growth_year": 45.13,
            "roe": 2.98,
            "roe_4q": 11.52,
            "gross_profit": 176179,
            "gross_margin": 30.08,
            "gross_margin_4q_avg": 31.81,
            "net_income": 57930,
            "net_income_4q": null,
            "revenue": 585729,
            "revenue_4q": null,
            "common_shares": 989936,
            "book_valuer_per_share": 17.29,
            "book_valuer_per_share_4q_avg": 17.51,
            "equity": 1892675,
            "current_ratio": 190.34,
            "debt_ratio": 37.24,
            "inventory_turnover_ratio": 0.62,
            "account_receivable_turnover_ratio": 1.23,
            "reinvestment_rate": 34.77,
            "research_to_sale_ratio": 2.21,
            "price_fair": 46.99,
            "eps_avg_yearly": 1.34,
            "eps_latest_yearly": 2.36,
            "eps_growth_yearly": 471.16
        },
        "20183": {
            "year_quarter": 20183,
            "year": 2018,
            "quarter": 3,
            "eps": 0.49,
            "eps_growth_year": -15.52,
            "eps_4q": 2,
            "eps_4q_growth_year": 24.11,
            "roe": 2.65,
            "roe_4q": 10.73,
            "gross_profit": 167889,
            "gross_margin": 31.52,
            "gross_margin_4q_avg": 30.24,
            "net_income": 50496,
            "net_income_4q": null,
            "revenue": 532609,
            "revenue_4q": null,
            "common_shares": 989936,
            "book_valuer_per_share": 17.64,
            "book_valuer_per_share_4q_avg": 17.66,
            "equity": 1921060,
            "current_ratio": 210.69,
            "debt_ratio": 33.38,
            "inventory_turnover_ratio": 0.49,
            "account_receivable_turnover_ratio": 1.1,
            "reinvestment_rate": 38.7,
            "research_to_sale_ratio": 2.84,
            "price_fair": 48.04,
            "eps_avg_yearly": 1.37,
            "eps_latest_yearly": 1.96,
            "eps_growth_yearly": 414.83
        },
        "20184": {
            "year_quarter": 20184,
            "year": 2018,
            "quarter": 4,
            "eps": 0.54,
            "eps_growth_year": 24.62,
            "eps_4q": 2.11,
            "eps_4q_growth_year": 15.38,
            "roe": 2.88,
            "roe_4q": 11.11,
            "gross_profit": 203612,
            "gross_margin": 36.57,
            "gross_margin_4q_avg": 32.15,
            "net_income": 56362,
            "net_income_4q": null,
            "revenue": 556783,
            "revenue_4q": null,
            "common_shares": 989936,
            "book_valuer_per_share": 18.22,
            "book_valuer_per_share_4q_avg": 17.82,
            "equity": 1988056,
            "current_ratio": 216.31,
            "debt_ratio": 32.84,
            "inventory_turnover_ratio": 0.44,
            "account_receivable_turnover_ratio": 1.17,
            "reinvestment_rate": 38.12,
            "research_to_sale_ratio": 3.56,
            "price_fair": 50.75,
            "eps_avg_yearly": 1.45,
            "eps_latest_yearly": 2.16,
            "eps_growth_yearly": 426.85
        },
        "20191": {
            "year_quarter": 20191,
            "year": 2019,
            "quarter": 1,
            "eps": 0.6,
            "eps_growth_year": 22.45,
            "eps_4q": 2.22,
            "eps_4q_growth_year": 7.75,
            "roe": 3.2,
            "roe_4q": 11.71,
            "gross_profit": 202309,
            "gross_margin": 34.43,
            "gross_margin_4q_avg": 33.15,
            "net_income": 64675,
            "net_income_4q": null,
            "revenue": 587653,
            "revenue_4q": null,
            "common_shares": 989936,
            "book_valuer_per_share": 18.89,
            "book_valuer_per_share_4q_avg": 18.01,
            "equity": 2058140,
            "current_ratio": 214.94,
            "debt_ratio": 33.39,
            "inventory_turnover_ratio": 0.45,
            "account_receivable_turnover_ratio": 1.33,
            "reinvestment_rate": 47.91,
            "research_to_sale_ratio": 2.44,
            "price_fair": 53.11,
            "eps_avg_yearly": 1.52,
            "eps_latest_yearly": 2.4,
            "eps_growth_yearly": 418.75
        },
        "20192": {
            "year_quarter": 20192,
            "year": 2019,
            "quarter": 2,
            "eps": 0.62,
            "eps_growth_year": 5.08,
            "eps_4q": 2.25,
            "eps_4q_growth_year": 8.09,
            "roe": 3.73,
            "roe_4q": 12.459999999999999,
            "gross_profit": 192750,
            "gross_margin": 30.98,
            "gross_margin_4q_avg": 33.38,
            "net_income": 74969,
            "net_income_4q": null,
            "revenue": 622244,
            "revenue_4q": null,
            "common_shares": 989936,
            "book_valuer_per_share": 17.79,
            "book_valuer_per_share_4q_avg": 18.14,
            "equity": 1961408,
            "current_ratio": 179.94,
            "debt_ratio": 38.11,
            "inventory_turnover_ratio": 0.5,
            "account_receivable_turnover_ratio": 1.42,
            "reinvestment_rate": 39.52,
            "research_to_sale_ratio": 2.37,
            "price_fair": 57.49,
            "eps_avg_yearly": 1.64,
            "eps_latest_yearly": 2.48,
            "eps_growth_yearly": 435.5
        },
        "20193": {
            "year_quarter": 20193,
            "year": 2019,
            "quarter": 3,
            "eps": 0.58,
            "eps_growth_year": 18.37,
            "eps_4q": 2.34,
            "eps_4q_growth_year": 17.13,
            "roe": 3.42,
            "roe_4q": 13.23,
            "gross_profit": 174210,
            "gross_margin": 31.26,
            "gross_margin_4q_avg": 33.31,
            "net_income": 67970,
            "net_income_4q": null,
            "revenue": 557301,
            "revenue_4q": null,
            "common_shares": 989936,
            "book_valuer_per_share": 18.4,
            "book_valuer_per_share_4q_avg": 18.33,
            "equity": 2010601,
            "current_ratio": 192.3,
            "debt_ratio": 34.72,
            "inventory_turnover_ratio": 0.44,
            "account_receivable_turnover_ratio": 1.26,
            "reinvestment_rate": 50.46,
            "research_to_sale_ratio": 3.21,
            "price_fair": 60.55,
            "eps_avg_yearly": 1.73,
            "eps_latest_yearly": 2.32,
            "eps_growth_yearly": 410.97
        },
        "20194": {
            "year_quarter": 20194,
            "year": 2019,
            "quarter": 4,
            "eps": 0.5,
            "eps_growth_year": -7.12,
            "eps_4q": 2.3,
            "eps_4q_growth_year": 9.37,
            "roe": 2.71,
            "roe_4q": 13.059999999999999,
            "gross_profit": 194485,
            "gross_margin": 32.16,
            "gross_margin_4q_avg": 32.21,
            "net_income": 55076,
            "net_income_4q": null,
            "revenue": 604784,
            "revenue_4q": null,
            "common_shares": 989936,
            "book_valuer_per_share": 18.8,
            "book_valuer_per_share_4q_avg": 18.47,
            "equity": 2054685,
            "current_ratio": 191.92,
            "debt_ratio": 34.01,
            "inventory_turnover_ratio": 0.5,
            "account_receivable_turnover_ratio": 1.51,
            "reinvestment_rate": 60.25,
            "research_to_sale_ratio": 2.44,
            "price_fair": 64.75,
            "eps_avg_yearly": 1.85,
            "eps_latest_yearly": 2,
            "eps_growth_yearly": 430.34
        },
        "20201": {
            "year_quarter": 20201,
            "year": 2020,
            "quarter": 1,
            "eps": 0.57,
            "eps_growth_year": -5,
            "eps_4q": 2.28,
            "eps_4q_growth_year": 2.6,
            "roe": 3.12,
            "roe_4q": 12.98,
            "gross_profit": 193002,
            "gross_margin": 32.07,
            "gross_margin_4q_avg": 31.62,
            "net_income": 63275,
            "net_income_4q": null,
            "revenue": 601863,
            "revenue_4q": null,
            "common_shares": 989936,
            "book_valuer_per_share": 17.69,
            "book_valuer_per_share_4q_avg": 18.17,
            "equity": 2002847,
            "current_ratio": 98.73,
            "debt_ratio": 52.52,
            "inventory_turnover_ratio": 0.52,
            "account_receivable_turnover_ratio": 1.46,
            "reinvestment_rate": 101.28,
            "research_to_sale_ratio": 3.92,
            "price_fair": 66.76,
            "eps_avg_yearly": 1.91,
            "eps_latest_yearly": 2.28,
            "eps_growth_yearly": 33.84
        },
        "20202": {
            "year_quarter": 20202,
            "year": 2020,
            "quarter": 2,
            "eps": 0.97,
            "eps_growth_year": 56.45,
            "eps_4q": 2.53,
            "eps_4q_growth_year": 12.16,
            "roe": 5.64,
            "roe_4q": 14.889999999999999,
            "gross_profit": 249301,
            "gross_margin": 37.07,
            "gross_margin_4q_avg": 33.14,
            "net_income": 118928,
            "net_income_4q": null,
            "revenue": 672475,
            "revenue_4q": null,
            "common_shares": 1039936,
            "book_valuer_per_share": 18.77,
            "book_valuer_per_share_4q_avg": 18.42,
            "equity": 2215667,
            "current_ratio": 131.03,
            "debt_ratio": 50.33,
            "inventory_turnover_ratio": 0.51,
            "account_receivable_turnover_ratio": 1.5,
            "reinvestment_rate": 102.3,
            "research_to_sale_ratio": 3.88,
            "price_fair": 73.15,
            "eps_avg_yearly": 2.09,
            "eps_latest_yearly": 3.88,
            "eps_growth_yearly": 58.74
        },
        "20203": {
            "year_quarter": 20203,
            "year": 2020,
            "quarter": 3,
            "eps": 0.6,
            "eps_growth_year": 3.45,
            "eps_4q": 2.4,
            "eps_4q_growth_year": 2.51,
            "roe": 3.1,
            "roe_4q": 14.57,
            "gross_profit": 224044,
            "gross_margin": 35.03,
            "gross_margin_4q_avg": 34.08,
            "net_income": 73125,
            "net_income_4q": null,
            "revenue": 639646,
            "revenue_4q": null,
            "common_shares": 1039936,
            "book_valuer_per_share": 19.97,
            "book_valuer_per_share_4q_avg": 18.81,
            "equity": 2505796,
            "current_ratio": 138.92,
            "debt_ratio": 47.84,
            "inventory_turnover_ratio": 0.46,
            "account_receivable_turnover_ratio": 1.35,
            "reinvestment_rate": 109.09,
            "research_to_sale_ratio": 4.45,
            "price_fair": 75.16,
            "eps_avg_yearly": 2.15,
            "eps_latest_yearly": 2.4,
            "eps_growth_yearly": 35.66
        },
        "20204": {
            "year_quarter": 20204,
            "year": 2020,
            "quarter": 4,
            "eps": 0.65,
            "eps_growth_year": 29.98,
            "eps_4q": 2.55,
            "eps_4q_growth_year": 10.63,
            "roe": 3.43,
            "roe_4q": 15.29,
            "gross_profit": 225819,
            "gross_margin": 34.65,
            "gross_margin_4q_avg": 34.71,
            "net_income": 89421,
            "net_income_4q": null,
            "revenue": 651774,
            "revenue_4q": null,
            "common_shares": 1039936,
            "book_valuer_per_share": 20.93,
            "book_valuer_per_share_4q_avg": 19.34,
            "equity": 2703515,
            "current_ratio": 140.13,
            "debt_ratio": 47.08,
            "inventory_turnover_ratio": 0.45,
            "account_receivable_turnover_ratio": 1.21,
            "reinvestment_rate": 103.18,
            "research_to_sale_ratio": 4.16,
            "price_fair": 78.93,
            "eps_avg_yearly": 2.26,
            "eps_latest_yearly": 2.6,
            "eps_growth_yearly": 47.88
        },
        "20211": {
            "year_quarter": 20211,
            "year": 2021,
            "quarter": 1,
            "eps": 0.71,
            "eps_growth_year": 24.56,
            "eps_4q": 2.74,
            "eps_4q_growth_year": 20.27,
            "roe": 3.32,
            "roe_4q": 15.489999999999998,
            "gross_profit": 298321,
            "gross_margin": 38.1,
            "gross_margin_4q_avg": 36.21,
            "net_income": 87798,
            "net_income_4q": null,
            "revenue": 782935,
            "revenue_4q": null,
            "common_shares": 1154175,
            "book_valuer_per_share": 19.71,
            "book_valuer_per_share_4q_avg": 19.85,
            "equity": 2592224,
            "current_ratio": 134.75,
            "debt_ratio": 49.98,
            "inventory_turnover_ratio": 0.48,
            "account_receivable_turnover_ratio": 1.26,
            "reinvestment_rate": 89.2,
            "research_to_sale_ratio": 2.57,
            "price_fair": 82.95,
            "eps_avg_yearly": 2.37,
            "eps_latest_yearly": 2.84,
            "eps_growth_yearly": 46.78
        },
        "20212": {
            "year_quarter": 20212,
            "year": 2021,
            "quarter": 2,
            "eps": 1.02,
            "eps_growth_year": 5.15,
            "eps_4q": 2.91,
            "eps_4q_growth_year": 14.99,
            "roe": 5.12,
            "roe_4q": 14.969999999999999,
            "gross_profit": 322285,
            "gross_margin": 37.08,
            "gross_margin_4q_avg": 36.22,
            "net_income": 136213,
            "net_income_4q": null,
            "revenue": 869055,
            "revenue_4q": null,
            "common_shares": 1167906,
            "book_valuer_per_share": 20.71,
            "book_valuer_per_share_4q_avg": 20.33,
            "equity": 2724955,
            "current_ratio": 149.05,
            "debt_ratio": 46.66,
            "inventory_turnover_ratio": 0.54,
            "account_receivable_turnover_ratio": 1.38,
            "reinvestment_rate": 78.11,
            "research_to_sale_ratio": 2.93,
            "price_fair": 86.98,
            "eps_avg_yearly": 2.49,
            "eps_latest_yearly": 4.08,
            "eps_growth_yearly": 26.7
        },
        "20213": {
            "year_quarter": 20213,
            "year": 2021,
            "quarter": 3,
            "eps": 1.02,
            "eps_growth_year": 70,
            "eps_4q": 3.39,
            "eps_4q_growth_year": 40.96,
            "roe": 5.16,
            "roe_4q": 17.03,
            "gross_profit": 329071,
            "gross_margin": 38.8,
            "gross_margin_4q_avg": 37.16,
            "net_income": 144229,
            "net_income_4q": null,
            "revenue": 848206,
            "revenue_4q": null,
            "common_shares": 1171276,
            "book_valuer_per_share": 21.72,
            "book_valuer_per_share_4q_avg": 20.77,
            "equity": 2868943,
            "current_ratio": 148,
            "debt_ratio": 46.61,
            "inventory_turnover_ratio": 0.49,
            "account_receivable_turnover_ratio": 1.43,
            "reinvestment_rate": 79.02,
            "research_to_sale_ratio": 3.01,
            "price_fair": 90.83,
            "eps_avg_yearly": 2.6,
            "eps_latest_yearly": 4.08,
            "eps_growth_yearly": 25.8
        },
        "20214": {
            "year_quarter": 20214,
            "year": 2021,
            "quarter": 4,
            "eps": 0.57,
            "eps_growth_year": -13.34,
            "eps_4q": 3.28,
            "eps_4q_growth_year": 28.85,
            "roe": 1.93,
            "roe_4q": 15.530000000000001,
            "gross_profit": 311971,
            "gross_margin": 38.63,
            "gross_margin_4q_avg": 38.15,
            "net_income": 56727,
            "net_income_4q": null,
            "revenue": 807518,
            "revenue_4q": null,
            "common_shares": 1171906,
            "book_valuer_per_share": 22.1,
            "book_valuer_per_share_4q_avg": 21.06,
            "equity": 3003553,
            "current_ratio": 127.06,
            "debt_ratio": 48.31,
            "inventory_turnover_ratio": 0.43,
            "account_receivable_turnover_ratio": 1.42,
            "reinvestment_rate": 155.99,
            "research_to_sale_ratio": 3.97,
            "price_fair": 82.16,
            "eps_avg_yearly": 2.63,
            "eps_latest_yearly": 2.28,
            "eps_growth_yearly": 21.24
        },
        "20221": {
            "year_quarter": 20221,
            "year": 2022,
            "quarter": 1,
            "eps": 0.96,
            "eps_growth_year": 35.21,
            "eps_4q": 3.54,
            "eps_4q_growth_year": 29.27,
            "roe": 4.42,
            "roe_4q": 16.63,
            "gross_profit": 347905,
            "gross_margin": 38.9,
            "gross_margin_4q_avg": 38.35,
            "net_income": 130275,
            "net_income_4q": null,
            "revenue": 894392,
            "revenue_4q": null,
            "common_shares": 1182017,
            "book_valuer_per_share": 20.99,
            "book_valuer_per_share_4q_avg": 21.38,
            "equity": 2888878,
            "current_ratio": 118.69,
            "debt_ratio": 54.31,
            "inventory_turnover_ratio": 0.44,
            "account_receivable_turnover_ratio": 1.51,
            "reinvestment_rate": 141.39,
            "research_to_sale_ratio": 3.94,
            "price_fair": 96.16,
            "eps_avg_yearly": 2.75,
            "eps_latest_yearly": 3.84,
            "eps_growth_yearly": 34.86
        },
        "20222": {
            "year_quarter": 20222,
            "year": 2022,
            "quarter": 2,
            "eps": 1.12,
            "eps_growth_year": 9.8,
            "eps_4q": 3.65,
            "eps_4q_growth_year": 25.69,
            "roe": 5.14,
            "roe_4q": 16.65,
            "gross_profit": 386879,
            "gross_margin": 37.05,
            "gross_margin_4q_avg": 38.35,
            "net_income": 151938,
            "net_income_4q": null,
            "revenue": 1044269,
            "revenue_4q": null,
            "common_shares": 1182017,
            "book_valuer_per_share": 22.05,
            "book_valuer_per_share_4q_avg": 21.72,
            "equity": 3024425,
            "current_ratio": 127.64,
            "debt_ratio": 51.82,
            "inventory_turnover_ratio": 0.49,
            "account_receivable_turnover_ratio": 1.61,
            "reinvestment_rate": 149.22,
            "research_to_sale_ratio": 4.79,
            "price_fair": 100.8,
            "eps_avg_yearly": 2.88,
            "eps_latest_yearly": 4.48,
            "eps_growth_yearly": 33.92
        },
        "20223": {
            "year_quarter": 20223,
            "year": 2022,
            "quarter": 3,
            "eps": 1.02,
            "eps_growth_year": 0,
            "eps_4q": 3.66,
            "eps_4q_growth_year": 8.1,
            "roe": 4.55,
            "roe_4q": 16.04,
            "gross_profit": 390934,
            "gross_margin": 38.72,
            "gross_margin_4q_avg": 38.33,
            "net_income": 141640,
            "net_income_4q": null,
            "revenue": 1009565,
            "revenue_4q": null,
            "common_shares": 1182017,
            "book_valuer_per_share": 23.28,
            "book_valuer_per_share_4q_avg": 22.11,
            "equity": 3199966,
            "current_ratio": 124,
            "debt_ratio": 51.02,
            "inventory_turnover_ratio": 0.43,
            "account_receivable_turnover_ratio": 1.48,
            "reinvestment_rate": 153.11,
            "research_to_sale_ratio": 5.72,
            "price_fair": 105.44,
            "eps_avg_yearly": 3.01,
            "eps_latest_yearly": 4.08,
            "eps_growth_yearly": 35.93
        },
        "20224": {
            "year_quarter": 20224,
            "year": 2022,
            "quarter": 4,
            "eps": 1.09,
            "eps_growth_year": 93.48,
            "eps_4q": 4.19,
            "eps_4q_growth_year": 27.5,
            "roe": 4.36,
            "roe_4q": 18.47,
            "gross_profit": 378276,
            "gross_margin": 39.43,
            "gross_margin_4q_avg": 38.53,
            "net_income": 142901,
            "net_income_4q": null,
            "revenue": 959416,
            "revenue_4q": null,
            "common_shares": 1182017,
            "book_valuer_per_share": 24.34,
            "book_valuer_per_share_4q_avg": 22.67,
            "equity": 3356409,
            "current_ratio": 122.81,
            "debt_ratio": 50.47,
            "inventory_turnover_ratio": 0.4,
            "account_receivable_turnover_ratio": 1.53,
            "reinvestment_rate": 163.11,
            "research_to_sale_ratio": 5.31,
            "price_fair": 110.25,
            "eps_avg_yearly": 3.15,
            "eps_latest_yearly": 4.36,
            "eps_growth_yearly": 35.09
        },
        "20231": {
            "year_quarter": 20231,
            "year": 2023,
            "quarter": 1,
            "eps": 0.74,
            "eps_growth_year": -22.92,
            "eps_4q": 3.97,
            "eps_4q_growth_year": 12.18,
            "roe": 3.06,
            "roe_4q": 17.11,
            "gross_profit": 359591,
            "gross_margin": 34.23,
            "gross_margin_4q_avg": 37.36,
            "net_income": 99602,
            "net_income_4q": null,
            "revenue": 1050484,
            "revenue_4q": null,
            "common_shares": 1182017,
            "book_valuer_per_share": 22.33,
            "book_valuer_per_share_4q_avg": 23,
            "equity": 3160449,
            "current_ratio": 117.58,
            "debt_ratio": 54.21,
            "inventory_turnover_ratio": 0.47,
            "account_receivable_turnover_ratio": 1.76,
            "reinvestment_rate": 153.03,
            "research_to_sale_ratio": 4.77,
            "price_fair": 109.2,
            "eps_avg_yearly": 3.19,
            "eps_latest_yearly": 2.96,
            "eps_growth_yearly": 24.28
        },
        "20232": {
            "year_quarter": 20232,
            "year": 2023,
            "quarter": 2,
            "eps": 0.68,
            "eps_growth_year": -39.29,
            "eps_4q": 3.54,
            "eps_4q_growth_year": -3.11,
            "roe": 3.12,
            "roe_4q": 15.09,
            "gross_profit": 384841,
            "gross_margin": 34.14,
            "gross_margin_4q_avg": 36.63,
            "net_income": 101202,
            "net_income_4q": null,
            "revenue": 1127249,
            "revenue_4q": null,
            "common_shares": 1182017,
            "book_valuer_per_share": 23.02,
            "book_valuer_per_share_4q_avg": 23.24,
            "equity": 3317122,
            "current_ratio": 144.35,
            "debt_ratio": 53.88,
            "inventory_turnover_ratio": 0.51,
            "account_receivable_turnover_ratio": 1.51,
            "reinvestment_rate": 153.11,
            "research_to_sale_ratio": 6.46,
            "price_fair": 100.56,
            "eps_avg_yearly": 3.2,
            "eps_latest_yearly": 2.72,
            "eps_growth_yearly": 21.42
        },
        "20233": {
            "year_quarter": 20233,
            "year": 2023,
            "quarter": 3,
            "eps": 0.69,
            "eps_growth_year": -32.35,
            "eps_4q": 3.21,
            "eps_4q_growth_year": -12.3,
            "roe": 3,
            "roe_4q": 13.54,
            "gross_profit": 366041,
            "gross_margin": 33.3,
            "gross_margin_4q_avg": 35.28,
            "net_income": 101435,
            "net_income_4q": null,
            "revenue": 1099139,
            "revenue_4q": null,
            "common_shares": 1182017,
            "book_valuer_per_share": 23.82,
            "book_valuer_per_share_4q_avg": 23.38,
            "equity": 3436423,
            "current_ratio": 144.92,
            "debt_ratio": 53.26,
            "inventory_turnover_ratio": 0.51,
            "account_receivable_turnover_ratio": 1.15,
            "reinvestment_rate": 148.21,
            "research_to_sale_ratio": 5.37,
            "price_fair": 107.82,
            "eps_avg_yearly": 3.23,
            "eps_latest_yearly": 2.76,
            "eps_growth_yearly": 23.41
        }
    },
    "months": {
        "2002-12": {
            "month": "2002-12",
            "price": "22.69",
            "revenue": 35633
        },
        "2003-01": {
            "month": "2003-01",
            "price": "22.44",
            "revenue": 30988
        },
        "2003-02": {
            "month": "2003-02",
            "price": "22.27",
            "revenue": 31679
        },
        "2003-03": {
            "month": "2003-03",
            "price": "22.49",
            "revenue": 49173
        },
        "2003-04": {
            "month": "2003-04",
            "price": "25.84",
            "revenue": 58478
        },
        "2003-05": {
            "month": "2003-05",
            "price": "26.63",
            "revenue": 71235
        },
        "2003-06": {
            "month": "2003-06",
            "price": "32.64",
            "revenue": 37576
        },
        "2003-07": {
            "month": "2003-07",
            "price": "36.26",
            "revenue": 74716
        },
        "2003-08": {
            "month": "2003-08",
            "price": "37.79",
            "revenue": 57306
        },
        "2003-09": {
            "month": "2003-09",
            "price": "38.56",
            "revenue": 43753
        },
        "2003-10": {
            "month": "2003-10",
            "price": "33.94",
            "revenue": 54216
        },
        "2003-11": {
            "month": "2003-11",
            "price": "35.02",
            "revenue": 48549
        },
        "2003-12": {
            "month": "2003-12",
            "price": "35.27",
            "revenue": 58679
        },
        "2004-01": {
            "month": "2004-01",
            "price": "35.47",
            "revenue": 55566
        },
        "2004-02": {
            "month": "2004-02",
            "price": "36.60",
            "revenue": 55588
        },
        "2004-03": {
            "month": "2004-03",
            "price": "32.67",
            "revenue": 69435
        },
        "2004-04": {
            "month": "2004-04",
            "price": "34.05",
            "revenue": 84173
        },
        "2004-05": {
            "month": "2004-05",
            "price": "31.73",
            "revenue": 75013
        },
        "2004-06": {
            "month": "2004-06",
            "price": "30.64",
            "revenue": 86931
        },
        "2004-07": {
            "month": "2004-07",
            "price": "28.40",
            "revenue": 88127
        },
        "2004-08": {
            "month": "2004-08",
            "price": "26.24",
            "revenue": 85540
        },
        "2004-09": {
            "month": "2004-09",
            "price": "26.66",
            "revenue": 103689
        },
        "2004-10": {
            "month": "2004-10",
            "price": "26.89",
            "revenue": 95591
        },
        "2004-11": {
            "month": "2004-11",
            "price": "27.91",
            "revenue": 68511
        },
        "2004-12": {
            "month": "2004-12",
            "price": "30.97",
            "revenue": 76093
        },
        "2005-01": {
            "month": "2005-01",
            "price": "29.93",
            "revenue": 67866
        },
        "2005-02": {
            "month": "2005-02",
            "price": "29.35",
            "revenue": 52385
        },
        "2005-03": {
            "month": "2005-03",
            "price": "29.13",
            "revenue": 125486
        },
        "2005-04": {
            "month": "2005-04",
            "price": "29.15",
            "revenue": 112438
        },
        "2005-05": {
            "month": "2005-05",
            "price": "25.64",
            "revenue": 92908
        },
        "2005-06": {
            "month": "2005-06",
            "price": "25.22",
            "revenue": 69076
        },
        "2005-07": {
            "month": "2005-07",
            "price": "24.50",
            "revenue": 67627
        },
        "2005-08": {
            "month": "2005-08",
            "price": "23.14",
            "revenue": 76476
        },
        "2005-09": {
            "month": "2005-09",
            "price": "21.40",
            "revenue": 92502
        },
        "2005-10": {
            "month": "2005-10",
            "price": "21.66",
            "revenue": 76237
        },
        "2005-11": {
            "month": "2005-11",
            "price": "23.28",
            "revenue": 79327
        },
        "2005-12": {
            "month": "2005-12",
            "price": "23.72",
            "revenue": 84563
        },
        "2006-01": {
            "month": "2006-01",
            "price": "29.31",
            "revenue": 65636
        },
        "2006-02": {
            "month": "2006-02",
            "price": "31.38",
            "revenue": 75402
        },
        "2006-03": {
            "month": "2006-03",
            "price": "29.86",
            "revenue": 91108
        },
        "2006-04": {
            "month": "2006-04",
            "price": "40.02",
            "revenue": 76118
        },
        "2006-05": {
            "month": "2006-05",
            "price": "40.86",
            "revenue": 135745
        },
        "2006-06": {
            "month": "2006-06",
            "price": "34.48",
            "revenue": 83089
        },
        "2006-07": {
            "month": "2006-07",
            "price": "31.52",
            "revenue": 138051
        },
        "2006-08": {
            "month": "2006-08",
            "price": "26.84",
            "revenue": 145031
        },
        "2006-09": {
            "month": "2006-09",
            "price": "25.33",
            "revenue": 134020
        },
        "2006-10": {
            "month": "2006-10",
            "price": "25.61",
            "revenue": 103019
        },
        "2006-11": {
            "month": "2006-11",
            "price": "28.28",
            "revenue": 95109
        },
        "2006-12": {
            "month": "2006-12",
            "price": "31.24",
            "revenue": 114037
        },
        "2007-01": {
            "month": "2007-01",
            "price": "32.60",
            "revenue": 81542
        },
        "2007-02": {
            "month": "2007-02",
            "price": "30.27",
            "revenue": 82042
        },
        "2007-03": {
            "month": "2007-03",
            "price": "33.34",
            "revenue": 107862
        },
        "2007-04": {
            "month": "2007-04",
            "price": "33.81",
            "revenue": 111233
        },
        "2007-05": {
            "month": "2007-05",
            "price": "34.18",
            "revenue": 117602
        },
        "2007-06": {
            "month": "2007-06",
            "price": "32.60",
            "revenue": 134691
        },
        "2007-07": {
            "month": "2007-07",
            "price": "33.50",
            "revenue": 120598
        },
        "2007-08": {
            "month": "2007-08",
            "price": "28.82",
            "revenue": 130023
        },
        "2007-09": {
            "month": "2007-09",
            "price": "25.87",
            "revenue": 125601
        },
        "2007-10": {
            "month": "2007-10",
            "price": "24.15",
            "revenue": 165957
        },
        "2007-11": {
            "month": "2007-11",
            "price": "23.23",
            "revenue": 143498
        },
        "2007-12": {
            "month": "2007-12",
            "price": "21.49",
            "revenue": 171321
        },
        "2008-01": {
            "month": "2008-01",
            "price": "17.85",
            "revenue": 175560
        },
        "2008-02": {
            "month": "2008-02",
            "price": "18.09",
            "revenue": 75734
        },
        "2008-03": {
            "month": "2008-03",
            "price": "18.39",
            "revenue": 110829
        },
        "2008-04": {
            "month": "2008-04",
            "price": "18.58",
            "revenue": 98236
        },
        "2008-05": {
            "month": "2008-05",
            "price": "18.09",
            "revenue": 113799
        },
        "2008-06": {
            "month": "2008-06",
            "price": "17.17",
            "revenue": 109872
        },
        "2008-07": {
            "month": "2008-07",
            "price": "12.77",
            "revenue": 136921
        },
        "2008-08": {
            "month": "2008-08",
            "price": "13.04",
            "revenue": 124826
        },
        "2008-09": {
            "month": "2008-09",
            "price": "11.64",
            "revenue": 100070
        },
        "2008-10": {
            "month": "2008-10",
            "price": "10.98",
            "revenue": 148429
        },
        "2008-11": {
            "month": "2008-11",
            "price": "9.26",
            "revenue": 107135
        },
        "2008-12": {
            "month": "2008-12",
            "price": "9.71",
            "revenue": 55238
        },
        "2009-01": {
            "month": "2009-01",
            "price": "9.45",
            "revenue": 139664
        },
        "2009-02": {
            "month": "2009-02",
            "price": "10.09",
            "revenue": 143844
        },
        "2009-03": {
            "month": "2009-03",
            "price": "10.11",
            "revenue": 74167
        },
        "2009-04": {
            "month": "2009-04",
            "price": "10.34",
            "revenue": 72696
        },
        "2009-05": {
            "month": "2009-05",
            "price": "9.48",
            "revenue": 59186
        },
        "2009-06": {
            "month": "2009-06",
            "price": "9.33",
            "revenue": 57536
        },
        "2009-07": {
            "month": "2009-07",
            "price": "9.77",
            "revenue": 62088
        },
        "2009-08": {
            "month": "2009-08",
            "price": "10.58",
            "revenue": 72773
        },
        "2009-09": {
            "month": "2009-09",
            "price": "11.00",
            "revenue": 75707
        },
        "2009-10": {
            "month": "2009-10",
            "price": "11.66",
            "revenue": 104364
        },
        "2009-11": {
            "month": "2009-11",
            "price": "12.31",
            "revenue": 95340
        },
        "2009-12": {
            "month": "2009-12",
            "price": "14.23",
            "revenue": 109218
        },
        "2010-01": {
            "month": "2010-01",
            "price": "13.72",
            "revenue": 98604
        },
        "2010-02": {
            "month": "2010-02",
            "price": "12.02",
            "revenue": 78796
        },
        "2010-03": {
            "month": "2010-03",
            "price": "12.17",
            "revenue": 137423
        },
        "2010-04": {
            "month": "2010-04",
            "price": "13.38",
            "revenue": 116593
        },
        "2010-05": {
            "month": "2010-05",
            "price": "12.68",
            "revenue": 112958
        },
        "2010-06": {
            "month": "2010-06",
            "price": "12.80",
            "revenue": 161475
        },
        "2010-07": {
            "month": "2010-07",
            "price": "14.30",
            "revenue": 140057
        },
        "2010-08": {
            "month": "2010-08",
            "price": "14.16",
            "revenue": 180549
        },
        "2010-09": {
            "month": "2010-09",
            "price": "13.98",
            "revenue": 160632
        },
        "2010-10": {
            "month": "2010-10",
            "price": "13.51",
            "revenue": 193420
        },
        "2010-11": {
            "month": "2010-11",
            "price": "13.11",
            "revenue": 154681
        },
        "2010-12": {
            "month": "2010-12",
            "price": "14.46",
            "revenue": 169541
        },
        "2011-01": {
            "month": "2011-01",
            "price": "15.42",
            "revenue": 180072
        },
        "2011-02": {
            "month": "2011-02",
            "price": "15.15",
            "revenue": 155719
        },
        "2011-03": {
            "month": "2011-03",
            "price": "15.17",
            "revenue": 161755
        },
        "2011-04": {
            "month": "2011-04",
            "price": "14.20",
            "revenue": 159057
        },
        "2011-05": {
            "month": "2011-05",
            "price": "16.06",
            "revenue": 121949
        },
        "2011-06": {
            "month": "2011-06",
            "price": "15.76",
            "revenue": 221078
        },
        "2011-07": {
            "month": "2011-07",
            "price": "16.56",
            "revenue": 220320
        },
        "2011-08": {
            "month": "2011-08",
            "price": "18.26",
            "revenue": 215259
        },
        "2011-09": {
            "month": "2011-09",
            "price": "18.13",
            "revenue": 175094
        },
        "2011-10": {
            "month": "2011-10",
            "price": "16.45",
            "revenue": 140345
        },
        "2011-11": {
            "month": "2011-11",
            "price": "14.02",
            "revenue": 164549
        },
        "2011-12": {
            "month": "2011-12",
            "price": "12.52",
            "revenue": 126936
        },
        "2012-01": {
            "month": "2012-01",
            "price": "12.77",
            "revenue": 87434
        },
        "2012-02": {
            "month": "2012-02",
            "price": "14.42",
            "revenue": 84072
        },
        "2012-03": {
            "month": "2012-03",
            "price": "14.46",
            "revenue": 95757
        },
        "2012-04": {
            "month": "2012-04",
            "price": "14.02",
            "revenue": 92924
        },
        "2012-05": {
            "month": "2012-05",
            "price": "13.02",
            "revenue": 91299
        },
        "2012-06": {
            "month": "2012-06",
            "price": "12.35",
            "revenue": 113484
        },
        "2012-07": {
            "month": "2012-07",
            "price": "11.71",
            "revenue": 86360
        },
        "2012-08": {
            "month": "2012-08",
            "price": "10.15",
            "revenue": 109816
        },
        "2012-09": {
            "month": "2012-09",
            "price": "10.41",
            "revenue": 132123
        },
        "2012-10": {
            "month": "2012-10",
            "price": "10.52",
            "revenue": 111951
        },
        "2012-11": {
            "month": "2012-11",
            "price": "10.94",
            "revenue": 99582
        },
        "2012-12": {
            "month": "2012-12",
            "price": "10.89",
            "revenue": 154799
        },
        "2013-01": {
            "month": "2013-01",
            "price": "10.50",
            "revenue": 103280
        },
        "2013-02": {
            "month": "2013-02",
            "price": "10.37",
            "revenue": 62771
        },
        "2013-03": {
            "month": "2013-03",
            "price": "10.39",
            "revenue": 112432
        },
        "2013-04": {
            "month": "2013-04",
            "price": "10.67",
            "revenue": 95774
        },
        "2013-05": {
            "month": "2013-05",
            "price": "10.81",
            "revenue": 108149
        },
        "2013-06": {
            "month": "2013-06",
            "price": "11.09",
            "revenue": 129599
        },
        "2013-07": {
            "month": "2013-07",
            "price": "10.56",
            "revenue": 148686
        },
        "2013-08": {
            "month": "2013-08",
            "price": "10.66",
            "revenue": 102050
        },
        "2013-09": {
            "month": "2013-09",
            "price": "10.76",
            "revenue": 131040
        },
        "2013-10": {
            "month": "2013-10",
            "price": "10.88",
            "revenue": 106853
        },
        "2013-11": {
            "month": "2013-11",
            "price": "10.86",
            "revenue": 142789
        },
        "2013-12": {
            "month": "2013-12",
            "price": "11.77",
            "revenue": 110093
        },
        "2014-01": {
            "month": "2014-01",
            "price": "12.01",
            "revenue": 101620
        },
        "2014-02": {
            "month": "2014-02",
            "price": "13.72",
            "revenue": 99279
        },
        "2014-03": {
            "month": "2014-03",
            "price": "18.35",
            "revenue": 122477
        },
        "2014-04": {
            "month": "2014-04",
            "price": "22.03",
            "revenue": 138859
        },
        "2014-05": {
            "month": "2014-05",
            "price": "19.34",
            "revenue": 103195
        },
        "2014-06": {
            "month": "2014-06",
            "price": "20.89",
            "revenue": 112398
        },
        "2014-07": {
            "month": "2014-07",
            "price": "18.40",
            "revenue": 117444
        },
        "2014-08": {
            "month": "2014-08",
            "price": "16.91",
            "revenue": 123042
        },
        "2014-09": {
            "month": "2014-09",
            "price": "17.11",
            "revenue": 122564
        },
        "2014-10": {
            "month": "2014-10",
            "price": "14.43",
            "revenue": 146360
        },
        "2014-11": {
            "month": "2014-11",
            "price": "14.17",
            "revenue": 111914
        },
        "2014-12": {
            "month": "2014-12",
            "price": "15.02",
            "revenue": 107669
        },
        "2015-01": {
            "month": "2015-01",
            "price": "15.14",
            "revenue": 110700
        },
        "2015-02": {
            "month": "2015-02",
            "price": "15.01",
            "revenue": 85920
        },
        "2015-03": {
            "month": "2015-03",
            "price": "15.59",
            "revenue": 106515
        },
        "2015-04": {
            "month": "2015-04",
            "price": "15.16",
            "revenue": 113689
        },
        "2015-05": {
            "month": "2015-05",
            "price": "14.22",
            "revenue": 112917
        },
        "2015-06": {
            "month": "2015-06",
            "price": "13.24",
            "revenue": 101418
        },
        "2015-07": {
            "month": "2015-07",
            "price": "11.82",
            "revenue": 115653
        },
        "2015-08": {
            "month": "2015-08",
            "price": "10.32",
            "revenue": 94722
        },
        "2015-09": {
            "month": "2015-09",
            "price": "10.48",
            "revenue": 118807
        },
        "2015-10": {
            "month": "2015-10",
            "price": "11.34",
            "revenue": 117337
        },
        "2015-11": {
            "month": "2015-11",
            "price": "11.02",
            "revenue": 142725
        },
        "2015-12": {
            "month": "2015-12",
            "price": "10.88",
            "revenue": 57865
        },
        "2016-01": {
            "month": "2016-01",
            "price": "10.35",
            "revenue": 163761
        },
        "2016-02": {
            "month": "2016-02",
            "price": "11.23",
            "revenue": 77719
        },
        "2016-03": {
            "month": "2016-03",
            "price": "11.72",
            "revenue": 88011
        },
        "2016-04": {
            "month": "2016-04",
            "price": "11.65",
            "revenue": 115165
        },
        "2016-05": {
            "month": "2016-05",
            "price": "11.57",
            "revenue": 96270
        },
        "2016-06": {
            "month": "2016-06",
            "price": "11.83",
            "revenue": 117548
        },
        "2016-07": {
            "month": "2016-07",
            "price": "11.97",
            "revenue": 119477
        },
        "2016-08": {
            "month": "2016-08",
            "price": "13.38",
            "revenue": 127467
        },
        "2016-09": {
            "month": "2016-09",
            "price": "13.82",
            "revenue": 104701
        },
        "2016-10": {
            "month": "2016-10",
            "price": "14.40",
            "revenue": 104098
        },
        "2016-11": {
            "month": "2016-11",
            "price": "13.76",
            "revenue": 91422
        },
        "2016-12": {
            "month": "2016-12",
            "price": "13.81",
            "revenue": 110449
        },
        "2017-01": {
            "month": "2017-01",
            "price": "13.98",
            "revenue": 93750
        },
        "2017-02": {
            "month": "2017-02",
            "price": "14.35",
            "revenue": 95458
        },
        "2017-03": {
            "month": "2017-03",
            "price": "15.04",
            "revenue": 110002
        },
        "2017-04": {
            "month": "2017-04",
            "price": "14.74",
            "revenue": 157108
        },
        "2017-05": {
            "month": "2017-05",
            "price": "16.56",
            "revenue": 133228
        },
        "2017-06": {
            "month": "2017-06",
            "price": "18.29",
            "revenue": 152602
        },
        "2017-07": {
            "month": "2017-07",
            "price": "21.26",
            "revenue": 111883
        },
        "2017-08": {
            "month": "2017-08",
            "price": "23.00",
            "revenue": 136174
        },
        "2017-09": {
            "month": "2017-09",
            "price": "24.50",
            "revenue": 151416
        },
        "2017-10": {
            "month": "2017-10",
            "price": "24.67",
            "revenue": 165588
        },
        "2017-11": {
            "month": "2017-11",
            "price": "29.11",
            "revenue": 182865
        },
        "2017-12": {
            "month": "2017-12",
            "price": "29.17",
            "revenue": 202078
        },
        "2018-01": {
            "month": "2018-01",
            "price": "31.59",
            "revenue": 193268
        },
        "2018-02": {
            "month": "2018-02",
            "price": "30.91",
            "revenue": 159882
        },
        "2018-03": {
            "month": "2018-03",
            "price": "29.90",
            "revenue": 209940
        },
        "2018-04": {
            "month": "2018-04",
            "price": "29.09",
            "revenue": 186762
        },
        "2018-05": {
            "month": "2018-05",
            "price": "27.68",
            "revenue": 217610
        },
        "2018-06": {
            "month": "2018-06",
            "price": "29.13",
            "revenue": 183024
        },
        "2018-07": {
            "month": "2018-07",
            "price": "26.57",
            "revenue": 173963
        },
        "2018-08": {
            "month": "2018-08",
            "price": "26.11",
            "revenue": 187642
        },
        "2018-09": {
            "month": "2018-09",
            "price": "24.64",
            "revenue": 169712
        },
        "2018-10": {
            "month": "2018-10",
            "price": "20.63",
            "revenue": 155348
        },
        "2018-11": {
            "month": "2018-11",
            "price": "19.27",
            "revenue": 193167
        },
        "2018-12": {
            "month": "2018-12",
            "price": "20.17",
            "revenue": 208244
        },
        "2019-01": {
            "month": "2019-01",
            "price": "22.05",
            "revenue": 204899
        },
        "2019-02": {
            "month": "2019-02",
            "price": "23.28",
            "revenue": 145756
        },
        "2019-03": {
            "month": "2019-03",
            "price": "24.49",
            "revenue": 238288
        },
        "2019-04": {
            "month": "2019-04",
            "price": "26.61",
            "revenue": 196892
        },
        "2019-05": {
            "month": "2019-05",
            "price": "25.66",
            "revenue": 243883
        },
        "2019-06": {
            "month": "2019-06",
            "price": "26.06",
            "revenue": 182895
        },
        "2019-07": {
            "month": "2019-07",
            "price": "24.90",
            "revenue": 176519
        },
        "2019-08": {
            "month": "2019-08",
            "price": "24.53",
            "revenue": 186427
        },
        "2019-09": {
            "month": "2019-09",
            "price": "25.01",
            "revenue": 191634
        },
        "2019-10": {
            "month": "2019-10",
            "price": "25.51",
            "revenue": 198944
        },
        "2019-11": {
            "month": "2019-11",
            "price": "27.30",
            "revenue": 206248
        },
        "2019-12": {
            "month": "2019-12",
            "price": "28.47",
            "revenue": 199591
        },
        "2020-01": {
            "month": "2020-01",
            "price": "27.51",
            "revenue": 176618
        },
        "2020-02": {
            "month": "2020-02",
            "price": "26.00",
            "revenue": 194837
        },
        "2020-03": {
            "month": "2020-03",
            "price": "23.90",
            "revenue": 230318
        },
        "2020-04": {
            "month": "2020-04",
            "price": "24.05",
            "revenue": 214101
        },
        "2020-05": {
            "month": "2020-05",
            "price": "25.52",
            "revenue": 215177
        },
        "2020-06": {
            "month": "2020-06",
            "price": "29.90",
            "revenue": 243593
        },
        "2020-07": {
            "month": "2020-07",
            "price": "36.65",
            "revenue": 197123
        },
        "2020-08": {
            "month": "2020-08",
            "price": "36.67",
            "revenue": 201102
        },
        "2020-09": {
            "month": "2020-09",
            "price": "36.36",
            "revenue": 240097
        },
        "2020-10": {
            "month": "2020-10",
            "price": "37.26",
            "revenue": 198996
        },
        "2020-11": {
            "month": "2020-11",
            "price": "38.12",
            "revenue": 213771
        },
        "2020-12": {
            "month": "2020-12",
            "price": "37.81",
            "revenue": 241077
        },
        "2021-01": {
            "month": "2021-01",
            "price": "39.62",
            "revenue": 337684
        },
        "2021-02": {
            "month": "2021-02",
            "price": "43.81",
            "revenue": 208605
        },
        "2021-03": {
            "month": "2021-03",
            "price": "43.12",
            "revenue": 236899
        },
        "2021-04": {
            "month": "2021-04",
            "price": "43.81",
            "revenue": 270043
        },
        "2021-05": {
            "month": "2021-05",
            "price": "40.45",
            "revenue": 289413
        },
        "2021-06": {
            "month": "2021-06",
            "price": "40.46",
            "revenue": 309692
        },
        "2021-07": {
            "month": "2021-07",
            "price": "42.18",
            "revenue": 256758
        },
        "2021-08": {
            "month": "2021-08",
            "price": "41.50",
            "revenue": 285293
        },
        "2021-09": {
            "month": "2021-09",
            "price": "41.60",
            "revenue": 306088
        },
        "2021-10": {
            "month": "2021-10",
            "price": "41.72",
            "revenue": 315200
        },
        "2021-11": {
            "month": "2021-11",
            "price": "49.36",
            "revenue": 247777
        },
        "2021-12": {
            "month": "2021-12",
            "price": "53.02",
            "revenue": 247146
        },
        "2022-01": {
            "month": "2022-01",
            "price": "55.99",
            "revenue": 291455
        },
        "2022-02": {
            "month": "2022-02",
            "price": "54.14",
            "revenue": 263282
        },
        "2022-03": {
            "month": "2022-03",
            "price": "54.67",
            "revenue": 339524
        },
        "2022-04": {
            "month": "2022-04",
            "price": "54.28",
            "revenue": 312954
        },
        "2022-05": {
            "month": "2022-05",
            "price": "50.57",
            "revenue": 317217
        },
        "2022-06": {
            "month": "2022-06",
            "price": "48.63",
            "revenue": 416498
        },
        "2022-07": {
            "month": "2022-07",
            "price": "47.79",
            "revenue": 313187
        },
        "2022-08": {
            "month": "2022-08",
            "price": "49.92",
            "revenue": 361204
        },
        "2022-09": {
            "month": "2022-09",
            "price": "50.11",
            "revenue": 332905
        },
        "2022-10": {
            "month": "2022-10",
            "price": "46.10",
            "revenue": 370938
        },
        "2022-11": {
            "month": "2022-11",
            "price": "47.60",
            "revenue": 306238
        },
        "2022-12": {
            "month": "2022-12",
            "price": "49.85",
            "revenue": 281940
        },
        "2023-01": {
            "month": "2023-01",
            "price": "50.18",
            "revenue": 383862
        },
        "2023-02": {
            "month": "2023-02",
            "price": "52.94",
            "revenue": 368330
        },
        "2023-03": {
            "month": "2023-03",
            "price": "53.97",
            "revenue": 299936
        },
        "2023-04": {
            "month": "2023-04",
            "price": "54.25",
            "revenue": 379393
        },
        "2023-05": {
            "month": "2023-05",
            "price": "54.08",
            "revenue": 381426
        },
        "2023-06": {
            "month": "2023-06",
            "price": "54.00",
            "revenue": 364786
        },
        "2023-07": {
            "month": "2023-07",
            "price": "51.94",
            "revenue": 358858
        },
        "2023-08": {
            "month": "2023-08",
            "price": "48.19",
            "revenue": 391123
        },
        "2023-09": {
            "month": "2023-09",
            "price": "48.05",
            "revenue": 347948
        },
        "2023-10": {
            "month": "2023-10",
            "price": "47.61",
            "revenue": 301951
        },
        "2023-11": {
            "month": "2023-11",
            "price": "47.67",
            "revenue": 335724
        },
        "2023-12": {
            "month": "2023-12",
            "price": "48.87",
            "revenue": 292360
        }
    }
}
