{
    "summary": {
        "stock_name": "今國光",
        "stock_id": "6209",
        "category": "光電",
        "main_business": "光學鏡片、光學鏡頭之製造<br>光學鏡片、光學鏡頭之買賣",
        "website_url": "http://www.kinko-optical.com",
        "ceo": "陳慶棋",
        "pe_ratio": 100,
        "report_year_from": 2001,
        "report_year_to": 2023,
        "age": 22,
        "eps_negative_percentage": 39,
        "eps_growth_avg": {
            "last_all": -38.27,
            "last_2y": null,
            "last_4y": null,
            "last_8y": -100,
            "last_12y": -52.69,
            "last_16y": -61.67,
            "last_20y": -38.27,
            "at_2006_last_3y": -5.89,
            "at_2007_last_3y": -25.76,
            "at_2008_last_3y": -52.57,
            "at_2009_last_3y": -72.9,
            "at_2010_last_3y": -77.01,
            "at_2011_last_3y": -63.19,
            "at_2012_last_3y": -27.11,
            "at_2013_last_3y": -21.14,
            "at_2014_last_3y": -40.86,
            "at_2015_last_3y": -57.27,
            "at_2016_last_3y": -91.05,
            "at_2017_last_3y": -100,
            "at_2018_last_3y": -100,
            "at_2019_last_3y": -100,
            "at_2020_last_3y": -100,
            "at_2021_last_3y": null,
            "at_2022_last_3y": null,
            "at_2023_last_3y": null,
            "at_2006_last_all": -0.62,
            "at_2007_last_all": -6.03,
            "at_2008_last_all": -19.16,
            "at_2009_last_all": -29.27,
            "at_2010_last_all": -29.27,
            "at_2011_last_all": -25.08,
            "at_2012_last_all": -21.55,
            "at_2013_last_all": -27.05,
            "at_2014_last_all": -33.13,
            "at_2015_last_all": -33.13,
            "at_2016_last_all": -33.13,
            "at_2017_last_all": -38.27,
            "at_2018_last_all": -38.27,
            "at_2019_last_all": -38.27,
            "at_2020_last_all": -38.27,
            "at_2021_last_all": -38.27,
            "at_2022_last_all": -38.27,
            "at_2023_last_all": -38.27
        },
        "latest_eps": 0.11,
        "latest_price": 30.95,
        "latest_roe": 0.6,
        "latest_gross_margin": 8.93,
        "latest_equity": 3069354,
        "latest_revenue": 702301,
        "latest_gross_profit": 62700,
        "latest_net_income": -45560,
        "latest_debt_ratio": 31.44,
        "latest_current_ratio": 253.92,
        "latest_account_receivable_turnover_ratio": 0.77,
        "latest_inventory_turnover_ratio": 0.94,
        "latest_reinvestment_rate": null,
        "latest_research_to_sale_ratio": 3.48
    },
    "eps_dividends": {
        "2001": {
            "cash": 0,
            "stock": 0,
            "eps": 4.69
        },
        "2002": {
            "cash": 0.5,
            "stock": 3,
            "eps": 5.65
        },
        "2003": {
            "cash": 1,
            "stock": 3,
            "eps": 8.27
        },
        "2004": {
            "cash": 1,
            "stock": 3,
            "eps": 9.04
        },
        "2005": {
            "cash": 1.3,
            "stock": 3,
            "eps": 7.35
        },
        "2006": {
            "cash": 3,
            "stock": 1,
            "eps": 2.9
        },
        "2007": {
            "cash": 2.4,
            "stock": 0.1,
            "eps": 1.94
        },
        "2008": {
            "cash": 1.1,
            "stock": 0.1,
            "eps": 0.04
        },
        "2009": {
            "cash": 0,
            "stock": 0,
            "eps": -2.38
        },
        "2010": {
            "cash": 0,
            "stock": 0,
            "eps": 2.15
        },
        "2011": {
            "cash": 2.2,
            "stock": 0,
            "eps": 2.33
        },
        "2012": {
            "cash": 0,
            "stock": 0,
            "eps": 2.57
        },
        "2013": {
            "cash": 1.6,
            "stock": 0,
            "eps": 0.46
        },
        "2014": {
            "cash": 0.6,
            "stock": 0,
            "eps": -0.86
        },
        "2015": {
            "cash": 0,
            "stock": 0,
            "eps": -0.77
        },
        "2016": {
            "cash": 0,
            "stock": 0,
            "eps": 0.02
        },
        "2017": {
            "cash": 0.5,
            "stock": 0,
            "eps": -0.85
        },
        "2018": {
            "cash": 0,
            "stock": 0,
            "eps": -0.44
        },
        "2019": {
            "cash": 0,
            "stock": 0,
            "eps": -0.69
        },
        "2020": {
            "cash": 0,
            "stock": 0,
            "eps": -1.33
        },
        "2021": {
            "cash": 0,
            "stock": 0,
            "eps": -0.92
        },
        "2022": {
            "cash": 0.5,
            "stock": 0,
            "eps": 0.38
        },
        "2023": {
            "cash": 0.7,
            "stock": 0,
            "eps": -0.26
        }
    },
    "dividends": {
        "2002-06-21": {
            "cash": 0.5,
            "stock": 3
        },
        "2003-03-28": {
            "cash": 1,
            "stock": 3
        },
        "2004-04-30": {
            "cash": 1,
            "stock": 3
        },
        "2005-04-25": {
            "cash": 1.3,
            "stock": 3
        },
        "2006-04-26": {
            "cash": 3,
            "stock": 1
        },
        "2007-04-26": {
            "cash": 2.4,
            "stock": 0.1
        },
        "2008-04-28": {
            "cash": 1.1,
            "stock": 0.1
        },
        "2011-01-01": {
            "cash": 1.2,
            "stock": 0
        },
        "2011-04-28": {
            "cash": 1,
            "stock": 0
        },
        "2013-03-28": {
            "cash": 1.6,
            "stock": 0
        },
        "2014-09-04": {
            "cash": 0.6,
            "stock": 0
        },
        "2017-09-08": {
            "cash": 0.5,
            "stock": 0
        },
        "2022-08-31": {
            "cash": 0.5,
            "stock": 0
        },
        "2023-03-23": {
            "cash": 0.7,
            "stock": 0
        }
    },
    "prices": {
        "200101": "無",
        "200102": "無",
        "200103": "無",
        "200104": "無",
        "200105": "無",
        "200106": "無",
        "200107": "無",
        "200108": "無",
        "200109": "無",
        "200110": "無",
        "200111": "無",
        "200112": "無",
        "200201": "無",
        "200202": "無",
        "200203": "無",
        "200204": "無",
        "200205": "無",
        "200206": "無",
        "200207": "無",
        "200208": "無",
        "200209": "無",
        "200210": "無",
        "200211": "無",
        "200212": "93.50",
        "200301": "88.05",
        "200302": "79.41",
        "200303": "83.90",
        "200304": "86.34",
        "200305": "90.83",
        "200306": "103.52",
        "200307": "126.07",
        "200308": "121.95",
        "200309": "156.93",
        "200310": "136.57",
        "200311": "133.42",
        "200312": "130.26",
        "200401": "138.53",
        "200402": "145.52",
        "200403": "147.50",
        "200404": "148.16",
        "200405": "124.90",
        "200406": "104.48",
        "200407": "87.32",
        "200408": "90.55",
        "200409": "94.31",
        "200410": "86.15",
        "200411": "89.06",
        "200412": "88.57",
        "200501": "91.36",
        "200502": "109.27",
        "200503": "111.85",
        "200504": "103.89",
        "200505": "98.07",
        "200506": "102.22",
        "200507": "97.48",
        "200508": "85.36",
        "200509": "81.60",
        "200510": "73.34",
        "200511": "74.29",
        "200512": "89.05",
        "200601": "86.55",
        "200602": "79.66",
        "200603": "80.63",
        "200604": "85.81",
        "200605": "79.82",
        "200606": "68.51",
        "200607": "66.86",
        "200608": "60.77",
        "200609": "58.45",
        "200610": "57.37",
        "200611": "51.40",
        "200612": "49.43",
        "200701": "56.07",
        "200702": "55.60",
        "200703": "51.37",
        "200704": "54.58",
        "200705": "48.81",
        "200706": "50.48",
        "200707": "50.75",
        "200708": "41.06",
        "200709": "39.87",
        "200710": "39.15",
        "200711": "33.53",
        "200712": "28.06",
        "200801": "25.21",
        "200802": "24.19",
        "200803": "26.25",
        "200804": "31.66",
        "200805": "29.50",
        "200806": "26.46",
        "200807": "21.17",
        "200808": "21.95",
        "200809": "18.55",
        "200810": "14.61",
        "200811": "10.84",
        "200812": "9.40",
        "200901": "9.66",
        "200902": "10.39",
        "200903": "12.73",
        "200904": "14.77",
        "200905": "14.55",
        "200906": "18.12",
        "200907": "22.77",
        "200908": "19.12",
        "200909": "18.50",
        "200910": "19.23",
        "200911": "17.94",
        "200912": "20.65",
        "201001": "24.40",
        "201002": "23.32",
        "201003": "25.40",
        "201004": "28.24",
        "201005": "34.12",
        "201006": "34.53",
        "201007": "34.47",
        "201008": "30.97",
        "201009": "33.11",
        "201010": "32.34",
        "201011": "30.37",
        "201012": "40.11",
        "201101": "54.14",
        "201102": "53.38",
        "201103": "48.14",
        "201104": "45.23",
        "201105": "40.52",
        "201106": "45.36",
        "201107": "47.33",
        "201108": "46.70",
        "201109": "41.77",
        "201110": "40.06",
        "201111": "37.43",
        "201112": "31.11",
        "201201": "33.40",
        "201202": "42.59",
        "201203": "45.92",
        "201204": "43.31",
        "201205": "45.24",
        "201206": "42.65",
        "201207": "42.48",
        "201208": "45.07",
        "201209": "43.22",
        "201210": "41.80",
        "201211": "33.43",
        "201212": "31.89",
        "201301": "34.33",
        "201302": "36.67",
        "201303": "37.93",
        "201304": "35.32",
        "201305": "36.18",
        "201306": "34.85",
        "201307": "31.06",
        "201308": "29.72",
        "201309": "29.88",
        "201310": "30.20",
        "201311": "29.29",
        "201312": "29.14",
        "201401": "30.32",
        "201402": "29.74",
        "201403": "29.41",
        "201404": "29.29",
        "201405": "26.40",
        "201406": "24.90",
        "201407": "27.29",
        "201408": "26.37",
        "201409": "26.44",
        "201410": "22.79",
        "201411": "20.58",
        "201412": "22.22",
        "201501": "22.87",
        "201502": "24.73",
        "201503": "23.70",
        "201504": "22.14",
        "201505": "19.35",
        "201506": "15.64",
        "201507": "15.35",
        "201508": "15.62",
        "201509": "15.94",
        "201510": "17.08",
        "201511": "16.25",
        "201512": "14.96",
        "201601": "14.14",
        "201602": "17.24",
        "201603": "17.01",
        "201604": "15.32",
        "201605": "14.09",
        "201606": "15.78",
        "201607": "17.21",
        "201608": "17.78",
        "201609": "22.36",
        "201610": "23.75",
        "201611": "20.52",
        "201612": "20.47",
        "201701": "20.91",
        "201702": "22.37",
        "201703": "28.13",
        "201704": "30.34",
        "201705": "30.52",
        "201706": "27.43",
        "201707": "27.51",
        "201708": "35.23",
        "201709": "50.98",
        "201710": "47.37",
        "201711": "40.43",
        "201712": "36.60",
        "201801": "35.65",
        "201802": "36.02",
        "201803": "36.07",
        "201804": "33.49",
        "201805": "29.82",
        "201806": "35.72",
        "201807": "32.49",
        "201808": "32.23",
        "201809": "29.49",
        "201810": "24.36",
        "201811": "26.39",
        "201812": "28.77",
        "201901": "29.37",
        "201902": "32.39",
        "201903": "33.64",
        "201904": "32.28",
        "201905": "28.80",
        "201906": "29.15",
        "201907": "31.01",
        "201908": "28.69",
        "201909": "29.49",
        "201910": "29.01",
        "201911": "28.42",
        "201912": "29.60",
        "202001": "29.00",
        "202002": "25.56",
        "202003": "19.47",
        "202004": "20.64",
        "202005": "22.48",
        "202006": "26.02",
        "202007": "32.40",
        "202008": "36.69",
        "202009": "35.64",
        "202010": "33.85",
        "202011": "33.22",
        "202012": "35.04",
        "202101": "35.68",
        "202102": "35.82",
        "202103": "37.24",
        "202104": "40.20",
        "202105": "32.82",
        "202106": "34.54",
        "202107": "35.31",
        "202108": "31.24",
        "202109": "28.82",
        "202110": "27.72",
        "202111": "33.02",
        "202112": "35.79",
        "202201": "34.12",
        "202202": "32.14",
        "202203": "29.72",
        "202204": "30.43",
        "202205": "28.99",
        "202206": "30.25",
        "202207": "28.99",
        "202208": "29.62",
        "202209": "27.48",
        "202210": "23.54",
        "202211": "25.75",
        "202212": "26.01",
        "202301": "24.75",
        "202302": "25.92",
        "202303": "26.31",
        "202304": "31.61",
        "202305": "30.22"
    },
    "quarters": {
        "20011": {
            "year_quarter": 20011,
            "year": 2001,
            "quarter": 1,
            "eps": 1.49,
            "eps_growth_year": null,
            "eps_4q": null,
            "eps_4q_growth_year": null,
            "roe": 8.69,
            "roe_4q": 8.69,
            "gross_profit": 18523,
            "gross_margin": 27.31,
            "gross_margin_4q_avg": 27.31,
            "net_income": 57075,
            "revenue": 67836,
            "common_shares": 228000,
            "book_valuer_per_share": 31.12,
            "book_valuer_per_share_4q_avg": 31.12,
            "equity": 709641,
            "current_ratio": 248.12,
            "debt_ratio": 18.22,
            "inventory_turnover_ratio": 1.5,
            "account_receivable_turnover_ratio": null,
            "reinvestment_rate": null,
            "research_to_sale_ratio": null,
            "price_fair": 0,
            "eps_avg_yearly": 0,
            "eps_latest_yearly": 0,
            "eps_growth_yearly": 0
        },
        "20012": {
            "year_quarter": 20012,
            "year": 2001,
            "quarter": 2,
            "eps": 0.42,
            "eps_growth_year": null,
            "eps_4q": null,
            "eps_4q_growth_year": null,
            "roe": 1.7,
            "roe_4q": 10.389999999999999,
            "gross_profit": 10340,
            "gross_margin": 17.11,
            "gross_margin_4q_avg": 22.21,
            "net_income": 13191,
            "revenue": 60444,
            "common_shares": 252000,
            "book_valuer_per_share": 33.6,
            "book_valuer_per_share_4q_avg": 32.36,
            "equity": 846734,
            "current_ratio": 241.61,
            "debt_ratio": 14.89,
            "inventory_turnover_ratio": 1.43,
            "account_receivable_turnover_ratio": null,
            "reinvestment_rate": null,
            "research_to_sale_ratio": null,
            "price_fair": 0,
            "eps_avg_yearly": 0,
            "eps_latest_yearly": 0,
            "eps_growth_yearly": 0
        },
        "20013": {
            "year_quarter": 20013,
            "year": 2001,
            "quarter": 3,
            "eps": 1.11,
            "eps_growth_year": null,
            "eps_4q": null,
            "eps_4q_growth_year": null,
            "roe": 4.25,
            "roe_4q": 14.64,
            "gross_profit": 29113,
            "gross_margin": 33.17,
            "gross_margin_4q_avg": 25.86,
            "net_income": 36702,
            "revenue": 87768,
            "common_shares": 330000,
            "book_valuer_per_share": 26.7,
            "book_valuer_per_share_4q_avg": 30.47,
            "equity": 881205,
            "current_ratio": 268.18,
            "debt_ratio": 17.1,
            "inventory_turnover_ratio": 1.64,
            "account_receivable_turnover_ratio": null,
            "reinvestment_rate": null,
            "research_to_sale_ratio": null,
            "price_fair": 0,
            "eps_avg_yearly": 0,
            "eps_latest_yearly": 0,
            "eps_growth_yearly": 0
        },
        "20014": {
            "year_quarter": 20014,
            "year": 2001,
            "quarter": 4,
            "eps": 1.67,
            "eps_growth_year": null,
            "eps_4q": 5.06,
            "eps_4q_growth_year": null,
            "roe": 4.98,
            "roe_4q": 19.619999999999997,
            "gross_profit": 45800,
            "gross_margin": 42.1,
            "gross_margin_4q_avg": 29.92,
            "net_income": 52635,
            "revenue": 108787,
            "common_shares": 330000,
            "book_valuer_per_share": 28.58,
            "book_valuer_per_share_4q_avg": 30,
            "equity": 1230916,
            "current_ratio": 414.32,
            "debt_ratio": 15.72,
            "inventory_turnover_ratio": 0.59,
            "account_receivable_turnover_ratio": null,
            "reinvestment_rate": null,
            "research_to_sale_ratio": null,
            "price_fair": 0,
            "eps_avg_yearly": 0,
            "eps_latest_yearly": 0,
            "eps_growth_yearly": 0
        },
        "20021": {
            "year_quarter": 20021,
            "year": 2002,
            "quarter": 1,
            "eps": 0.88,
            "eps_growth_year": -40.94,
            "eps_4q": 3.24,
            "eps_4q_growth_year": null,
            "roe": 3.46,
            "roe_4q": 14.39,
            "gross_profit": 45121,
            "gross_margin": 29.18,
            "gross_margin_4q_avg": 30.39,
            "net_income": 38269,
            "revenue": 154612,
            "common_shares": 330000,
            "book_valuer_per_share": 29.7,
            "book_valuer_per_share_4q_avg": 29.65,
            "equity": 980063,
            "current_ratio": 314.63,
            "debt_ratio": 15.96,
            "inventory_turnover_ratio": 1.03,
            "account_receivable_turnover_ratio": null,
            "reinvestment_rate": null,
            "research_to_sale_ratio": null,
            "price_fair": 10.56,
            "eps_avg_yearly": 3.52,
            "eps_latest_yearly": 3.52,
            "eps_growth_yearly": -189.22
        },
        "20022": {
            "year_quarter": 20022,
            "year": 2002,
            "quarter": 2,
            "eps": 1.43,
            "eps_growth_year": 240.48,
            "eps_4q": 4.37,
            "eps_4q_growth_year": null,
            "roe": 6.28,
            "roe_4q": 18.97,
            "gross_profit": 88951,
            "gross_margin": 36.35,
            "gross_margin_4q_avg": 35.2,
            "net_income": 61984,
            "revenue": 244704,
            "common_shares": 330000,
            "book_valuer_per_share": 30.15,
            "book_valuer_per_share_4q_avg": 28.78,
            "equity": 994810,
            "current_ratio": 182.06,
            "debt_ratio": 23.39,
            "inventory_turnover_ratio": 4.36,
            "account_receivable_turnover_ratio": null,
            "reinvestment_rate": null,
            "research_to_sale_ratio": null,
            "price_fair": 161.7,
            "eps_avg_yearly": 4.62,
            "eps_latest_yearly": 5.72,
            "eps_growth_yearly": 30.39
        },
        "20023": {
            "year_quarter": 20023,
            "year": 2002,
            "quarter": 3,
            "eps": 1.2,
            "eps_growth_year": 8.11,
            "eps_4q": 3.87,
            "eps_4q_growth_year": null,
            "roe": 6.6,
            "roe_4q": 21.32,
            "gross_profit": 88808,
            "gross_margin": 33.42,
            "gross_margin_4q_avg": 35.26,
            "net_income": 68814,
            "revenue": 265724,
            "common_shares": 434000,
            "book_valuer_per_share": 25.12,
            "book_valuer_per_share_4q_avg": 28.39,
            "equity": 1090107,
            "current_ratio": 215.7,
            "debt_ratio": 21.51,
            "inventory_turnover_ratio": 4.13,
            "account_receivable_turnover_ratio": null,
            "reinvestment_rate": null,
            "research_to_sale_ratio": null,
            "price_fair": 14.04,
            "eps_avg_yearly": 4.68,
            "eps_latest_yearly": 4.8,
            "eps_growth_yearly": -1.19
        },
        "20024": {
            "year_quarter": 20024,
            "year": 2002,
            "quarter": 4,
            "eps": 2.14,
            "eps_growth_year": 28.14,
            "eps_4q": 6.04,
            "eps_4q_growth_year": 19.21,
            "roe": 7.52,
            "roe_4q": 23.86,
            "gross_profit": 110412,
            "gross_margin": 33.22,
            "gross_margin_4q_avg": 33.04,
            "net_income": 92846,
            "revenue": 332408,
            "common_shares": 434000,
            "book_valuer_per_share": 27.33,
            "book_valuer_per_share_4q_avg": 28.08,
            "equity": 1380519,
            "current_ratio": 171.92,
            "debt_ratio": 36.34,
            "inventory_turnover_ratio": 1.47,
            "account_receivable_turnover_ratio": null,
            "reinvestment_rate": null,
            "research_to_sale_ratio": null,
            "price_fair": 197.75,
            "eps_avg_yearly": 5.65,
            "eps_latest_yearly": 8.56,
            "eps_growth_yearly": 77.44
        },
        "20031": {
            "year_quarter": 20031,
            "year": 2003,
            "quarter": 1,
            "eps": 1.77,
            "eps_growth_year": 101.14,
            "eps_4q": 6.93,
            "eps_4q_growth_year": 114.07,
            "roe": 5.8,
            "roe_4q": 26.200000000000003,
            "gross_profit": 75038,
            "gross_margin": 25.27,
            "gross_margin_4q_avg": 32.07,
            "net_income": 76704,
            "revenue": 296987,
            "common_shares": 434000,
            "book_valuer_per_share": 29.1,
            "book_valuer_per_share_4q_avg": 27.93,
            "equity": 1262856,
            "current_ratio": 226.39,
            "debt_ratio": 22.7,
            "inventory_turnover_ratio": 1.49,
            "account_receivable_turnover_ratio": null,
            "reinvestment_rate": null,
            "research_to_sale_ratio": null,
            "price_fair": 207.76,
            "eps_avg_yearly": 5.94,
            "eps_latest_yearly": 7.08,
            "eps_growth_yearly": 48.12
        },
        "20032": {
            "year_quarter": 20032,
            "year": 2003,
            "quarter": 2,
            "eps": 2.22,
            "eps_growth_year": 55.24,
            "eps_4q": 6.39,
            "eps_4q_growth_year": 46.13,
            "roe": 9.79,
            "roe_4q": 29.71,
            "gross_profit": 106496,
            "gross_margin": 26.5,
            "gross_margin_4q_avg": 29.6,
            "net_income": 126856,
            "revenue": 401802,
            "common_shares": 434000,
            "book_valuer_per_share": 30.62,
            "book_valuer_per_share_4q_avg": 28.04,
            "equity": 1329001,
            "current_ratio": 209.34,
            "debt_ratio": 23.07,
            "inventory_turnover_ratio": 6.83,
            "account_receivable_turnover_ratio": null,
            "reinvestment_rate": null,
            "research_to_sale_ratio": null,
            "price_fair": 224.93,
            "eps_avg_yearly": 6.43,
            "eps_latest_yearly": 8.88,
            "eps_growth_yearly": 57.05
        },
        "20033": {
            "year_quarter": 20033,
            "year": 2003,
            "quarter": 3,
            "eps": 1.97,
            "eps_growth_year": 64.17,
            "eps_4q": 7.17,
            "eps_4q_growth_year": 85.47,
            "roe": 8.11,
            "roe_4q": 31.22,
            "gross_profit": 105687,
            "gross_margin": 24,
            "gross_margin_4q_avg": 27.25,
            "net_income": 112286,
            "revenue": 440447,
            "common_shares": 571200,
            "book_valuer_per_share": 25.21,
            "book_valuer_per_share_4q_avg": 28.07,
            "equity": 1439901,
            "current_ratio": 358.89,
            "debt_ratio": 39.14,
            "inventory_turnover_ratio": 8.06,
            "account_receivable_turnover_ratio": null,
            "reinvestment_rate": null,
            "research_to_sale_ratio": null,
            "price_fair": 232.2,
            "eps_avg_yearly": 6.63,
            "eps_latest_yearly": 7.88,
            "eps_growth_yearly": 42.47
        },
        "20034": {
            "year_quarter": 20034,
            "year": 2003,
            "quarter": 4,
            "eps": 2.31,
            "eps_growth_year": 7.94,
            "eps_4q": 7.82,
            "eps_4q_growth_year": 29.54,
            "roe": 7.88,
            "roe_4q": 31.58,
            "gross_profit": 97732,
            "gross_margin": 22.51,
            "gross_margin_4q_avg": 24.57,
            "net_income": 132411,
            "revenue": 434157,
            "common_shares": 582310,
            "book_valuer_per_share": 30.04,
            "book_valuer_per_share_4q_avg": 28.74,
            "equity": 1922292,
            "current_ratio": 257.4,
            "debt_ratio": 35.22,
            "inventory_turnover_ratio": 1.97,
            "account_receivable_turnover_ratio": null,
            "reinvestment_rate": null,
            "research_to_sale_ratio": null,
            "price_fair": 243.6,
            "eps_avg_yearly": 6.96,
            "eps_latest_yearly": 9.24,
            "eps_growth_yearly": 45.79
        },
        "20041": {
            "year_quarter": 20041,
            "year": 2004,
            "quarter": 1,
            "eps": 1.45,
            "eps_growth_year": -18.08,
            "eps_4q": 7.83,
            "eps_4q_growth_year": 12.97,
            "roe": 4.47,
            "roe_4q": 30.25,
            "gross_profit": 92950,
            "gross_margin": 23.74,
            "gross_margin_4q_avg": 24.19,
            "net_income": 84452,
            "revenue": 391500,
            "common_shares": 586700,
            "book_valuer_per_share": 31.62,
            "book_valuer_per_share_4q_avg": 29.37,
            "equity": 1855068,
            "current_ratio": 301.73,
            "debt_ratio": 30.42,
            "inventory_turnover_ratio": 1.7,
            "account_receivable_turnover_ratio": null,
            "reinvestment_rate": null,
            "research_to_sale_ratio": null,
            "price_fair": 233.31,
            "eps_avg_yearly": 6.83,
            "eps_latest_yearly": 5.8,
            "eps_growth_yearly": 24.15
        },
        "20042": {
            "year_quarter": 20042,
            "year": 2004,
            "quarter": 2,
            "eps": 2.58,
            "eps_growth_year": 16.22,
            "eps_4q": 6.83,
            "eps_4q_growth_year": 6.82,
            "roe": 10.38,
            "roe_4q": 30.84,
            "gross_profit": 127523,
            "gross_margin": 25.13,
            "gross_margin_4q_avg": 23.85,
            "net_income": 199947,
            "revenue": 507391,
            "common_shares": 776810,
            "book_valuer_per_share": 25.71,
            "book_valuer_per_share_4q_avg": 28.15,
            "equity": 1997041,
            "current_ratio": 208.3,
            "debt_ratio": 33.53,
            "inventory_turnover_ratio": 7.26,
            "account_receivable_turnover_ratio": null,
            "reinvestment_rate": null,
            "research_to_sale_ratio": null,
            "price_fair": 251.3,
            "eps_avg_yearly": 7.18,
            "eps_latest_yearly": 10.32,
            "eps_growth_yearly": 52.91
        },
        "20043": {
            "year_quarter": 20043,
            "year": 2004,
            "quarter": 3,
            "eps": 2.75,
            "eps_growth_year": 39.59,
            "eps_4q": 8.12,
            "eps_4q_growth_year": 13.29,
            "roe": 10.01,
            "roe_4q": 32.74,
            "gross_profit": 113895,
            "gross_margin": 20.11,
            "gross_margin_4q_avg": 22.87,
            "net_income": 213321,
            "revenue": 566326,
            "common_shares": 776810,
            "book_valuer_per_share": 29.18,
            "book_valuer_per_share_4q_avg": 29.14,
            "equity": 2266412,
            "current_ratio": 182.74,
            "debt_ratio": 31.31,
            "inventory_turnover_ratio": 7.67,
            "account_receivable_turnover_ratio": null,
            "reinvestment_rate": null,
            "research_to_sale_ratio": null,
            "price_fair": 263.45,
            "eps_avg_yearly": 7.53,
            "eps_latest_yearly": 11,
            "eps_growth_yearly": 50.5
        },
        "20044": {
            "year_quarter": 20044,
            "year": 2004,
            "quarter": 4,
            "eps": 2.26,
            "eps_growth_year": -2.16,
            "eps_4q": 8.67,
            "eps_4q_growth_year": 10.87,
            "roe": 7.39,
            "roe_4q": 32.25,
            "gross_profit": 98731,
            "gross_margin": 16.76,
            "gross_margin_4q_avg": 21.44,
            "net_income": 175473,
            "revenue": 589132,
            "common_shares": 776810,
            "book_valuer_per_share": 29.97,
            "book_valuer_per_share_4q_avg": 29.12,
            "equity": 2482836,
            "current_ratio": 119.57,
            "debt_ratio": 38.18,
            "inventory_turnover_ratio": 1.7,
            "account_receivable_turnover_ratio": null,
            "reinvestment_rate": 124.18,
            "research_to_sale_ratio": null,
            "price_fair": 267.87,
            "eps_avg_yearly": 7.65,
            "eps_latest_yearly": 9.04,
            "eps_growth_yearly": 40.35
        },
        "20051": {
            "year_quarter": 20051,
            "year": 2005,
            "quarter": 1,
            "eps": 1.52,
            "eps_growth_year": 4.83,
            "eps_4q": 9.02,
            "eps_4q_growth_year": 15.17,
            "roe": 4.61,
            "roe_4q": 32.39,
            "gross_profit": 73378,
            "gross_margin": 14.16,
            "gross_margin_4q_avg": 19.04,
            "net_income": 119368,
            "revenue": 518303,
            "common_shares": 806773,
            "book_valuer_per_share": 33.44,
            "book_valuer_per_share_4q_avg": 29.58,
            "equity": 2697947,
            "current_ratio": 153.16,
            "debt_ratio": 24.94,
            "inventory_turnover_ratio": 1.58,
            "account_receivable_turnover_ratio": null,
            "reinvestment_rate": 33.27,
            "research_to_sale_ratio": null,
            "price_fair": 263.63,
            "eps_avg_yearly": 7.53,
            "eps_latest_yearly": 6.08,
            "eps_growth_yearly": 27.17
        },
        "20052": {
            "year_quarter": 20052,
            "year": 2005,
            "quarter": 2,
            "eps": 1.91,
            "eps_growth_year": -25.97,
            "eps_4q": 8.31,
            "eps_4q_growth_year": 21.75,
            "roe": 5.56,
            "roe_4q": 27.57,
            "gross_profit": 78568,
            "gross_margin": 16.52,
            "gross_margin_4q_avg": 16.89,
            "net_income": 151606,
            "revenue": 475601,
            "common_shares": 807136,
            "book_valuer_per_share": 34.19,
            "book_valuer_per_share_4q_avg": 31.7,
            "equity": 2759704,
            "current_ratio": 113.71,
            "debt_ratio": 26.75,
            "inventory_turnover_ratio": 7.23,
            "account_receivable_turnover_ratio": null,
            "reinvestment_rate": 30.13,
            "research_to_sale_ratio": null,
            "price_fair": 263.9,
            "eps_avg_yearly": 7.54,
            "eps_latest_yearly": 7.64,
            "eps_growth_yearly": 32.56
        },
        "20053": {
            "year_quarter": 20053,
            "year": 2005,
            "quarter": 3,
            "eps": 2.11,
            "eps_growth_year": -23.27,
            "eps_4q": 6.34,
            "eps_4q_growth_year": -21.93,
            "roe": 7.61,
            "roe_4q": 25.17,
            "gross_profit": 187418,
            "gross_margin": 32.41,
            "gross_margin_4q_avg": 19.96,
            "net_income": 222616,
            "revenue": 578341,
            "common_shares": 1064949,
            "book_valuer_per_share": 29.02,
            "book_valuer_per_share_4q_avg": 31.66,
            "equity": 3090588,
            "current_ratio": 123.99,
            "debt_ratio": 21.85,
            "inventory_turnover_ratio": 8.06,
            "account_receivable_turnover_ratio": null,
            "reinvestment_rate": 28.08,
            "research_to_sale_ratio": null,
            "price_fair": 266,
            "eps_avg_yearly": 7.6,
            "eps_latest_yearly": 8.44,
            "eps_growth_yearly": 33.18
        },
        "20054": {
            "year_quarter": 20054,
            "year": 2005,
            "quarter": 4,
            "eps": 1.81,
            "eps_growth_year": -19.91,
            "eps_4q": 6.47,
            "eps_4q_growth_year": -25.34,
            "roe": 5.85,
            "roe_4q": 23.63,
            "gross_profit": 158113,
            "gross_margin": 26.34,
            "gross_margin_4q_avg": 22.36,
            "net_income": 191594,
            "revenue": 600250,
            "common_shares": 1064949,
            "book_valuer_per_share": 31.12,
            "book_valuer_per_share_4q_avg": 31.94,
            "equity": 3455663,
            "current_ratio": 304.05,
            "debt_ratio": 42.31,
            "inventory_turnover_ratio": 1.07,
            "account_receivable_turnover_ratio": null,
            "reinvestment_rate": 81.89,
            "research_to_sale_ratio": null,
            "price_fair": 265.21,
            "eps_avg_yearly": 7.58,
            "eps_latest_yearly": 7.24,
            "eps_growth_yearly": 27.55
        },
        "20061": {
            "year_quarter": 20061,
            "year": 2006,
            "quarter": 1,
            "eps": 1.27,
            "eps_growth_year": -16.45,
            "eps_4q": 6.57,
            "eps_4q_growth_year": -27.16,
            "roe": 3.91,
            "roe_4q": 22.93,
            "gross_profit": 118907,
            "gross_margin": 21.95,
            "gross_margin_4q_avg": 24.31,
            "net_income": 135625,
            "revenue": 541599,
            "common_shares": 1068777,
            "book_valuer_per_share": 32.52,
            "book_valuer_per_share_4q_avg": 31.71,
            "equity": 3475989,
            "current_ratio": 325.43,
            "debt_ratio": 36.61,
            "inventory_turnover_ratio": 1.02,
            "account_receivable_turnover_ratio": null,
            "reinvestment_rate": 23.21,
            "research_to_sale_ratio": null,
            "price_fair": 268.63,
            "eps_avg_yearly": 7.68,
            "eps_latest_yearly": 5.08,
            "eps_growth_yearly": 31.92
        },
        "20062": {
            "year_quarter": 20062,
            "year": 2006,
            "quarter": 2,
            "eps": 0.8,
            "eps_growth_year": -58.12,
            "eps_4q": 5.97,
            "eps_4q_growth_year": -28.23,
            "roe": 2.55,
            "roe_4q": 19.919999999999998,
            "gross_profit": 130154,
            "gross_margin": 22.31,
            "gross_margin_4q_avg": 25.75,
            "net_income": 85152,
            "revenue": 583294,
            "common_shares": 1068777,
            "book_valuer_per_share": 29.96,
            "book_valuer_per_share_4q_avg": 30.66,
            "equity": 3201627,
            "current_ratio": 185.98,
            "debt_ratio": 43.4,
            "inventory_turnover_ratio": 10.42,
            "account_receivable_turnover_ratio": null,
            "reinvestment_rate": 21.75,
            "research_to_sale_ratio": null,
            "price_fair": 128.13,
            "eps_avg_yearly": 7.52,
            "eps_latest_yearly": 3.2,
            "eps_growth_yearly": 7.04
        },
        "20063": {
            "year_quarter": 20063,
            "year": 2006,
            "quarter": 3,
            "eps": 0.84,
            "eps_growth_year": -60.19,
            "eps_4q": 4.3,
            "eps_4q_growth_year": -32.12,
            "roe": 3.05,
            "roe_4q": 15.36,
            "gross_profit": 119560,
            "gross_margin": 20.44,
            "gross_margin_4q_avg": 22.76,
            "net_income": 99981,
            "revenue": 584919,
            "common_shares": 1197507,
            "book_valuer_per_share": 28.07,
            "book_valuer_per_share_4q_avg": 30.42,
            "equity": 3361607,
            "current_ratio": 247.61,
            "debt_ratio": 39.23,
            "inventory_turnover_ratio": 9.86,
            "account_receivable_turnover_ratio": null,
            "reinvestment_rate": 19.88,
            "research_to_sale_ratio": null,
            "price_fair": 165.75,
            "eps_avg_yearly": 7.43,
            "eps_latest_yearly": 3.36,
            "eps_growth_yearly": 12.32
        },
        "20064": {
            "year_quarter": 20064,
            "year": 2006,
            "quarter": 4,
            "eps": -0.01,
            "eps_growth_year": -100.55,
            "eps_4q": 2.7,
            "eps_4q_growth_year": -58.31,
            "roe": -0.02,
            "roe_4q": 9.49,
            "gross_profit": 63272,
            "gross_margin": 13.78,
            "gross_margin_4q_avg": 19.62,
            "net_income": -616,
            "revenue": 459206,
            "common_shares": 1197507,
            "book_valuer_per_share": 28.29,
            "book_valuer_per_share_4q_avg": 29.71,
            "equity": 3637693,
            "current_ratio": 150.73,
            "debt_ratio": 39.08,
            "inventory_turnover_ratio": 1,
            "account_receivable_turnover_ratio": null,
            "reinvestment_rate": 69.56,
            "research_to_sale_ratio": null,
            "price_fair": 22.06,
            "eps_avg_yearly": 7.35,
            "eps_latest_yearly": 3.36,
            "eps_growth_yearly": -7.75
        },
        "20071": {
            "year_quarter": 20071,
            "year": 2007,
            "quarter": 1,
            "eps": 0.36,
            "eps_growth_year": -71.65,
            "eps_4q": 1.88,
            "eps_4q_growth_year": -71.35,
            "roe": 1.22,
            "roe_4q": 6.8,
            "gross_profit": 62015,
            "gross_margin": 14.06,
            "gross_margin_4q_avg": 17.65,
            "net_income": 43642,
            "revenue": 440940,
            "common_shares": 1197507,
            "book_valuer_per_share": 29.18,
            "book_valuer_per_share_4q_avg": 28.88,
            "equity": 3494295,
            "current_ratio": 89.82,
            "debt_ratio": 37.27,
            "inventory_turnover_ratio": 0.96,
            "account_receivable_turnover_ratio": null,
            "reinvestment_rate": 18.6,
            "research_to_sale_ratio": null,
            "price_fair": 22.11,
            "eps_avg_yearly": 7.37,
            "eps_latest_yearly": 3.36,
            "eps_growth_yearly": -3.37
        },
        "20072": {
            "year_quarter": 20072,
            "year": 2007,
            "quarter": 2,
            "eps": 0.41,
            "eps_growth_year": -48.75,
            "eps_4q": 1.6,
            "eps_4q_growth_year": -73.2,
            "roe": 1.46,
            "roe_4q": 5.709999999999999,
            "gross_profit": 66011,
            "gross_margin": 15.16,
            "gross_margin_4q_avg": 15.86,
            "net_income": 49326,
            "revenue": 435460,
            "common_shares": 1197507,
            "book_valuer_per_share": 27.11,
            "book_valuer_per_share_4q_avg": 28.16,
            "equity": 3246862,
            "current_ratio": 79.29,
            "debt_ratio": 42.26,
            "inventory_turnover_ratio": 7.38,
            "account_receivable_turnover_ratio": null,
            "reinvestment_rate": 18.6,
            "research_to_sale_ratio": null,
            "price_fair": 20.56,
            "eps_avg_yearly": 6.85,
            "eps_latest_yearly": 1.64,
            "eps_growth_yearly": -6.66
        },
        "20073": {
            "year_quarter": 20073,
            "year": 2007,
            "quarter": 3,
            "eps": 0.77,
            "eps_growth_year": -8.33,
            "eps_4q": 1.53,
            "eps_4q_growth_year": -64.44,
            "roe": 2.84,
            "roe_4q": 5.5,
            "gross_profit": 79675,
            "gross_margin": 15.2,
            "gross_margin_4q_avg": 14.55,
            "net_income": 93485,
            "revenue": 524246,
            "common_shares": 1219567,
            "book_valuer_per_share": 27.29,
            "book_valuer_per_share_4q_avg": 27.97,
            "equity": 3328596,
            "current_ratio": 76.81,
            "debt_ratio": 39.72,
            "inventory_turnover_ratio": 7.77,
            "account_receivable_turnover_ratio": null,
            "reinvestment_rate": 17.59,
            "research_to_sale_ratio": null,
            "price_fair": 206.04,
            "eps_avg_yearly": 6.51,
            "eps_latest_yearly": 3.08,
            "eps_growth_yearly": 21.64
        },
        "20074": {
            "year_quarter": 20074,
            "year": 2007,
            "quarter": 4,
            "eps": 0.4,
            "eps_growth_year": null,
            "eps_4q": 1.94,
            "eps_4q_growth_year": -28.23,
            "roe": 1.41,
            "roe_4q": 6.93,
            "gross_profit": 61286,
            "gross_margin": 13.07,
            "gross_margin_4q_avg": 14.37,
            "net_income": 48535,
            "revenue": 469083,
            "common_shares": 1219567,
            "book_valuer_per_share": 27.54,
            "book_valuer_per_share_4q_avg": 27.78,
            "equity": 3578834,
            "current_ratio": 156.74,
            "debt_ratio": 32.34,
            "inventory_turnover_ratio": 1.08,
            "account_receivable_turnover_ratio": null,
            "reinvestment_rate": 73.8,
            "research_to_sale_ratio": null,
            "price_fair": 77.45,
            "eps_avg_yearly": 5.97,
            "eps_latest_yearly": 1.6,
            "eps_growth_yearly": 2.98
        },
        "20081": {
            "year_quarter": 20081,
            "year": 2008,
            "quarter": 1,
            "eps": 0.01,
            "eps_growth_year": -97.22,
            "eps_4q": 0.12,
            "eps_4q_growth_year": -93.44,
            "roe": -0.45,
            "roe_4q": 5.26,
            "gross_profit": 11732,
            "gross_margin": 1.58,
            "gross_margin_4q_avg": 11.25,
            "net_income": -15650,
            "revenue": 742997,
            "common_shares": 1219567,
            "book_valuer_per_share": 26.59,
            "book_valuer_per_share_4q_avg": 27.13,
            "equity": 3437478,
            "current_ratio": 126.39,
            "debt_ratio": 45.86,
            "inventory_turnover_ratio": 1.06,
            "account_receivable_turnover_ratio": null,
            "reinvestment_rate": 116.87,
            "research_to_sale_ratio": null,
            "price_fair": 16.66,
            "eps_avg_yearly": 5.55,
            "eps_latest_yearly": 0.04,
            "eps_growth_yearly": -14.24
        },
        "20082": {
            "year_quarter": 20082,
            "year": 2008,
            "quarter": 2,
            "eps": 0.39,
            "eps_growth_year": -4.88,
            "eps_4q": 1.46,
            "eps_4q_growth_year": -8.69,
            "roe": 1.49,
            "roe_4q": 5.29,
            "gross_profit": 60473,
            "gross_margin": 6.59,
            "gross_margin_4q_avg": 9.11,
            "net_income": 50871,
            "revenue": 917557,
            "common_shares": 1219567,
            "book_valuer_per_share": 26.01,
            "book_valuer_per_share_4q_avg": 26.86,
            "equity": 3375807,
            "current_ratio": 131.94,
            "debt_ratio": 41.75,
            "inventory_turnover_ratio": 1.24,
            "account_receivable_turnover_ratio": null,
            "reinvestment_rate": 121.6,
            "research_to_sale_ratio": null,
            "price_fair": 172.5,
            "eps_avg_yearly": 4.93,
            "eps_latest_yearly": 1.56,
            "eps_growth_yearly": 1049.21
        },
        "20083": {
            "year_quarter": 20083,
            "year": 2008,
            "quarter": 3,
            "eps": -0.07,
            "eps_growth_year": -109.09,
            "eps_4q": 0.71,
            "eps_4q_growth_year": -53.79,
            "roe": -0.51,
            "roe_4q": 1.94,
            "gross_profit": 29389,
            "gross_margin": 2.76,
            "gross_margin_4q_avg": 6,
            "net_income": -17661,
            "revenue": 1065582,
            "common_shares": 1244297,
            "book_valuer_per_share": 26.89,
            "book_valuer_per_share_4q_avg": 26.76,
            "equity": 3542634,
            "current_ratio": 133.48,
            "debt_ratio": 40.66,
            "inventory_turnover_ratio": 1.43,
            "account_receivable_turnover_ratio": null,
            "reinvestment_rate": 148.52,
            "research_to_sale_ratio": null,
            "price_fair": 156.15,
            "eps_avg_yearly": 4.46,
            "eps_latest_yearly": 1.56,
            "eps_growth_yearly": 1127.89
        },
        "20084": {
            "year_quarter": 20084,
            "year": 2008,
            "quarter": 4,
            "eps": -0.29,
            "eps_growth_year": -172.5,
            "eps_4q": 0,
            "eps_4q_growth_year": -99.77,
            "roe": -1.59,
            "roe_4q": -1.06,
            "gross_profit": 69906,
            "gross_margin": 7.22,
            "gross_margin_4q_avg": 4.54,
            "net_income": -56231,
            "revenue": 968783,
            "common_shares": 1244297,
            "book_valuer_per_share": 26.99,
            "book_valuer_per_share_4q_avg": 26.62,
            "equity": 3526514,
            "current_ratio": 142.66,
            "debt_ratio": 34.03,
            "inventory_turnover_ratio": 1.35,
            "account_receivable_turnover_ratio": 2.11,
            "reinvestment_rate": 52.72,
            "research_to_sale_ratio": null,
            "price_fair": 142.8,
            "eps_avg_yearly": 4.08,
            "eps_latest_yearly": 1.56,
            "eps_growth_yearly": 1227.82
        },
        "20091": {
            "year_quarter": 20091,
            "year": 2009,
            "quarter": 1,
            "eps": -0.68,
            "eps_growth_year": -6900,
            "eps_4q": -0.65,
            "eps_4q_growth_year": -630.45,
            "roe": -2.39,
            "roe_4q": -3,
            "gross_profit": -21124,
            "gross_margin": -3.16,
            "gross_margin_4q_avg": 3.35,
            "net_income": -84631,
            "revenue": 668172,
            "common_shares": 1244297,
            "book_valuer_per_share": 27.2,
            "book_valuer_per_share_4q_avg": 26.77,
            "equity": 3557330,
            "current_ratio": 135.34,
            "debt_ratio": 44.98,
            "inventory_turnover_ratio": 1.23,
            "account_receivable_turnover_ratio": 0.92,
            "reinvestment_rate": 196.98,
            "research_to_sale_ratio": null,
            "price_fair": 136.44,
            "eps_avg_yearly": 3.9,
            "eps_latest_yearly": 1.56,
            "eps_growth_yearly": 1351.35
        },
        "20092": {
            "year_quarter": 20092,
            "year": 2009,
            "quarter": 2,
            "eps": -1.98,
            "eps_growth_year": -607.69,
            "eps_4q": -3.04,
            "eps_4q_growth_year": -308.45,
            "roe": -7.57,
            "roe_4q": -12.06,
            "gross_profit": -3407,
            "gross_margin": -0.41,
            "gross_margin_4q_avg": 1.6,
            "net_income": -263771,
            "revenue": 839937,
            "common_shares": 1244297,
            "book_valuer_per_share": 26.17,
            "book_valuer_per_share_4q_avg": 26.81,
            "equity": 3411645,
            "current_ratio": 152.32,
            "debt_ratio": 35.58,
            "inventory_turnover_ratio": 1.68,
            "account_receivable_turnover_ratio": 1.28,
            "reinvestment_rate": 312.63,
            "research_to_sale_ratio": null,
            "price_fair": 123.34,
            "eps_avg_yearly": 3.52,
            "eps_latest_yearly": 1.56,
            "eps_growth_yearly": 1476.22
        },
        "20093": {
            "year_quarter": 20093,
            "year": 2009,
            "quarter": 3,
            "eps": 0.01,
            "eps_growth_year": null,
            "eps_4q": -2.57,
            "eps_4q_growth_year": -463.45,
            "roe": -0.32,
            "roe_4q": -11.870000000000001,
            "gross_profit": 92321,
            "gross_margin": 7.92,
            "gross_margin_4q_avg": 2.89,
            "net_income": -11038,
            "revenue": 1166222,
            "common_shares": 1433352,
            "book_valuer_per_share": 22.63,
            "book_valuer_per_share_4q_avg": 25.75,
            "equity": 3415902,
            "current_ratio": 162.62,
            "debt_ratio": 33.56,
            "inventory_turnover_ratio": 2.37,
            "account_receivable_turnover_ratio": 1.44,
            "reinvestment_rate": 463.19,
            "research_to_sale_ratio": null,
            "price_fair": 104.22,
            "eps_avg_yearly": 2.98,
            "eps_latest_yearly": 1.56,
            "eps_growth_yearly": 1635.59
        },
        "20094": {
            "year_quarter": 20094,
            "year": 2009,
            "quarter": 4,
            "eps": 0.27,
            "eps_growth_year": null,
            "eps_4q": -2.05,
            "eps_4q_growth_year": -45833.06,
            "roe": 1,
            "roe_4q": -9.280000000000001,
            "gross_profit": 136562,
            "gross_margin": 11.89,
            "gross_margin_4q_avg": 4.06,
            "net_income": 34383,
            "revenue": 1148326,
            "common_shares": 1461088,
            "book_valuer_per_share": 22.58,
            "book_valuer_per_share_4q_avg": 24.65,
            "equity": 3459358,
            "current_ratio": 154.59,
            "debt_ratio": 33.93,
            "inventory_turnover_ratio": 2.28,
            "account_receivable_turnover_ratio": 2.72,
            "reinvestment_rate": 32.68,
            "research_to_sale_ratio": null,
            "price_fair": 80.27,
            "eps_avg_yearly": 2.29,
            "eps_latest_yearly": 1.08,
            "eps_growth_yearly": 2797.47
        },
        "20101": {
            "year_quarter": 20101,
            "year": 2010,
            "quarter": 1,
            "eps": 0.31,
            "eps_growth_year": null,
            "eps_4q": -1.03,
            "eps_4q_growth_year": null,
            "roe": 1.21,
            "roe_4q": -5.680000000000001,
            "gross_profit": 127013,
            "gross_margin": 13.06,
            "gross_margin_4q_avg": 8.12,
            "net_income": 43133,
            "revenue": 972292,
            "common_shares": 1461277,
            "book_valuer_per_share": 23.96,
            "book_valuer_per_share_4q_avg": 23.84,
            "equity": 3656969,
            "current_ratio": 178.75,
            "debt_ratio": 30.8,
            "inventory_turnover_ratio": 1.7,
            "account_receivable_turnover_ratio": 1.17,
            "reinvestment_rate": 1273.01,
            "research_to_sale_ratio": 1.78,
            "price_fair": 65.33,
            "eps_avg_yearly": 1.87,
            "eps_latest_yearly": 1.24,
            "eps_growth_yearly": 2817.31
        },
        "20102": {
            "year_quarter": 20102,
            "year": 2010,
            "quarter": 2,
            "eps": 0.41,
            "eps_growth_year": null,
            "eps_4q": 0.92,
            "eps_4q_growth_year": null,
            "roe": 1.6,
            "roe_4q": 3.49,
            "gross_profit": 177452,
            "gross_margin": 13.68,
            "gross_margin_4q_avg": 11.64,
            "net_income": 60514,
            "revenue": 1297185,
            "common_shares": 1641277,
            "book_valuer_per_share": 23.07,
            "book_valuer_per_share_4q_avg": 23.06,
            "equity": 3890436,
            "current_ratio": 194.56,
            "debt_ratio": 28.21,
            "inventory_turnover_ratio": 2.04,
            "account_receivable_turnover_ratio": 1.32,
            "reinvestment_rate": 1483.26,
            "research_to_sale_ratio": 1.4,
            "price_fair": 59.27,
            "eps_avg_yearly": 1.69,
            "eps_latest_yearly": 1.64,
            "eps_growth_yearly": 2848.1
        },
        "20103": {
            "year_quarter": 20103,
            "year": 2010,
            "quarter": 3,
            "eps": 0.75,
            "eps_growth_year": 7371.47,
            "eps_4q": 1.66,
            "eps_4q_growth_year": null,
            "roe": 2.89,
            "roe_4q": 6.7,
            "gross_profit": 231005,
            "gross_margin": 15.98,
            "gross_margin_4q_avg": 13.65,
            "net_income": 112963,
            "revenue": 1445917,
            "common_shares": 1641277,
            "book_valuer_per_share": 23.42,
            "book_valuer_per_share_4q_avg": 23.26,
            "equity": 3937261,
            "current_ratio": 182.09,
            "debt_ratio": 32.04,
            "inventory_turnover_ratio": 1.89,
            "account_receivable_turnover_ratio": 1.26,
            "reinvestment_rate": 1252.11,
            "research_to_sale_ratio": 1.12,
            "price_fair": 57.87,
            "eps_avg_yearly": 1.65,
            "eps_latest_yearly": 3,
            "eps_growth_yearly": 2882.73
        },
        "20104": {
            "year_quarter": 20104,
            "year": 2010,
            "quarter": 4,
            "eps": 0.68,
            "eps_growth_year": 153.68,
            "eps_4q": 2.12,
            "eps_4q_growth_year": null,
            "roe": 2.58,
            "roe_4q": 8.280000000000001,
            "gross_profit": 201968,
            "gross_margin": 13.03,
            "gross_margin_4q_avg": 13.94,
            "net_income": 100089,
            "revenue": 1550045,
            "common_shares": 1625757,
            "book_valuer_per_share": 22.9,
            "book_valuer_per_share_4q_avg": 23.34,
            "equity": 3835036,
            "current_ratio": 187.12,
            "debt_ratio": 30.61,
            "inventory_turnover_ratio": 1.95,
            "account_receivable_turnover_ratio": 1.38,
            "reinvestment_rate": -13.23,
            "research_to_sale_ratio": 1.19,
            "price_fair": 61.6,
            "eps_avg_yearly": 1.76,
            "eps_latest_yearly": 2.72,
            "eps_growth_yearly": 2590.72
        },
        "20111": {
            "year_quarter": 20111,
            "year": 2011,
            "quarter": 1,
            "eps": 0.27,
            "eps_growth_year": -12.9,
            "eps_4q": 2.12,
            "eps_4q_growth_year": null,
            "roe": 1.07,
            "roe_4q": 8.14,
            "gross_profit": 138773,
            "gross_margin": 11.65,
            "gross_margin_4q_avg": 13.59,
            "net_income": 41488,
            "revenue": 1191357,
            "common_shares": 1625757,
            "book_valuer_per_share": 23.42,
            "book_valuer_per_share_4q_avg": 23.2,
            "equity": 3917715,
            "current_ratio": 200.22,
            "debt_ratio": 27.2,
            "inventory_turnover_ratio": 1.53,
            "account_receivable_turnover_ratio": 1.19,
            "reinvestment_rate": 697.92,
            "research_to_sale_ratio": 1.58,
            "price_fair": 59.44,
            "eps_avg_yearly": 1.7,
            "eps_latest_yearly": 1.08,
            "eps_growth_yearly": 2333.28
        },
        "20112": {
            "year_quarter": 20112,
            "year": 2011,
            "quarter": 2,
            "eps": 0.36,
            "eps_growth_year": -12.58,
            "eps_4q": 2.07,
            "eps_4q_growth_year": 123.99,
            "roe": 1.35,
            "roe_4q": 7.890000000000001,
            "gross_profit": 174020,
            "gross_margin": 12.4,
            "gross_margin_4q_avg": 13.27,
            "net_income": 51949,
            "revenue": 1402967,
            "common_shares": 1625757,
            "book_valuer_per_share": 22.65,
            "book_valuer_per_share_4q_avg": 23.1,
            "equity": 3786623,
            "current_ratio": 163.83,
            "debt_ratio": 34.01,
            "inventory_turnover_ratio": 1.65,
            "account_receivable_turnover_ratio": 1.42,
            "reinvestment_rate": 710.94,
            "research_to_sale_ratio": 1.33,
            "price_fair": 58.8,
            "eps_avg_yearly": 1.68,
            "eps_latest_yearly": 1.44,
            "eps_growth_yearly": 2340.35
        },
        "20113": {
            "year_quarter": 20113,
            "year": 2011,
            "quarter": 3,
            "eps": 0.74,
            "eps_growth_year": -0.87,
            "eps_4q": 2.06,
            "eps_4q_growth_year": 23.99,
            "roe": 2.85,
            "roe_4q": 7.8500000000000005,
            "gross_profit": 266232,
            "gross_margin": 15.36,
            "gross_margin_4q_avg": 13.11,
            "net_income": 112908,
            "revenue": 1733222,
            "common_shares": 1625757,
            "book_valuer_per_share": 24.77,
            "book_valuer_per_share_4q_avg": 23.44,
            "equity": 4131255,
            "current_ratio": 163.26,
            "debt_ratio": 35.06,
            "inventory_turnover_ratio": 1.71,
            "account_receivable_turnover_ratio": 1.46,
            "reinvestment_rate": 747.11,
            "research_to_sale_ratio": 0.97,
            "price_fair": 58.42,
            "eps_avg_yearly": 1.67,
            "eps_latest_yearly": 2.96,
            "eps_growth_yearly": 2346.8
        },
        "20114": {
            "year_quarter": 20114,
            "year": 2011,
            "quarter": 4,
            "eps": 0.96,
            "eps_growth_year": 40.73,
            "eps_4q": 2.34,
            "eps_4q_growth_year": 10.37,
            "roe": 3.72,
            "roe_4q": 8.99,
            "gross_profit": 269906,
            "gross_margin": 14.82,
            "gross_margin_4q_avg": 13.56,
            "net_income": 156390,
            "revenue": 1820691,
            "common_shares": 1625757,
            "book_valuer_per_share": 25.62,
            "book_valuer_per_share_4q_avg": 24.12,
            "equity": 4270356,
            "current_ratio": 168.66,
            "debt_ratio": 34.4,
            "inventory_turnover_ratio": 1.64,
            "account_receivable_turnover_ratio": 1.4,
            "reinvestment_rate": 16.42,
            "research_to_sale_ratio": 1.16,
            "price_fair": 65.55,
            "eps_avg_yearly": 1.87,
            "eps_latest_yearly": 3.84,
            "eps_growth_yearly": 2375.09
        },
        "20121": {
            "year_quarter": 20121,
            "year": 2012,
            "quarter": 1,
            "eps": 0.65,
            "eps_growth_year": 140.74,
            "eps_4q": 2.71,
            "eps_4q_growth_year": 27.98,
            "roe": 2.45,
            "roe_4q": 10.37,
            "gross_profit": 200977,
            "gross_margin": 14.36,
            "gross_margin_4q_avg": 14.24,
            "net_income": 105342,
            "revenue": 1399525,
            "common_shares": 1625757,
            "book_valuer_per_share": 25.92,
            "book_valuer_per_share_4q_avg": 24.74,
            "equity": 4317770,
            "current_ratio": 178.93,
            "debt_ratio": 32.6,
            "inventory_turnover_ratio": 1.22,
            "account_receivable_turnover_ratio": 1.15,
            "reinvestment_rate": 17.99,
            "research_to_sale_ratio": 1.32,
            "price_fair": 73.69,
            "eps_avg_yearly": 2.11,
            "eps_latest_yearly": 2.6,
            "eps_growth_yearly": 2398.8
        },
        "20122": {
            "year_quarter": 20122,
            "year": 2012,
            "quarter": 2,
            "eps": 0.45,
            "eps_growth_year": 25.18,
            "eps_4q": 2.8,
            "eps_4q_growth_year": 35.59,
            "roe": 1.58,
            "roe_4q": 10.6,
            "gross_profit": 234313,
            "gross_margin": 13.17,
            "gross_margin_4q_avg": 14.43,
            "net_income": 67331,
            "revenue": 1779237,
            "common_shares": 1625757,
            "book_valuer_per_share": 25.31,
            "book_valuer_per_share_4q_avg": 25.41,
            "equity": 4211748,
            "current_ratio": 170.22,
            "debt_ratio": 35.42,
            "inventory_turnover_ratio": 1.52,
            "account_receivable_turnover_ratio": 1.48,
            "reinvestment_rate": 20.01,
            "research_to_sale_ratio": 0.92,
            "price_fair": 74.45,
            "eps_avg_yearly": 2.13,
            "eps_latest_yearly": 1.8,
            "eps_growth_yearly": 1005.79
        },
        "20123": {
            "year_quarter": 20123,
            "year": 2012,
            "quarter": 3,
            "eps": 1.25,
            "eps_growth_year": 68.8,
            "eps_4q": 3.31,
            "eps_4q_growth_year": 60.74,
            "roe": 4.72,
            "roe_4q": 12.47,
            "gross_profit": 351303,
            "gross_margin": 16.27,
            "gross_margin_4q_avg": 14.66,
            "net_income": 201657,
            "revenue": 2159635,
            "common_shares": 1625757,
            "book_valuer_per_share": 26.03,
            "book_valuer_per_share_4q_avg": 25.72,
            "equity": 4325752,
            "current_ratio": 177.54,
            "debt_ratio": 36.17,
            "inventory_turnover_ratio": 1.8,
            "account_receivable_turnover_ratio": 1.61,
            "reinvestment_rate": 0.04,
            "research_to_sale_ratio": 1,
            "price_fair": 82.83,
            "eps_avg_yearly": 2.37,
            "eps_latest_yearly": 5,
            "eps_growth_yearly": 981.24
        },
        "20124": {
            "year_quarter": 20124,
            "year": 2012,
            "quarter": 4,
            "eps": 0.22,
            "eps_growth_year": -77.49,
            "eps_4q": 2.57,
            "eps_4q_growth_year": 9.67,
            "roe": 0.94,
            "roe_4q": 9.690000000000001,
            "gross_profit": 156311,
            "gross_margin": 10.58,
            "gross_margin_4q_avg": 13.6,
            "net_income": 40759,
            "revenue": 1477216,
            "common_shares": 1625757,
            "book_valuer_per_share": 26.08,
            "book_valuer_per_share_4q_avg": 25.84,
            "equity": 4339930,
            "current_ratio": 189.62,
            "debt_ratio": 32,
            "inventory_turnover_ratio": 1.45,
            "account_receivable_turnover_ratio": 1.22,
            "reinvestment_rate": 7.22,
            "research_to_sale_ratio": 1.16,
            "price_fair": 78.83,
            "eps_avg_yearly": 2.25,
            "eps_latest_yearly": 0.88,
            "eps_growth_yearly": 880.4
        },
        "20131": {
            "year_quarter": 20131,
            "year": 2013,
            "quarter": 1,
            "eps": 0.03,
            "eps_growth_year": -95.38,
            "eps_4q": 1.95,
            "eps_4q_growth_year": -28.13,
            "roe": 0.2,
            "roe_4q": 7.4399999999999995,
            "gross_profit": 108327,
            "gross_margin": 9.21,
            "gross_margin_4q_avg": 12.31,
            "net_income": 8859,
            "revenue": 1175757,
            "common_shares": 1625757,
            "book_valuer_per_share": 26.55,
            "book_valuer_per_share_4q_avg": 25.99,
            "equity": 4426362,
            "current_ratio": 196.65,
            "debt_ratio": 30.44,
            "inventory_turnover_ratio": 1.31,
            "account_receivable_turnover_ratio": 1.32,
            "reinvestment_rate": 17.67,
            "research_to_sale_ratio": 1.72,
            "price_fair": 73.5,
            "eps_avg_yearly": 2.1,
            "eps_latest_yearly": 0.12,
            "eps_growth_yearly": 792.84
        },
        "20132": {
            "year_quarter": 20132,
            "year": 2013,
            "quarter": 2,
            "eps": 0.17,
            "eps_growth_year": -62.4,
            "eps_4q": 1.67,
            "eps_4q_growth_year": -40.54,
            "roe": 0.62,
            "roe_4q": 6.4799999999999995,
            "gross_profit": 143101,
            "gross_margin": 10.43,
            "gross_margin_4q_avg": 11.62,
            "net_income": 26799,
            "revenue": 1372313,
            "common_shares": 1625757,
            "book_valuer_per_share": 25.39,
            "book_valuer_per_share_4q_avg": 26.01,
            "equity": 4239036,
            "current_ratio": 166,
            "debt_ratio": 34.02,
            "inventory_turnover_ratio": 1.55,
            "account_receivable_turnover_ratio": 1.55,
            "reinvestment_rate": 32.15,
            "research_to_sale_ratio": 1.35,
            "price_fair": 70.19,
            "eps_avg_yearly": 2.01,
            "eps_latest_yearly": 0.68,
            "eps_growth_yearly": 864.43
        },
        "20133": {
            "year_quarter": 20133,
            "year": 2013,
            "quarter": 3,
            "eps": 0.13,
            "eps_growth_year": -89.6,
            "eps_4q": 0.54,
            "eps_4q_growth_year": -83.61,
            "roe": 0.44,
            "roe_4q": 2.2,
            "gross_profit": 161621,
            "gross_margin": 10.96,
            "gross_margin_4q_avg": 10.3,
            "net_income": 18504,
            "revenue": 1474777,
            "common_shares": 1625757,
            "book_valuer_per_share": 25.23,
            "book_valuer_per_share_4q_avg": 25.81,
            "equity": 4210385,
            "current_ratio": 170.24,
            "debt_ratio": 34.19,
            "inventory_turnover_ratio": 1.69,
            "account_receivable_turnover_ratio": 1.45,
            "reinvestment_rate": 42.97,
            "research_to_sale_ratio": 1.31,
            "price_fair": 66.94,
            "eps_avg_yearly": 1.91,
            "eps_latest_yearly": 0.52,
            "eps_growth_yearly": 804.52
        },
        "20134": {
            "year_quarter": 20134,
            "year": 2013,
            "quarter": 4,
            "eps": 0.13,
            "eps_growth_year": -39.32,
            "eps_4q": 0.46,
            "eps_4q_growth_year": -82.16,
            "roe": 0.62,
            "roe_4q": 1.8800000000000001,
            "gross_profit": 158259,
            "gross_margin": 11.33,
            "gross_margin_4q_avg": 10.48,
            "net_income": 26380,
            "revenue": 1397219,
            "common_shares": 1625757,
            "book_valuer_per_share": 25.61,
            "book_valuer_per_share_4q_avg": 25.7,
            "equity": 4279669,
            "current_ratio": 182.35,
            "debt_ratio": 32.2,
            "inventory_turnover_ratio": 1.64,
            "account_receivable_turnover_ratio": 1.4,
            "reinvestment_rate": 43.9,
            "research_to_sale_ratio": 1.43,
            "price_fair": 65.71,
            "eps_avg_yearly": 1.88,
            "eps_latest_yearly": 0.52,
            "eps_growth_yearly": 154.52
        },
        "20141": {
            "year_quarter": 20141,
            "year": 2014,
            "quarter": 1,
            "eps": -0.26,
            "eps_growth_year": -966.67,
            "eps_4q": 0.17,
            "eps_4q_growth_year": -91.36,
            "roe": -1.04,
            "roe_4q": 0.6399999999999999,
            "gross_profit": 77198,
            "gross_margin": 7.39,
            "gross_margin_4q_avg": 10.03,
            "net_income": -44505,
            "revenue": 1045081,
            "common_shares": 1625757,
            "book_valuer_per_share": 25.66,
            "book_valuer_per_share_4q_avg": 25.47,
            "equity": 4286821,
            "current_ratio": 189.79,
            "debt_ratio": 33.05,
            "inventory_turnover_ratio": 1.36,
            "account_receivable_turnover_ratio": 1.16,
            "reinvestment_rate": 49.39,
            "research_to_sale_ratio": 1.79,
            "price_fair": 67.2,
            "eps_avg_yearly": 1.92,
            "eps_latest_yearly": 0.52,
            "eps_growth_yearly": 160.87
        },
        "20142": {
            "year_quarter": 20142,
            "year": 2014,
            "quarter": 2,
            "eps": -0.08,
            "eps_growth_year": -147.06,
            "eps_4q": -0.08,
            "eps_4q_growth_year": -104.59,
            "roe": -0.24,
            "roe_4q": -0.22000000000000003,
            "gross_profit": 48878,
            "gross_margin": 4.41,
            "gross_margin_4q_avg": 8.52,
            "net_income": -10184,
            "revenue": 1107487,
            "common_shares": 1625757,
            "book_valuer_per_share": 24.64,
            "book_valuer_per_share_4q_avg": 25.29,
            "equity": 4120371,
            "current_ratio": 184.19,
            "debt_ratio": 33.68,
            "inventory_turnover_ratio": 1.55,
            "account_receivable_turnover_ratio": 1.31,
            "reinvestment_rate": 44.08,
            "research_to_sale_ratio": 2,
            "price_fair": 67.9,
            "eps_avg_yearly": 1.94,
            "eps_latest_yearly": 0.52,
            "eps_growth_yearly": 163.15
        },
        "20143": {
            "year_quarter": 20143,
            "year": 2014,
            "quarter": 3,
            "eps": 0.01,
            "eps_growth_year": -92.31,
            "eps_4q": -0.19,
            "eps_4q_growth_year": -135.12,
            "roe": 0.14,
            "roe_4q": -0.5200000000000001,
            "gross_profit": 108485,
            "gross_margin": 9.61,
            "gross_margin_4q_avg": 8.19,
            "net_income": 5676,
            "revenue": 1128672,
            "common_shares": 1625757,
            "book_valuer_per_share": 24.96,
            "book_valuer_per_share_4q_avg": 25.22,
            "equity": 4178839,
            "current_ratio": 191.5,
            "debt_ratio": 32.24,
            "inventory_turnover_ratio": 1.49,
            "account_receivable_turnover_ratio": 1.32,
            "reinvestment_rate": 54.25,
            "research_to_sale_ratio": 0.96,
            "price_fair": 65.05,
            "eps_avg_yearly": 1.86,
            "eps_latest_yearly": 0.52,
            "eps_growth_yearly": 150.18
        },
        "20144": {
            "year_quarter": 20144,
            "year": 2014,
            "quarter": 4,
            "eps": -0.53,
            "eps_growth_year": -504.84,
            "eps_4q": -0.86,
            "eps_4q_growth_year": -286.78,
            "roe": -2.13,
            "roe_4q": -3.2699999999999996,
            "gross_profit": 25027,
            "gross_margin": 2.53,
            "gross_margin_4q_avg": 5.99,
            "net_income": -89573,
            "revenue": 988216,
            "common_shares": 1625757,
            "book_valuer_per_share": 25.22,
            "book_valuer_per_share_4q_avg": 25.12,
            "equity": 4223194,
            "current_ratio": 190.84,
            "debt_ratio": 32.36,
            "inventory_turnover_ratio": 1.31,
            "account_receivable_turnover_ratio": 1.19,
            "reinvestment_rate": 71.75,
            "research_to_sale_ratio": 2.42,
            "price_fair": 62.53,
            "eps_avg_yearly": 1.79,
            "eps_latest_yearly": 0.52,
            "eps_growth_yearly": 165.8
        },
        "20151": {
            "year_quarter": 20151,
            "year": 2015,
            "quarter": 1,
            "eps": -0.16,
            "eps_growth_year": null,
            "eps_4q": -0.76,
            "eps_4q_growth_year": -551.04,
            "roe": -0.77,
            "roe_4q": -3,
            "gross_profit": 56029,
            "gross_margin": 5.95,
            "gross_margin_4q_avg": 5.63,
            "net_income": -32107,
            "revenue": 941544,
            "common_shares": 1625757,
            "book_valuer_per_share": 24.82,
            "book_valuer_per_share_4q_avg": 24.91,
            "equity": 4149888,
            "current_ratio": 197.26,
            "debt_ratio": 30.69,
            "inventory_turnover_ratio": 1.16,
            "account_receivable_turnover_ratio": 1.28,
            "reinvestment_rate": 54.84,
            "research_to_sale_ratio": 2.16,
            "price_fair": 64.78,
            "eps_avg_yearly": 1.85,
            "eps_latest_yearly": 0.52,
            "eps_growth_yearly": 202.8
        },
        "20152": {
            "year_quarter": 20152,
            "year": 2015,
            "quarter": 2,
            "eps": 0.03,
            "eps_growth_year": null,
            "eps_4q": -0.66,
            "eps_4q_growth_year": null,
            "roe": -0.12,
            "roe_4q": -2.88,
            "gross_profit": 67465,
            "gross_margin": 6.56,
            "gross_margin_4q_avg": 6.16,
            "net_income": -4779,
            "revenue": 1028289,
            "common_shares": 1625757,
            "book_valuer_per_share": 24.59,
            "book_valuer_per_share_4q_avg": 24.9,
            "equity": 4103590,
            "current_ratio": 184.24,
            "debt_ratio": 32.3,
            "inventory_turnover_ratio": 1.27,
            "account_receivable_turnover_ratio": 1.4,
            "reinvestment_rate": 36.46,
            "research_to_sale_ratio": 1.74,
            "price_fair": 66.22,
            "eps_avg_yearly": 1.89,
            "eps_latest_yearly": 0.52,
            "eps_growth_yearly": 209.75
        },
        "20153": {
            "year_quarter": 20153,
            "year": 2015,
            "quarter": 3,
            "eps": -0.25,
            "eps_growth_year": -2600,
            "eps_4q": -0.92,
            "eps_4q_growth_year": null,
            "roe": -1.19,
            "roe_4q": -4.21,
            "gross_profit": 112243,
            "gross_margin": 9.68,
            "gross_margin_4q_avg": 6.18,
            "net_income": -49069,
            "revenue": 1159171,
            "common_shares": 1625757,
            "book_valuer_per_share": 25.09,
            "book_valuer_per_share_4q_avg": 24.93,
            "equity": 4177593,
            "current_ratio": 181.37,
            "debt_ratio": 33.47,
            "inventory_turnover_ratio": 1.36,
            "account_receivable_turnover_ratio": 1.39,
            "reinvestment_rate": -18.74,
            "research_to_sale_ratio": 2.62,
            "price_fair": 62.07,
            "eps_avg_yearly": 1.77,
            "eps_latest_yearly": 0.52,
            "eps_growth_yearly": 186.14
        },
        "20154": {
            "year_quarter": 20154,
            "year": 2015,
            "quarter": 4,
            "eps": -0.39,
            "eps_growth_year": null,
            "eps_4q": -0.78,
            "eps_4q_growth_year": null,
            "roe": -2.55,
            "roe_4q": -4.63,
            "gross_profit": 67340,
            "gross_margin": 6.42,
            "gross_margin_4q_avg": 7.15,
            "net_income": -104589,
            "revenue": 1049730,
            "common_shares": 1625757,
            "book_valuer_per_share": 24.41,
            "book_valuer_per_share_4q_avg": 24.73,
            "equity": 4024574,
            "current_ratio": 191.03,
            "debt_ratio": 33.26,
            "inventory_turnover_ratio": 1.24,
            "account_receivable_turnover_ratio": 1.25,
            "reinvestment_rate": -91.04,
            "research_to_sale_ratio": 3.13,
            "price_fair": 53.03,
            "eps_avg_yearly": 1.52,
            "eps_latest_yearly": 0.52,
            "eps_growth_yearly": 194.55
        },
        "20161": {
            "year_quarter": 20161,
            "year": 2016,
            "quarter": 1,
            "eps": -0.04,
            "eps_growth_year": null,
            "eps_4q": -0.66,
            "eps_4q_growth_year": null,
            "roe": -0.3,
            "roe_4q": -4.159999999999999,
            "gross_profit": 73186,
            "gross_margin": 7.95,
            "gross_margin_4q_avg": 7.65,
            "net_income": -11943,
            "revenue": 920996,
            "common_shares": 1625757,
            "book_valuer_per_share": 24.05,
            "book_valuer_per_share_4q_avg": 24.54,
            "equity": 3959979,
            "current_ratio": 205.04,
            "debt_ratio": 29.92,
            "inventory_turnover_ratio": 1.11,
            "account_receivable_turnover_ratio": 1.27,
            "reinvestment_rate": -148.38,
            "research_to_sale_ratio": 3.07,
            "price_fair": 47.6,
            "eps_avg_yearly": 1.36,
            "eps_latest_yearly": 0.52,
            "eps_growth_yearly": 240.79
        },
        "20162": {
            "year_quarter": 20162,
            "year": 2016,
            "quarter": 2,
            "eps": -0.24,
            "eps_growth_year": -900,
            "eps_4q": -0.92,
            "eps_4q_growth_year": null,
            "roe": -1.62,
            "roe_4q": -5.66,
            "gross_profit": 87226,
            "gross_margin": 8.96,
            "gross_margin_4q_avg": 8.25,
            "net_income": -63502,
            "revenue": 973726,
            "common_shares": 1625757,
            "book_valuer_per_share": 23.62,
            "book_valuer_per_share_4q_avg": 24.29,
            "equity": 3862942,
            "current_ratio": 204.2,
            "debt_ratio": 29.87,
            "inventory_turnover_ratio": 1.17,
            "account_receivable_turnover_ratio": 1.35,
            "reinvestment_rate": -13338.43,
            "research_to_sale_ratio": 2.8,
            "price_fair": 45.03,
            "eps_avg_yearly": 1.29,
            "eps_latest_yearly": 0.52,
            "eps_growth_yearly": 301.43
        },
        "20163": {
            "year_quarter": 20163,
            "year": 2016,
            "quarter": 3,
            "eps": 0.29,
            "eps_growth_year": null,
            "eps_4q": -0.38,
            "eps_4q_growth_year": null,
            "roe": 1.05,
            "roe_4q": -3.42,
            "gross_profit": 131203,
            "gross_margin": 11.71,
            "gross_margin_4q_avg": 8.76,
            "net_income": 40193,
            "revenue": 1120705,
            "common_shares": 1625757,
            "book_valuer_per_share": 23.31,
            "book_valuer_per_share_4q_avg": 23.85,
            "equity": 3804294,
            "current_ratio": 190.48,
            "debt_ratio": 33.27,
            "inventory_turnover_ratio": 1.34,
            "account_receivable_turnover_ratio": 1.28,
            "reinvestment_rate": null,
            "research_to_sale_ratio": 2.55,
            "price_fair": 19.04,
            "eps_avg_yearly": 0.54,
            "eps_latest_yearly": 0.52,
            "eps_growth_yearly": 219.5
        },
        "20164": {
            "year_quarter": 20164,
            "year": 2016,
            "quarter": 4,
            "eps": 0.01,
            "eps_growth_year": null,
            "eps_4q": 0.02,
            "eps_4q_growth_year": null,
            "roe": -0.18,
            "roe_4q": -1.05,
            "gross_profit": 90613,
            "gross_margin": 9.17,
            "gross_margin_4q_avg": 9.45,
            "net_income": -6750,
            "revenue": 988304,
            "common_shares": 1625757,
            "book_valuer_per_share": 23.43,
            "book_valuer_per_share_4q_avg": 23.6,
            "equity": 3814514,
            "current_ratio": 190.73,
            "debt_ratio": 32.94,
            "inventory_turnover_ratio": 1.26,
            "account_receivable_turnover_ratio": 1.09,
            "reinvestment_rate": null,
            "research_to_sale_ratio": 2.82,
            "price_fair": 13.16,
            "eps_avg_yearly": 0.38,
            "eps_latest_yearly": 0.04,
            "eps_growth_yearly": 208.18
        },
        "20171": {
            "year_quarter": 20171,
            "year": 2017,
            "quarter": 1,
            "eps": 0.01,
            "eps_growth_year": null,
            "eps_4q": 0.07,
            "eps_4q_growth_year": null,
            "roe": -0.06,
            "roe_4q": -0.81,
            "gross_profit": 64531,
            "gross_margin": 7.24,
            "gross_margin_4q_avg": 9.27,
            "net_income": -2337,
            "revenue": 891033,
            "common_shares": 1625757,
            "book_valuer_per_share": 22.42,
            "book_valuer_per_share_4q_avg": 23.2,
            "equity": 3646794,
            "current_ratio": 196.69,
            "debt_ratio": 30.18,
            "inventory_turnover_ratio": 1.17,
            "account_receivable_turnover_ratio": 1.13,
            "reinvestment_rate": null,
            "research_to_sale_ratio": 3.49,
            "price_fair": 12.6,
            "eps_avg_yearly": 0.36,
            "eps_latest_yearly": 0.04,
            "eps_growth_yearly": 277.27
        },
        "20172": {
            "year_quarter": 20172,
            "year": 2017,
            "quarter": 2,
            "eps": -0.32,
            "eps_growth_year": null,
            "eps_4q": -0.01,
            "eps_4q_growth_year": null,
            "roe": -1.55,
            "roe_4q": -0.74,
            "gross_profit": 51070,
            "gross_margin": 5.4,
            "gross_margin_4q_avg": 8.38,
            "net_income": -55895,
            "revenue": 945614,
            "common_shares": 1625757,
            "book_valuer_per_share": 22,
            "book_valuer_per_share_4q_avg": 22.79,
            "equity": 3575684,
            "current_ratio": 179.88,
            "debt_ratio": 32.88,
            "inventory_turnover_ratio": 1.36,
            "account_receivable_turnover_ratio": 1.21,
            "reinvestment_rate": null,
            "research_to_sale_ratio": 3.56,
            "price_fair": 0.84,
            "eps_avg_yearly": 0.28,
            "eps_latest_yearly": 0.04,
            "eps_growth_yearly": -120.08
        },
        "20173": {
            "year_quarter": 20173,
            "year": 2017,
            "quarter": 3,
            "eps": -0.2,
            "eps_growth_year": -168.97,
            "eps_4q": -0.5,
            "eps_4q_growth_year": null,
            "roe": -0.97,
            "roe_4q": -2.7600000000000002,
            "gross_profit": 60934,
            "gross_margin": 6.1,
            "gross_margin_4q_avg": 6.98,
            "net_income": -34705,
            "revenue": 998375,
            "common_shares": 1625757,
            "book_valuer_per_share": 21.99,
            "book_valuer_per_share_4q_avg": 22.46,
            "equity": 3581562,
            "current_ratio": 199,
            "debt_ratio": 30.51,
            "inventory_turnover_ratio": 1.49,
            "account_receivable_turnover_ratio": 1.18,
            "reinvestment_rate": null,
            "research_to_sale_ratio": 2.89,
            "price_fair": 0.6,
            "eps_avg_yearly": 0.2,
            "eps_latest_yearly": 0.04,
            "eps_growth_yearly": -128.74
        },
        "20174": {
            "year_quarter": 20174,
            "year": 2017,
            "quarter": 4,
            "eps": -0.34,
            "eps_growth_year": -6659.51,
            "eps_4q": -0.84,
            "eps_4q_growth_year": -4148.35,
            "roe": -1.36,
            "roe_4q": -3.94,
            "gross_profit": 35883,
            "gross_margin": 4.37,
            "gross_margin_4q_avg": 5.78,
            "net_income": -48161,
            "revenue": 820332,
            "common_shares": 1630229,
            "book_valuer_per_share": 21.41,
            "book_valuer_per_share_4q_avg": 21.96,
            "equity": 3494164,
            "current_ratio": 191.62,
            "debt_ratio": 31.13,
            "inventory_turnover_ratio": 1.19,
            "account_receivable_turnover_ratio": 1.03,
            "reinvestment_rate": null,
            "research_to_sale_ratio": 3.33,
            "price_fair": 0.12,
            "eps_avg_yearly": 0.04,
            "eps_latest_yearly": 0.04,
            "eps_growth_yearly": -193.1
        },
        "20181": {
            "year_quarter": 20181,
            "year": 2018,
            "quarter": 1,
            "eps": -0.27,
            "eps_growth_year": -2800,
            "eps_4q": -1.13,
            "eps_4q_growth_year": -1698.68,
            "roe": -1.27,
            "roe_4q": -5.1499999999999995,
            "gross_profit": 18737,
            "gross_margin": 2.5,
            "gross_margin_4q_avg": 4.59,
            "net_income": -44153,
            "revenue": 749668,
            "common_shares": 1630279,
            "book_valuer_per_share": 21.12,
            "book_valuer_per_share_4q_avg": 21.63,
            "equity": 3448079,
            "current_ratio": 195.84,
            "debt_ratio": 28.82,
            "inventory_turnover_ratio": 1.01,
            "account_receivable_turnover_ratio": 1.13,
            "reinvestment_rate": null,
            "research_to_sale_ratio": 2.92,
            "price_fair": 0.12,
            "eps_avg_yearly": 0.04,
            "eps_latest_yearly": 0.04,
            "eps_growth_yearly": -193.1
        },
        "20182": {
            "year_quarter": 20182,
            "year": 2018,
            "quarter": 2,
            "eps": -0.36,
            "eps_growth_year": null,
            "eps_4q": -1.17,
            "eps_4q_growth_year": null,
            "roe": -1.08,
            "roe_4q": -4.68,
            "gross_profit": 7150,
            "gross_margin": 0.8,
            "gross_margin_4q_avg": 3.44,
            "net_income": -37316,
            "revenue": 893600,
            "common_shares": 1630309,
            "book_valuer_per_share": 21.06,
            "book_valuer_per_share_4q_avg": 21.4,
            "equity": 3458711,
            "current_ratio": 204.72,
            "debt_ratio": 30.09,
            "inventory_turnover_ratio": 1.17,
            "account_receivable_turnover_ratio": 1.32,
            "reinvestment_rate": null,
            "research_to_sale_ratio": 3.26,
            "price_fair": 0.12,
            "eps_avg_yearly": 0.04,
            "eps_latest_yearly": 0.04,
            "eps_growth_yearly": -193.1
        },
        "20183": {
            "year_quarter": 20183,
            "year": 2018,
            "quarter": 3,
            "eps": 0.51,
            "eps_growth_year": null,
            "eps_4q": -0.46,
            "eps_4q_growth_year": null,
            "roe": 3.19,
            "roe_4q": -0.5200000000000002,
            "gross_profit": 108499,
            "gross_margin": 10.35,
            "gross_margin_4q_avg": 4.51,
            "net_income": 111318,
            "revenue": 1048105,
            "common_shares": 1630424,
            "book_valuer_per_share": 21.17,
            "book_valuer_per_share_4q_avg": 21.19,
            "equity": 3511011,
            "current_ratio": 222.3,
            "debt_ratio": 27.7,
            "inventory_turnover_ratio": 1.26,
            "account_receivable_turnover_ratio": 1.35,
            "reinvestment_rate": null,
            "research_to_sale_ratio": 2.76,
            "price_fair": 0.12,
            "eps_avg_yearly": 0.04,
            "eps_latest_yearly": 0.04,
            "eps_growth_yearly": -193.1
        },
        "20184": {
            "year_quarter": 20184,
            "year": 2018,
            "quarter": 4,
            "eps": -0.32,
            "eps_growth_year": null,
            "eps_4q": -0.45,
            "eps_4q_growth_year": null,
            "roe": -1.51,
            "roe_4q": -0.6700000000000002,
            "gross_profit": 42275,
            "gross_margin": 5.11,
            "gross_margin_4q_avg": 4.69,
            "net_income": -52631,
            "revenue": 826916,
            "common_shares": 1631079,
            "book_valuer_per_share": 20.93,
            "book_valuer_per_share_4q_avg": 21.07,
            "equity": 3471917,
            "current_ratio": 229.48,
            "debt_ratio": 26.4,
            "inventory_turnover_ratio": 1.04,
            "account_receivable_turnover_ratio": 1.12,
            "reinvestment_rate": null,
            "research_to_sale_ratio": 4.82,
            "price_fair": 0.12,
            "eps_avg_yearly": 0.04,
            "eps_latest_yearly": 0.04,
            "eps_growth_yearly": -193.1
        },
        "20191": {
            "year_quarter": 20191,
            "year": 2019,
            "quarter": 1,
            "eps": -0.43,
            "eps_growth_year": null,
            "eps_4q": -0.61,
            "eps_4q_growth_year": null,
            "roe": -2.05,
            "roe_4q": -1.4499999999999997,
            "gross_profit": 34696,
            "gross_margin": 4.5,
            "gross_margin_4q_avg": 5.19,
            "net_income": -70475,
            "revenue": 771207,
            "common_shares": 1631199,
            "book_valuer_per_share": 20.81,
            "book_valuer_per_share_4q_avg": 20.99,
            "equity": 3398862,
            "current_ratio": 231.66,
            "debt_ratio": 26.13,
            "inventory_turnover_ratio": 0.96,
            "account_receivable_turnover_ratio": 1.22,
            "reinvestment_rate": null,
            "research_to_sale_ratio": 4.09,
            "price_fair": 0.12,
            "eps_avg_yearly": 0.04,
            "eps_latest_yearly": 0.04,
            "eps_growth_yearly": -193.1
        },
        "20192": {
            "year_quarter": 20192,
            "year": 2019,
            "quarter": 2,
            "eps": -0.33,
            "eps_growth_year": null,
            "eps_4q": -0.58,
            "eps_4q_growth_year": null,
            "roe": -1.62,
            "roe_4q": -1.9899999999999998,
            "gross_profit": 19771,
            "gross_margin": 2.36,
            "gross_margin_4q_avg": 5.58,
            "net_income": -54673,
            "revenue": 838598,
            "common_shares": 1631199,
            "book_valuer_per_share": 20.41,
            "book_valuer_per_share_4q_avg": 20.83,
            "equity": 3333964,
            "current_ratio": 237.47,
            "debt_ratio": 25.62,
            "inventory_turnover_ratio": 1.12,
            "account_receivable_turnover_ratio": 1.29,
            "reinvestment_rate": null,
            "research_to_sale_ratio": 4.01,
            "price_fair": 0.12,
            "eps_avg_yearly": 0.04,
            "eps_latest_yearly": 0.04,
            "eps_growth_yearly": -193.1
        },
        "20193": {
            "year_quarter": 20193,
            "year": 2019,
            "quarter": 3,
            "eps": 0.06,
            "eps_growth_year": -88.24,
            "eps_4q": -1.03,
            "eps_4q_growth_year": null,
            "roe": 0.19,
            "roe_4q": -4.99,
            "gross_profit": 62779,
            "gross_margin": 6.71,
            "gross_margin_4q_avg": 4.67,
            "net_income": 6254,
            "revenue": 936135,
            "common_shares": 1631199,
            "book_valuer_per_share": 20.18,
            "book_valuer_per_share_4q_avg": 20.58,
            "equity": 3291721,
            "current_ratio": 221.88,
            "debt_ratio": 27.31,
            "inventory_turnover_ratio": 1.29,
            "account_receivable_turnover_ratio": 1.23,
            "reinvestment_rate": null,
            "research_to_sale_ratio": 3.45,
            "price_fair": 0.12,
            "eps_avg_yearly": 0.04,
            "eps_latest_yearly": 0.04,
            "eps_growth_yearly": -193.1
        },
        "20194": {
            "year_quarter": 20194,
            "year": 2019,
            "quarter": 4,
            "eps": 0.01,
            "eps_growth_year": null,
            "eps_4q": -0.7,
            "eps_4q_growth_year": null,
            "roe": 0.27,
            "roe_4q": -3.21,
            "gross_profit": 80197,
            "gross_margin": 9.48,
            "gross_margin_4q_avg": 5.76,
            "net_income": 8725,
            "revenue": 845669,
            "common_shares": 1631349,
            "book_valuer_per_share": 19.7,
            "book_valuer_per_share_4q_avg": 20.28,
            "equity": 3218586,
            "current_ratio": 219.24,
            "debt_ratio": 26.57,
            "inventory_turnover_ratio": 1.18,
            "account_receivable_turnover_ratio": 1.12,
            "reinvestment_rate": null,
            "research_to_sale_ratio": 3.36,
            "price_fair": 0.12,
            "eps_avg_yearly": 0.04,
            "eps_latest_yearly": 0.04,
            "eps_growth_yearly": -239.85
        },
        "20201": {
            "year_quarter": 20201,
            "year": 2020,
            "quarter": 1,
            "eps": -0.23,
            "eps_growth_year": null,
            "eps_4q": -0.49,
            "eps_4q_growth_year": null,
            "roe": -1.15,
            "roe_4q": -2.31,
            "gross_profit": 23706,
            "gross_margin": 4.09,
            "gross_margin_4q_avg": 5.66,
            "net_income": -36772,
            "revenue": 579201,
            "common_shares": 1631389,
            "book_valuer_per_share": 19.43,
            "book_valuer_per_share_4q_avg": 19.93,
            "equity": 3170390,
            "current_ratio": 220.27,
            "debt_ratio": 25.51,
            "inventory_turnover_ratio": 0.84,
            "account_receivable_turnover_ratio": 0.93,
            "reinvestment_rate": null,
            "research_to_sale_ratio": 5.11,
            "price_fair": 0.12,
            "eps_avg_yearly": 0.04,
            "eps_latest_yearly": 0.04,
            "eps_growth_yearly": -239.85
        },
        "20202": {
            "year_quarter": 20202,
            "year": 2020,
            "quarter": 2,
            "eps": -0.32,
            "eps_growth_year": null,
            "eps_4q": -0.48,
            "eps_4q_growth_year": null,
            "roe": -1.69,
            "roe_4q": -2.38,
            "gross_profit": 4480,
            "gross_margin": 0.73,
            "gross_margin_4q_avg": 5.25,
            "net_income": -52732,
            "revenue": 611900,
            "common_shares": 1631469,
            "book_valuer_per_share": 18.9,
            "book_valuer_per_share_4q_avg": 19.55,
            "equity": 3083474,
            "current_ratio": 213.63,
            "debt_ratio": 27.17,
            "inventory_turnover_ratio": 0.9,
            "account_receivable_turnover_ratio": 1.14,
            "reinvestment_rate": null,
            "research_to_sale_ratio": 4.36,
            "price_fair": 0.12,
            "eps_avg_yearly": 0.04,
            "eps_latest_yearly": 0.04,
            "eps_growth_yearly": -239.85
        },
        "20203": {
            "year_quarter": 20203,
            "year": 2020,
            "quarter": 3,
            "eps": -0.3,
            "eps_growth_year": -600,
            "eps_4q": -0.84,
            "eps_4q_growth_year": null,
            "roe": -1.61,
            "roe_4q": -4.18,
            "gross_profit": 49889,
            "gross_margin": 5.66,
            "gross_margin_4q_avg": 4.99,
            "net_income": -49350,
            "revenue": 881706,
            "common_shares": 1631469,
            "book_valuer_per_share": 18.68,
            "book_valuer_per_share_4q_avg": 19.18,
            "equity": 3047095,
            "current_ratio": 196.41,
            "debt_ratio": 32.63,
            "inventory_turnover_ratio": 1.27,
            "account_receivable_turnover_ratio": 1.27,
            "reinvestment_rate": null,
            "research_to_sale_ratio": 4.08,
            "price_fair": 0.12,
            "eps_avg_yearly": 0.04,
            "eps_latest_yearly": 0.04,
            "eps_growth_yearly": -239.85
        },
        "20204": {
            "year_quarter": 20204,
            "year": 2020,
            "quarter": 4,
            "eps": -0.48,
            "eps_growth_year": -4111.73,
            "eps_4q": -1.33,
            "eps_4q_growth_year": null,
            "roe": -2.58,
            "roe_4q": -7.030000000000001,
            "gross_profit": 43327,
            "gross_margin": 4.78,
            "gross_margin_4q_avg": 3.82,
            "net_income": -77938,
            "revenue": 906355,
            "common_shares": 1631469,
            "book_valuer_per_share": 18.35,
            "book_valuer_per_share_4q_avg": 18.84,
            "equity": 2992939,
            "current_ratio": 179.93,
            "debt_ratio": 34.82,
            "inventory_turnover_ratio": 1.31,
            "account_receivable_turnover_ratio": 1.09,
            "reinvestment_rate": null,
            "research_to_sale_ratio": 3.4,
            "price_fair": 0.12,
            "eps_avg_yearly": 0.04,
            "eps_latest_yearly": 0.04,
            "eps_growth_yearly": -166.67
        },
        "20211": {
            "year_quarter": 20211,
            "year": 2021,
            "quarter": 1,
            "eps": -0.25,
            "eps_growth_year": null,
            "eps_4q": -1.35,
            "eps_4q_growth_year": null,
            "roe": -1.36,
            "roe_4q": -7.24,
            "gross_profit": 41131,
            "gross_margin": 5.02,
            "gross_margin_4q_avg": 4.05,
            "net_income": -40691,
            "revenue": 819814,
            "common_shares": 1631469,
            "book_valuer_per_share": 18.25,
            "book_valuer_per_share_4q_avg": 18.55,
            "equity": 2978201,
            "current_ratio": 182.11,
            "debt_ratio": 34.25,
            "inventory_turnover_ratio": 1.11,
            "account_receivable_turnover_ratio": 1.04,
            "reinvestment_rate": null,
            "research_to_sale_ratio": 3.91,
            "price_fair": 0.12,
            "eps_avg_yearly": 0.04,
            "eps_latest_yearly": 0.04,
            "eps_growth_yearly": -333.33
        },
        "20212": {
            "year_quarter": 20212,
            "year": 2021,
            "quarter": 2,
            "eps": -0.41,
            "eps_growth_year": null,
            "eps_4q": -1.44,
            "eps_4q_growth_year": null,
            "roe": -2.3,
            "roe_4q": -7.8500000000000005,
            "gross_profit": 10022,
            "gross_margin": 1.18,
            "gross_margin_4q_avg": 4.16,
            "net_income": -67168,
            "revenue": 848572,
            "common_shares": 1631469,
            "book_valuer_per_share": 17.61,
            "book_valuer_per_share_4q_avg": 18.22,
            "equity": 2872976,
            "current_ratio": 167.34,
            "debt_ratio": 36.34,
            "inventory_turnover_ratio": 1.1,
            "account_receivable_turnover_ratio": 1.1,
            "reinvestment_rate": null,
            "research_to_sale_ratio": 4.01,
            "price_fair": 0.12,
            "eps_avg_yearly": 0.04,
            "eps_latest_yearly": 0.04,
            "eps_growth_yearly": -333.33
        },
        "20213": {
            "year_quarter": 20213,
            "year": 2021,
            "quarter": 3,
            "eps": -0.37,
            "eps_growth_year": null,
            "eps_4q": -1.42,
            "eps_4q_growth_year": null,
            "roe": -2.02,
            "roe_4q": -8.260000000000002,
            "gross_profit": 54313,
            "gross_margin": 6.03,
            "gross_margin_4q_avg": 4.25,
            "net_income": -60944,
            "revenue": 900833,
            "common_shares": 1741469,
            "book_valuer_per_share": 18.15,
            "book_valuer_per_share_4q_avg": 18.09,
            "equity": 3160542,
            "current_ratio": 248.55,
            "debt_ratio": 34.51,
            "inventory_turnover_ratio": 1.05,
            "account_receivable_turnover_ratio": 1.14,
            "reinvestment_rate": null,
            "research_to_sale_ratio": 4.02,
            "price_fair": 0.12,
            "eps_avg_yearly": 0.04,
            "eps_latest_yearly": 0.04,
            "eps_growth_yearly": -333.33
        },
        "20214": {
            "year_quarter": 20214,
            "year": 2021,
            "quarter": 4,
            "eps": 0.11,
            "eps_growth_year": null,
            "eps_4q": -0.86,
            "eps_4q_growth_year": null,
            "roe": 0.58,
            "roe_4q": -5.1,
            "gross_profit": 96118,
            "gross_margin": 9.2,
            "gross_margin_4q_avg": 5.36,
            "net_income": 18339,
            "revenue": 1044442,
            "common_shares": 1741469,
            "book_valuer_per_share": 18.31,
            "book_valuer_per_share_4q_avg": 18.08,
            "equity": 3188268,
            "current_ratio": 278.47,
            "debt_ratio": 31.05,
            "inventory_turnover_ratio": 1.17,
            "account_receivable_turnover_ratio": 1.15,
            "reinvestment_rate": null,
            "research_to_sale_ratio": 3,
            "price_fair": 0.12,
            "eps_avg_yearly": 0.04,
            "eps_latest_yearly": 0.04,
            "eps_growth_yearly": -333.33
        },
        "20221": {
            "year_quarter": 20221,
            "year": 2022,
            "quarter": 1,
            "eps": 0.01,
            "eps_growth_year": null,
            "eps_4q": -0.63,
            "eps_4q_growth_year": null,
            "roe": 0.02,
            "roe_4q": -3.7199999999999998,
            "gross_profit": 83954,
            "gross_margin": 9.41,
            "gross_margin_4q_avg": 6.46,
            "net_income": 543,
            "revenue": 892584,
            "common_shares": 1742286,
            "book_valuer_per_share": 18.61,
            "book_valuer_per_share_4q_avg": 18.17,
            "equity": 3242276,
            "current_ratio": 299.79,
            "debt_ratio": 29.34,
            "inventory_turnover_ratio": 1.01,
            "account_receivable_turnover_ratio": 0.92,
            "reinvestment_rate": null,
            "research_to_sale_ratio": 3.44,
            "price_fair": 0.12,
            "eps_avg_yearly": 0.04,
            "eps_latest_yearly": 0.04,
            "eps_growth_yearly": -348.48
        },
        "20222": {
            "year_quarter": 20222,
            "year": 2022,
            "quarter": 2,
            "eps": 0.07,
            "eps_growth_year": null,
            "eps_4q": -0.18,
            "eps_4q_growth_year": null,
            "roe": 0.35,
            "roe_4q": -1.07,
            "gross_profit": 69965,
            "gross_margin": 7.48,
            "gross_margin_4q_avg": 8.03,
            "net_income": 11350,
            "revenue": 935511,
            "common_shares": 1742286,
            "book_valuer_per_share": 18.11,
            "book_valuer_per_share_4q_avg": 18.3,
            "equity": 3155749,
            "current_ratio": 252.41,
            "debt_ratio": 32.37,
            "inventory_turnover_ratio": 1.11,
            "account_receivable_turnover_ratio": 1.01,
            "reinvestment_rate": null,
            "research_to_sale_ratio": 4,
            "price_fair": 4.2,
            "eps_avg_yearly": 0.12,
            "eps_latest_yearly": 0.28,
            "eps_growth_yearly": 567.68
        },
        "20223": {
            "year_quarter": 20223,
            "year": 2022,
            "quarter": 3,
            "eps": 0.2,
            "eps_growth_year": null,
            "eps_4q": 0.38,
            "eps_4q_growth_year": null,
            "roe": 1.11,
            "roe_4q": 2.06,
            "gross_profit": 65769,
            "gross_margin": 7.37,
            "gross_margin_4q_avg": 8.37,
            "net_income": 35423,
            "revenue": 892209,
            "common_shares": 1742286,
            "book_valuer_per_share": 18.53,
            "book_valuer_per_share_4q_avg": 18.39,
            "equity": 3228543,
            "current_ratio": 271.23,
            "debt_ratio": 30.5,
            "inventory_turnover_ratio": 1.13,
            "account_receivable_turnover_ratio": 0.9,
            "reinvestment_rate": null,
            "research_to_sale_ratio": 3.75,
            "price_fair": 10.15,
            "eps_avg_yearly": 0.29,
            "eps_latest_yearly": 0.8,
            "eps_growth_yearly": 611.47
        },
        "20224": {
            "year_quarter": 20224,
            "year": 2022,
            "quarter": 4,
            "eps": 0.1,
            "eps_growth_year": -3.92,
            "eps_4q": 0.37,
            "eps_4q_growth_year": null,
            "roe": 0.55,
            "roe_4q": 2.0300000000000002,
            "gross_profit": 94816,
            "gross_margin": 11.01,
            "gross_margin_4q_avg": 8.82,
            "net_income": 17628,
            "revenue": 861174,
            "common_shares": 1742286,
            "book_valuer_per_share": 18.54,
            "book_valuer_per_share_4q_avg": 18.45,
            "equity": 3230068,
            "current_ratio": 284.77,
            "debt_ratio": 29.46,
            "inventory_turnover_ratio": 1.11,
            "account_receivable_turnover_ratio": 0.84,
            "reinvestment_rate": null,
            "research_to_sale_ratio": 3.68,
            "price_fair": 10.92,
            "eps_avg_yearly": 0.31,
            "eps_latest_yearly": 0.4,
            "eps_growth_yearly": 449.18
        },
        "20231": {
            "year_quarter": 20231,
            "year": 2023,
            "quarter": 1,
            "eps": -0.26,
            "eps_growth_year": -2700,
            "eps_4q": 0.11,
            "eps_4q_growth_year": null,
            "roe": -1.45,
            "roe_4q": 0.5600000000000002,
            "gross_profit": 62700,
            "gross_margin": 8.93,
            "gross_margin_4q_avg": 8.7,
            "net_income": -45560,
            "revenue": 702301,
            "common_shares": 1742286,
            "book_valuer_per_share": 17.62,
            "book_valuer_per_share_4q_avg": 18.2,
            "equity": 3069354,
            "current_ratio": 253.92,
            "debt_ratio": 31.44,
            "inventory_turnover_ratio": 0.94,
            "account_receivable_turnover_ratio": 0.77,
            "reinvestment_rate": null,
            "research_to_sale_ratio": 3.48,
            "price_fair": 10.92,
            "eps_avg_yearly": 0.31,
            "eps_latest_yearly": 0.4,
            "eps_growth_yearly": 449.18
        }
    },
    "months": {
        "2002-12": {
            "month": "2002-12",
            "price": "93.50",
            "revenue": 121582
        },
        "2003-01": {
            "month": "2003-01",
            "price": "88.05",
            "revenue": 104102
        },
        "2003-02": {
            "month": "2003-02",
            "price": "79.41",
            "revenue": 84142
        },
        "2003-03": {
            "month": "2003-03",
            "price": "83.90",
            "revenue": 108743
        },
        "2003-04": {
            "month": "2003-04",
            "price": "86.34",
            "revenue": 115578
        },
        "2003-05": {
            "month": "2003-05",
            "price": "90.83",
            "revenue": 146027
        },
        "2003-06": {
            "month": "2003-06",
            "price": "103.52",
            "revenue": 140197
        },
        "2003-07": {
            "month": "2003-07",
            "price": "126.07",
            "revenue": 145191
        },
        "2003-08": {
            "month": "2003-08",
            "price": "121.95",
            "revenue": 148342
        },
        "2003-09": {
            "month": "2003-09",
            "price": "156.93",
            "revenue": 146913
        },
        "2003-10": {
            "month": "2003-10",
            "price": "136.57",
            "revenue": 163381
        },
        "2003-11": {
            "month": "2003-11",
            "price": "133.42",
            "revenue": 133952
        },
        "2003-12": {
            "month": "2003-12",
            "price": "130.26",
            "revenue": 136824
        },
        "2004-01": {
            "month": "2004-01",
            "price": "138.53",
            "revenue": 93345
        },
        "2004-02": {
            "month": "2004-02",
            "price": "145.52",
            "revenue": 133201
        },
        "2004-03": {
            "month": "2004-03",
            "price": "147.50",
            "revenue": 164954
        },
        "2004-04": {
            "month": "2004-04",
            "price": "148.16",
            "revenue": 159282
        },
        "2004-05": {
            "month": "2004-05",
            "price": "124.90",
            "revenue": 177318
        },
        "2004-06": {
            "month": "2004-06",
            "price": "104.48",
            "revenue": 170791
        },
        "2004-07": {
            "month": "2004-07",
            "price": "87.32",
            "revenue": 178873
        },
        "2004-08": {
            "month": "2004-08",
            "price": "90.55",
            "revenue": 195957
        },
        "2004-09": {
            "month": "2004-09",
            "price": "94.31",
            "revenue": 191494
        },
        "2004-10": {
            "month": "2004-10",
            "price": "86.15",
            "revenue": 194626
        },
        "2004-11": {
            "month": "2004-11",
            "price": "89.06",
            "revenue": 186545
        },
        "2004-12": {
            "month": "2004-12",
            "price": "88.57",
            "revenue": 207961
        },
        "2005-01": {
            "month": "2005-01",
            "price": "91.36",
            "revenue": 205095
        },
        "2005-02": {
            "month": "2005-02",
            "price": "109.27",
            "revenue": 139797
        },
        "2005-03": {
            "month": "2005-03",
            "price": "111.85",
            "revenue": 173410
        },
        "2005-04": {
            "month": "2005-04",
            "price": "103.89",
            "revenue": 163659
        },
        "2005-05": {
            "month": "2005-05",
            "price": "98.07",
            "revenue": 163784
        },
        "2005-06": {
            "month": "2005-06",
            "price": "102.22",
            "revenue": 148157
        },
        "2005-07": {
            "month": "2005-07",
            "price": "97.48",
            "revenue": 176515
        },
        "2005-08": {
            "month": "2005-08",
            "price": "85.36",
            "revenue": 184099
        },
        "2005-09": {
            "month": "2005-09",
            "price": "81.60",
            "revenue": 217727
        },
        "2005-10": {
            "month": "2005-10",
            "price": "73.34",
            "revenue": 190145
        },
        "2005-11": {
            "month": "2005-11",
            "price": "74.29",
            "revenue": 208176
        },
        "2005-12": {
            "month": "2005-12",
            "price": "89.05",
            "revenue": 201930
        },
        "2006-01": {
            "month": "2006-01",
            "price": "86.55",
            "revenue": 158974
        },
        "2006-02": {
            "month": "2006-02",
            "price": "79.66",
            "revenue": 171267
        },
        "2006-03": {
            "month": "2006-03",
            "price": "80.63",
            "revenue": 211358
        },
        "2006-04": {
            "month": "2006-04",
            "price": "85.81",
            "revenue": 174256
        },
        "2006-05": {
            "month": "2006-05",
            "price": "79.82",
            "revenue": 183213
        },
        "2006-06": {
            "month": "2006-06",
            "price": "68.51",
            "revenue": 225825
        },
        "2006-07": {
            "month": "2006-07",
            "price": "66.86",
            "revenue": 196945
        },
        "2006-08": {
            "month": "2006-08",
            "price": "60.77",
            "revenue": 180546
        },
        "2006-09": {
            "month": "2006-09",
            "price": "58.45",
            "revenue": 182377
        },
        "2006-10": {
            "month": "2006-10",
            "price": "57.37",
            "revenue": 160366
        },
        "2006-11": {
            "month": "2006-11",
            "price": "51.40",
            "revenue": 127039
        },
        "2006-12": {
            "month": "2006-12",
            "price": "49.43",
            "revenue": 196852
        },
        "2007-01": {
            "month": "2007-01",
            "price": "56.07",
            "revenue": 184292
        },
        "2007-02": {
            "month": "2007-02",
            "price": "55.60",
            "revenue": 110117
        },
        "2007-03": {
            "month": "2007-03",
            "price": "51.37",
            "revenue": 144882
        },
        "2007-04": {
            "month": "2007-04",
            "price": "54.58",
            "revenue": 130705
        },
        "2007-05": {
            "month": "2007-05",
            "price": "48.81",
            "revenue": 131089
        },
        "2007-06": {
            "month": "2007-06",
            "price": "50.48",
            "revenue": 177526
        },
        "2007-07": {
            "month": "2007-07",
            "price": "50.75",
            "revenue": 170666
        },
        "2007-08": {
            "month": "2007-08",
            "price": "41.06",
            "revenue": 165001
        },
        "2007-09": {
            "month": "2007-09",
            "price": "39.87",
            "revenue": 177647
        },
        "2007-10": {
            "month": "2007-10",
            "price": "39.15",
            "revenue": 176005
        },
        "2007-11": {
            "month": "2007-11",
            "price": "33.53",
            "revenue": 157021
        },
        "2007-12": {
            "month": "2007-12",
            "price": "28.06",
            "revenue": 144853
        },
        "2008-01": {
            "month": "2008-01",
            "price": "25.21",
            "revenue": 197174
        },
        "2008-02": {
            "month": "2008-02",
            "price": "24.19",
            "revenue": 77082
        },
        "2008-03": {
            "month": "2008-03",
            "price": "26.25",
            "revenue": 157200
        },
        "2008-04": {
            "month": "2008-04",
            "price": "31.66",
            "revenue": 110135
        },
        "2008-05": {
            "month": "2008-05",
            "price": "29.50",
            "revenue": 124059
        },
        "2008-06": {
            "month": "2008-06",
            "price": "26.46",
            "revenue": 110439
        },
        "2008-07": {
            "month": "2008-07",
            "price": "21.17",
            "revenue": 149914
        },
        "2008-08": {
            "month": "2008-08",
            "price": "21.95",
            "revenue": 158197
        },
        "2008-09": {
            "month": "2008-09",
            "price": "18.55",
            "revenue": 190267
        },
        "2008-10": {
            "month": "2008-10",
            "price": "14.61",
            "revenue": 193020
        },
        "2008-11": {
            "month": "2008-11",
            "price": "10.84",
            "revenue": 129419
        },
        "2008-12": {
            "month": "2008-12",
            "price": "9.40",
            "revenue": 121687
        },
        "2009-01": {
            "month": "2009-01",
            "price": "9.66",
            "revenue": 100944
        },
        "2009-02": {
            "month": "2009-02",
            "price": "10.39",
            "revenue": 78229
        },
        "2009-03": {
            "month": "2009-03",
            "price": "12.73",
            "revenue": 131712
        },
        "2009-04": {
            "month": "2009-04",
            "price": "14.77",
            "revenue": 225113
        },
        "2009-05": {
            "month": "2009-05",
            "price": "14.55",
            "revenue": 286062
        },
        "2009-06": {
            "month": "2009-06",
            "price": "18.12",
            "revenue": 367368
        },
        "2009-07": {
            "month": "2009-07",
            "price": "22.77",
            "revenue": 366141
        },
        "2009-08": {
            "month": "2009-08",
            "price": "19.12",
            "revenue": 396883
        },
        "2009-09": {
            "month": "2009-09",
            "price": "18.50",
            "revenue": 384076
        },
        "2009-10": {
            "month": "2009-10",
            "price": "19.23",
            "revenue": 374915
        },
        "2009-11": {
            "month": "2009-11",
            "price": "17.94",
            "revenue": 380164
        },
        "2009-12": {
            "month": "2009-12",
            "price": "20.65",
            "revenue": 364679
        },
        "2010-01": {
            "month": "2010-01",
            "price": "24.40",
            "revenue": 324601
        },
        "2010-02": {
            "month": "2010-02",
            "price": "23.32",
            "revenue": 241223
        },
        "2010-03": {
            "month": "2010-03",
            "price": "25.40",
            "revenue": 380443
        },
        "2010-04": {
            "month": "2010-04",
            "price": "28.24",
            "revenue": 422317
        },
        "2010-05": {
            "month": "2010-05",
            "price": "34.12",
            "revenue": 414603
        },
        "2010-06": {
            "month": "2010-06",
            "price": "34.53",
            "revenue": 452921
        },
        "2010-07": {
            "month": "2010-07",
            "price": "34.47",
            "revenue": 434110
        },
        "2010-08": {
            "month": "2010-08",
            "price": "30.97",
            "revenue": 486452
        },
        "2010-09": {
            "month": "2010-09",
            "price": "33.11",
            "revenue": 518781
        },
        "2010-10": {
            "month": "2010-10",
            "price": "32.34",
            "revenue": 507528
        },
        "2010-11": {
            "month": "2010-11",
            "price": "30.37",
            "revenue": 524556
        },
        "2010-12": {
            "month": "2010-12",
            "price": "40.11",
            "revenue": 506364
        },
        "2011-01": {
            "month": "2011-01",
            "price": "54.14",
            "revenue": 439423
        },
        "2011-02": {
            "month": "2011-02",
            "price": "53.38",
            "revenue": 296035
        },
        "2011-03": {
            "month": "2011-03",
            "price": "48.14",
            "revenue": 463349
        },
        "2011-04": {
            "month": "2011-04",
            "price": "45.23",
            "revenue": 419391
        },
        "2011-05": {
            "month": "2011-05",
            "price": "40.52",
            "revenue": 485085
        },
        "2011-06": {
            "month": "2011-06",
            "price": "45.36",
            "revenue": 477205
        },
        "2011-07": {
            "month": "2011-07",
            "price": "47.33",
            "revenue": 521755
        },
        "2011-08": {
            "month": "2011-08",
            "price": "46.70",
            "revenue": 609751
        },
        "2011-09": {
            "month": "2011-09",
            "price": "41.77",
            "revenue": 574431
        },
        "2011-10": {
            "month": "2011-10",
            "price": "40.06",
            "revenue": 651393
        },
        "2011-11": {
            "month": "2011-11",
            "price": "37.43",
            "revenue": 603439
        },
        "2011-12": {
            "month": "2011-12",
            "price": "31.11",
            "revenue": 578371
        },
        "2012-01": {
            "month": "2012-01",
            "price": "33.40",
            "revenue": 321733
        },
        "2012-02": {
            "month": "2012-02",
            "price": "42.59",
            "revenue": 469200
        },
        "2012-03": {
            "month": "2012-03",
            "price": "45.92",
            "revenue": 600084
        },
        "2012-04": {
            "month": "2012-04",
            "price": "43.31",
            "revenue": 582047
        },
        "2012-05": {
            "month": "2012-05",
            "price": "45.24",
            "revenue": 597573
        },
        "2012-06": {
            "month": "2012-06",
            "price": "42.65",
            "revenue": 584789
        },
        "2012-07": {
            "month": "2012-07",
            "price": "42.48",
            "revenue": 656632
        },
        "2012-08": {
            "month": "2012-08",
            "price": "45.07",
            "revenue": 683223
        },
        "2012-09": {
            "month": "2012-09",
            "price": "43.22",
            "revenue": 748826
        },
        "2012-10": {
            "month": "2012-10",
            "price": "41.80",
            "revenue": 606063
        },
        "2012-11": {
            "month": "2012-11",
            "price": "33.43",
            "revenue": 488307
        },
        "2012-12": {
            "month": "2012-12",
            "price": "31.89",
            "revenue": 405160
        },
        "2013-01": {
            "month": "2013-01",
            "price": "34.33",
            "revenue": 486076
        },
        "2013-02": {
            "month": "2013-02",
            "price": "36.67",
            "revenue": 260904
        },
        "2013-03": {
            "month": "2013-03",
            "price": "37.93",
            "revenue": 425965
        },
        "2013-04": {
            "month": "2013-04",
            "price": "35.32",
            "revenue": 435670
        },
        "2013-05": {
            "month": "2013-05",
            "price": "36.18",
            "revenue": 495771
        },
        "2013-06": {
            "month": "2013-06",
            "price": "34.85",
            "revenue": 447910
        },
        "2013-07": {
            "month": "2013-07",
            "price": "31.06",
            "revenue": 505085
        },
        "2013-08": {
            "month": "2013-08",
            "price": "29.72",
            "revenue": 489827
        },
        "2013-09": {
            "month": "2013-09",
            "price": "29.88",
            "revenue": 476713
        },
        "2013-10": {
            "month": "2013-10",
            "price": "30.20",
            "revenue": 512629
        },
        "2013-11": {
            "month": "2013-11",
            "price": "29.29",
            "revenue": 473062
        },
        "2013-12": {
            "month": "2013-12",
            "price": "29.14",
            "revenue": 415525
        },
        "2014-01": {
            "month": "2014-01",
            "price": "30.32",
            "revenue": 373327
        },
        "2014-02": {
            "month": "2014-02",
            "price": "29.74",
            "revenue": 281183
        },
        "2014-03": {
            "month": "2014-03",
            "price": "29.41",
            "revenue": 392038
        },
        "2014-04": {
            "month": "2014-04",
            "price": "29.29",
            "revenue": 377177
        },
        "2014-05": {
            "month": "2014-05",
            "price": "26.40",
            "revenue": 365019
        },
        "2014-06": {
            "month": "2014-06",
            "price": "24.90",
            "revenue": 364716
        },
        "2014-07": {
            "month": "2014-07",
            "price": "27.29",
            "revenue": 388463
        },
        "2014-08": {
            "month": "2014-08",
            "price": "26.37",
            "revenue": 361651
        },
        "2014-09": {
            "month": "2014-09",
            "price": "26.44",
            "revenue": 380036
        },
        "2014-10": {
            "month": "2014-10",
            "price": "22.79",
            "revenue": 321844
        },
        "2014-11": {
            "month": "2014-11",
            "price": "20.58",
            "revenue": 339197
        },
        "2014-12": {
            "month": "2014-12",
            "price": "22.22",
            "revenue": 323376
        },
        "2015-01": {
            "month": "2015-01",
            "price": "22.87",
            "revenue": 362416
        },
        "2015-02": {
            "month": "2015-02",
            "price": "24.73",
            "revenue": 238977
        },
        "2015-03": {
            "month": "2015-03",
            "price": "23.70",
            "revenue": 343719
        },
        "2015-04": {
            "month": "2015-04",
            "price": "22.14",
            "revenue": 347273
        },
        "2015-05": {
            "month": "2015-05",
            "price": "19.35",
            "revenue": 322634
        },
        "2015-06": {
            "month": "2015-06",
            "price": "15.64",
            "revenue": 354977
        },
        "2015-07": {
            "month": "2015-07",
            "price": "15.35",
            "revenue": 392902
        },
        "2015-08": {
            "month": "2015-08",
            "price": "15.62",
            "revenue": 377592
        },
        "2015-09": {
            "month": "2015-09",
            "price": "15.94",
            "revenue": 388141
        },
        "2015-10": {
            "month": "2015-10",
            "price": "17.08",
            "revenue": 366931
        },
        "2015-11": {
            "month": "2015-11",
            "price": "16.25",
            "revenue": 344604
        },
        "2015-12": {
            "month": "2015-12",
            "price": "14.96",
            "revenue": 342926
        },
        "2016-01": {
            "month": "2016-01",
            "price": "14.14",
            "revenue": 360659
        },
        "2016-02": {
            "month": "2016-02",
            "price": "17.24",
            "revenue": 208399
        },
        "2016-03": {
            "month": "2016-03",
            "price": "17.01",
            "revenue": 350815
        },
        "2016-04": {
            "month": "2016-04",
            "price": "15.32",
            "revenue": 316864
        },
        "2016-05": {
            "month": "2016-05",
            "price": "14.09",
            "revenue": 323635
        },
        "2016-06": {
            "month": "2016-06",
            "price": "15.78",
            "revenue": 335324
        },
        "2016-07": {
            "month": "2016-07",
            "price": "17.21",
            "revenue": 334003
        },
        "2016-08": {
            "month": "2016-08",
            "price": "17.78",
            "revenue": 373280
        },
        "2016-09": {
            "month": "2016-09",
            "price": "22.36",
            "revenue": 412357
        },
        "2016-10": {
            "month": "2016-10",
            "price": "23.75",
            "revenue": 342073
        },
        "2016-11": {
            "month": "2016-11",
            "price": "20.52",
            "revenue": 332344
        },
        "2016-12": {
            "month": "2016-12",
            "price": "20.47",
            "revenue": 317703
        },
        "2017-01": {
            "month": "2017-01",
            "price": "20.91",
            "revenue": 283761
        },
        "2017-02": {
            "month": "2017-02",
            "price": "22.37",
            "revenue": 267054
        },
        "2017-03": {
            "month": "2017-03",
            "price": "28.13",
            "revenue": 339225
        },
        "2017-04": {
            "month": "2017-04",
            "price": "30.34",
            "revenue": 297008
        },
        "2017-05": {
            "month": "2017-05",
            "price": "30.52",
            "revenue": 317079
        },
        "2017-06": {
            "month": "2017-06",
            "price": "27.43",
            "revenue": 330976
        },
        "2017-07": {
            "month": "2017-07",
            "price": "27.51",
            "revenue": 341989
        },
        "2017-08": {
            "month": "2017-08",
            "price": "35.23",
            "revenue": 345587
        },
        "2017-09": {
            "month": "2017-09",
            "price": "50.98",
            "revenue": 311266
        },
        "2017-10": {
            "month": "2017-10",
            "price": "47.37",
            "revenue": 282062
        },
        "2017-11": {
            "month": "2017-11",
            "price": "40.43",
            "revenue": 294427
        },
        "2017-12": {
            "month": "2017-12",
            "price": "36.60",
            "revenue": 249299
        },
        "2018-01": {
            "month": "2018-01",
            "price": "35.65",
            "revenue": 293713
        },
        "2018-02": {
            "month": "2018-02",
            "price": "36.02",
            "revenue": 170255
        },
        "2018-03": {
            "month": "2018-03",
            "price": "36.07",
            "revenue": 287081
        },
        "2018-04": {
            "month": "2018-04",
            "price": "33.49",
            "revenue": 254416
        },
        "2018-05": {
            "month": "2018-05",
            "price": "29.82",
            "revenue": 321258
        },
        "2018-06": {
            "month": "2018-06",
            "price": "35.72",
            "revenue": 314353
        },
        "2018-07": {
            "month": "2018-07",
            "price": "32.49",
            "revenue": 357111
        },
        "2018-08": {
            "month": "2018-08",
            "price": "32.23",
            "revenue": 385982
        },
        "2018-09": {
            "month": "2018-09",
            "price": "29.49",
            "revenue": 305769
        },
        "2018-10": {
            "month": "2018-10",
            "price": "24.36",
            "revenue": 291882
        },
        "2018-11": {
            "month": "2018-11",
            "price": "26.39",
            "revenue": 299236
        },
        "2018-12": {
            "month": "2018-12",
            "price": "28.77",
            "revenue": 243925
        },
        "2019-01": {
            "month": "2019-01",
            "price": "29.37",
            "revenue": 335650
        },
        "2019-02": {
            "month": "2019-02",
            "price": "32.39",
            "revenue": 174223
        },
        "2019-03": {
            "month": "2019-03",
            "price": "33.64",
            "revenue": 260346
        },
        "2019-04": {
            "month": "2019-04",
            "price": "32.28",
            "revenue": 264510
        },
        "2019-05": {
            "month": "2019-05",
            "price": "28.80",
            "revenue": 292506
        },
        "2019-06": {
            "month": "2019-06",
            "price": "29.15",
            "revenue": 279639
        },
        "2019-07": {
            "month": "2019-07",
            "price": "31.01",
            "revenue": 306942
        },
        "2019-08": {
            "month": "2019-08",
            "price": "28.69",
            "revenue": 319179
        },
        "2019-09": {
            "month": "2019-09",
            "price": "29.49",
            "revenue": 317626
        },
        "2019-10": {
            "month": "2019-10",
            "price": "29.01",
            "revenue": 301172
        },
        "2019-11": {
            "month": "2019-11",
            "price": "28.42",
            "revenue": 303100
        },
        "2019-12": {
            "month": "2019-12",
            "price": "29.60",
            "revenue": 242958
        },
        "2020-01": {
            "month": "2020-01",
            "price": "29.00",
            "revenue": 186566
        },
        "2020-02": {
            "month": "2020-02",
            "price": "25.56",
            "revenue": 153840
        },
        "2020-03": {
            "month": "2020-03",
            "price": "19.47",
            "revenue": 240693
        },
        "2020-04": {
            "month": "2020-04",
            "price": "20.64",
            "revenue": 231895
        },
        "2020-05": {
            "month": "2020-05",
            "price": "22.48",
            "revenue": 200924
        },
        "2020-06": {
            "month": "2020-06",
            "price": "26.02",
            "revenue": 179194
        },
        "2020-07": {
            "month": "2020-07",
            "price": "32.40",
            "revenue": 283253
        },
        "2020-08": {
            "month": "2020-08",
            "price": "36.69",
            "revenue": 285958
        },
        "2020-09": {
            "month": "2020-09",
            "price": "35.64",
            "revenue": 314350
        },
        "2020-10": {
            "month": "2020-10",
            "price": "33.85",
            "revenue": 305414
        },
        "2020-11": {
            "month": "2020-11",
            "price": "33.22",
            "revenue": 285059
        },
        "2020-12": {
            "month": "2020-12",
            "price": "35.04",
            "revenue": 313874
        },
        "2021-01": {
            "month": "2021-01",
            "price": "35.68",
            "revenue": 322839
        },
        "2021-02": {
            "month": "2021-02",
            "price": "35.82",
            "revenue": 188500
        },
        "2021-03": {
            "month": "2021-03",
            "price": "37.24",
            "revenue": 311454
        },
        "2021-04": {
            "month": "2021-04",
            "price": "40.20",
            "revenue": 273106
        },
        "2021-05": {
            "month": "2021-05",
            "price": "32.82",
            "revenue": 295331
        },
        "2021-06": {
            "month": "2021-06",
            "price": "34.54",
            "revenue": 278484
        },
        "2021-07": {
            "month": "2021-07",
            "price": "35.31",
            "revenue": 284126
        },
        "2021-08": {
            "month": "2021-08",
            "price": "31.24",
            "revenue": 293193
        },
        "2021-09": {
            "month": "2021-09",
            "price": "28.82",
            "revenue": 323778
        },
        "2021-10": {
            "month": "2021-10",
            "price": "27.72",
            "revenue": 280865
        },
        "2021-11": {
            "month": "2021-11",
            "price": "33.02",
            "revenue": 386803
        },
        "2021-12": {
            "month": "2021-12",
            "price": "35.79",
            "revenue": 375476
        },
        "2022-01": {
            "month": "2022-01",
            "price": "34.12",
            "revenue": 311627
        },
        "2022-02": {
            "month": "2022-02",
            "price": "32.14",
            "revenue": 204595
        },
        "2022-03": {
            "month": "2022-03",
            "price": "29.72",
            "revenue": 374967
        },
        "2022-04": {
            "month": "2022-04",
            "price": "30.43",
            "revenue": 300583
        },
        "2022-05": {
            "month": "2022-05",
            "price": "28.99",
            "revenue": 335185
        },
        "2022-06": {
            "month": "2022-06",
            "price": "30.25",
            "revenue": 300611
        },
        "2022-07": {
            "month": "2022-07",
            "price": "28.99",
            "revenue": 293524
        },
        "2022-08": {
            "month": "2022-08",
            "price": "29.62",
            "revenue": 300256
        },
        "2022-09": {
            "month": "2022-09",
            "price": "27.48",
            "revenue": 296108
        },
        "2022-10": {
            "month": "2022-10",
            "price": "23.54",
            "revenue": 302808
        },
        "2022-11": {
            "month": "2022-11",
            "price": "25.75",
            "revenue": 249861
        },
        "2022-12": {
            "month": "2022-12",
            "price": "26.01",
            "revenue": 306588
        },
        "2023-01": {
            "month": "2023-01",
            "price": "24.75",
            "revenue": 193978
        },
        "2023-02": {
            "month": "2023-02",
            "price": "25.92",
            "revenue": 232691
        },
        "2023-03": {
            "month": "2023-03",
            "price": "26.31",
            "revenue": 276340
        },
        "2023-04": {
            "month": "2023-04",
            "price": "31.61",
            "revenue": 224567
        }
    }
}
