{
    "summary": {
        "stock_name": "慶生",
        "stock_id": "6210",
        "category": "電子零組件",
        "main_business": "單雙面及多層印刷電路板之製造、加工及買賣業務<br>電子零組件之製造、加工及買賣業務<br>前各項有關產品及原料之進出口及經銷買賣業務",
        "website_url": "http://www.kintech.com.tw",
        "ceo": "朱陳永慶",
        "pe_ratio": -13,
        "report_year_from": 2001,
        "report_year_to": 2023,
        "age": 23,
        "eps_negative_percentage": 17,
        "eps_growth_avg": {
            "last_all": -6.38,
            "last_2y": -60.5,
            "last_4y": -27.42,
            "last_8y": -21.57,
            "last_12y": -12.93,
            "last_16y": 0.34,
            "last_20y": -5.24,
            "at_2006_last_3y": -100,
            "at_2007_last_3y": 100,
            "at_2008_last_3y": 41.36,
            "at_2009_last_3y": 24.62,
            "at_2010_last_3y": 43.47,
            "at_2011_last_3y": 13.08,
            "at_2012_last_3y": 21.58,
            "at_2013_last_3y": 22.79,
            "at_2014_last_3y": 6.49,
            "at_2015_last_3y": 10.24,
            "at_2016_last_3y": -3.79,
            "at_2017_last_3y": 4.1,
            "at_2018_last_3y": -14.25,
            "at_2019_last_3y": 4.88,
            "at_2020_last_3y": 8.33,
            "at_2021_last_3y": -0.79,
            "at_2022_last_3y": -9.27,
            "at_2023_last_3y": -51.75,
            "at_2024_last_3y": -51.75,
            "at_2006_last_all": -63.47,
            "at_2007_last_all": -8.98,
            "at_2008_last_all": -11.06,
            "at_2009_last_all": -10.62,
            "at_2010_last_all": 7.82,
            "at_2011_last_all": 3.62,
            "at_2012_last_all": 5.26,
            "at_2013_last_all": 4.23,
            "at_2014_last_all": 7.29,
            "at_2015_last_all": 6.03,
            "at_2016_last_all": 2.25,
            "at_2017_last_all": 4.19,
            "at_2018_last_all": 1.13,
            "at_2019_last_all": 5.72,
            "at_2020_last_all": 3.77,
            "at_2021_last_all": 3.02,
            "at_2022_last_all": -1.18,
            "at_2023_last_all": -6.38,
            "at_2024_last_all": -6.38
        },
        "latest_eps": -2.29,
        "latest_price": 29.9,
        "latest_roe": -11.04,
        "latest_gross_margin": -36.48,
        "latest_equity": 656303,
        "latest_revenue": 68247,
        "latest_gross_profit": -24897,
        "latest_net_income": -28730,
        "latest_debt_ratio": 12.69,
        "latest_current_ratio": 538.66,
        "latest_account_receivable_turnover_ratio": 0.85,
        "latest_inventory_turnover_ratio": 2.19,
        "latest_reinvestment_rate": -1.21,
        "latest_research_to_sale_ratio": null
    },
    "eps_dividends": {
        "2000": {
            "cash": 0,
            "stock": 2,
            "eps": 0
        },
        "2001": {
            "cash": 0,
            "stock": 2,
            "eps": 1.93
        },
        "2002": {
            "cash": 0,
            "stock": 1.5,
            "eps": 1.41
        },
        "2003": {
            "cash": 0.1,
            "stock": 0.4,
            "eps": -1.56
        },
        "2004": {
            "cash": 0,
            "stock": 0,
            "eps": -1.37
        },
        "2005": {
            "cash": 0,
            "stock": 0,
            "eps": -0.42
        },
        "2006": {
            "cash": 0,
            "stock": 0,
            "eps": 0.75
        },
        "2007": {
            "cash": 0,
            "stock": 0,
            "eps": 1.91
        },
        "2008": {
            "cash": 0.45,
            "stock": 0,
            "eps": 1.58
        },
        "2009": {
            "cash": 0.7,
            "stock": 0,
            "eps": 1.44
        },
        "2010": {
            "cash": 1,
            "stock": 0,
            "eps": 4.87
        },
        "2011": {
            "cash": 4,
            "stock": 0,
            "eps": 3.82
        },
        "2012": {
            "cash": 3,
            "stock": 0,
            "eps": 4.46
        },
        "2013": {
            "cash": 3,
            "stock": 0,
            "eps": 4.28
        },
        "2014": {
            "cash": 3.5,
            "stock": 0,
            "eps": 5.77
        },
        "2015": {
            "cash": 4,
            "stock": 0,
            "eps": 5.39
        },
        "2016": {
            "cash": 4,
            "stock": 0,
            "eps": 3.27
        },
        "2017": {
            "cash": 2,
            "stock": 0,
            "eps": 4.17
        },
        "2018": {
            "cash": 3.5,
            "stock": 0,
            "eps": 2.56
        },
        "2019": {
            "cash": 2.6,
            "stock": 0,
            "eps": 4.35
        },
        "2020": {
            "cash": 3,
            "stock": 0,
            "eps": 3.24
        },
        "2021": {
            "cash": 3,
            "stock": 0,
            "eps": 2.95
        },
        "2022": {
            "cash": 3,
            "stock": 0,
            "eps": 0.81
        },
        "2023": {
            "cash": 2,
            "stock": 0,
            "eps": -2.18
        }
    },
    "dividends": {
        "2000-05-22": {
            "cash": 0,
            "stock": 2
        },
        "2001-06-14": {
            "cash": 0,
            "stock": 2
        },
        "2002-05-17": {
            "cash": 0,
            "stock": 1.5
        },
        "2003-06-26": {
            "cash": 0.1,
            "stock": 0.4
        },
        "2008-03-24": {
            "cash": 0.45,
            "stock": 0
        },
        "2009-03-31": {
            "cash": 0.7,
            "stock": 0
        },
        "2010-03-30": {
            "cash": 1,
            "stock": 0
        },
        "2011-03-25": {
            "cash": 4,
            "stock": 0
        },
        "2012-06-14": {
            "cash": 3,
            "stock": 0
        },
        "2013-06-21": {
            "cash": 3,
            "stock": 0
        },
        "2014-08-22": {
            "cash": 3.5,
            "stock": 0
        },
        "2015-08-28": {
            "cash": 4,
            "stock": 0
        },
        "2016-08-30": {
            "cash": 4,
            "stock": 0
        },
        "2017-08-31": {
            "cash": 2,
            "stock": 0
        },
        "2018-09-14": {
            "cash": 3.5,
            "stock": 0
        },
        "2019-09-12": {
            "cash": 2.6,
            "stock": 0
        },
        "2020-09-04": {
            "cash": 3,
            "stock": 0
        },
        "2021-09-03": {
            "cash": 3,
            "stock": 0
        },
        "2022-09-01": {
            "cash": 3,
            "stock": 0
        },
        "2023-09-01": {
            "cash": 2,
            "stock": 0
        }
    },
    "prices": {
        "200101": "無",
        "200102": "無",
        "200103": "無",
        "200104": "無",
        "200105": "無",
        "200106": "無",
        "200107": "無",
        "200108": "無",
        "200109": "無",
        "200110": "無",
        "200111": "無",
        "200112": "無",
        "200201": "無",
        "200202": "無",
        "200203": "無",
        "200204": "無",
        "200205": "無",
        "200206": "無",
        "200207": "無",
        "200208": "無",
        "200209": "無",
        "200210": "無",
        "200211": "無",
        "200212": "無",
        "200301": "無",
        "200302": "12.82",
        "200303": "10.95",
        "200304": "10.00",
        "200305": "6.67",
        "200306": "7.69",
        "200307": "7.71",
        "200308": "7.53",
        "200309": "6.18",
        "200310": "6.29",
        "200311": "6.90",
        "200312": "7.08",
        "200401": "7.28",
        "200402": "8.68",
        "200403": "8.37",
        "200404": "8.65",
        "200405": "7.95",
        "200406": "7.47",
        "200407": "6.75",
        "200408": "6.44",
        "200409": "5.15",
        "200410": "5.08",
        "200411": "4.86",
        "200412": "4.47",
        "200501": "3.97",
        "200502": "4.15",
        "200503": "4.20",
        "200504": "4.09",
        "200505": "4.13",
        "200506": "3.93",
        "200507": "3.82",
        "200508": "3.71",
        "200509": "3.52",
        "200510": "4.37",
        "200511": "4.36",
        "200512": "5.28",
        "200601": "7.03",
        "200602": "5.95",
        "200603": "5.43",
        "200604": "6.38",
        "200605": "8.73",
        "200606": "8.22",
        "200607": "7.37",
        "200608": "7.06",
        "200609": "6.31",
        "200610": "6.57",
        "200611": "7.27",
        "200612": "9.58",
        "200701": "9.76",
        "200702": "9.56",
        "200703": "10.18",
        "200704": "12.05",
        "200705": "13.13",
        "200706": "14.00",
        "200707": "14.74",
        "200708": "15.47",
        "200709": "18.78",
        "200710": "20.59",
        "200711": "19.99",
        "200712": "20.16",
        "200801": "19.99",
        "200802": "20.08",
        "200803": "24.93",
        "200804": "41.01",
        "200805": "35.29",
        "200806": "31.91",
        "200807": "29.84",
        "200808": "30.20",
        "200809": "27.50",
        "200810": "26.10",
        "200811": "23.72",
        "200812": "17.70",
        "200901": "13.35",
        "200902": "12.58",
        "200903": "18.18",
        "200904": "15.50",
        "200905": "14.10",
        "200906": "13.90",
        "200907": "16.28",
        "200908": "15.51",
        "200909": "15.28",
        "200910": "19.92",
        "200911": "17.00",
        "200912": "18.69",
        "201001": "18.54",
        "201002": "17.64",
        "201003": "24.72",
        "201004": "37.12",
        "201005": "36.97",
        "201006": "37.77",
        "201007": "41.79",
        "201008": "45.07",
        "201009": "47.61",
        "201010": "44.67",
        "201011": "42.22",
        "201012": "45.99",
        "201101": "47.01",
        "201102": "56.89",
        "201103": "57.70",
        "201104": "56.57",
        "201105": "51.35",
        "201106": "48.60",
        "201107": "46.85",
        "201108": "35.75",
        "201109": "33.86",
        "201110": "34.49",
        "201111": "41.40",
        "201112": "34.81",
        "201201": "32.65",
        "201202": "42.06",
        "201203": "46.57",
        "201204": "41.12",
        "201205": "45.58",
        "201206": "42.92",
        "201207": "40.87",
        "201208": "44.44",
        "201209": "52.28",
        "201210": "45.11",
        "201211": "38.96",
        "201212": "39.48",
        "201301": "41.37",
        "201302": "42.55",
        "201303": "42.77",
        "201304": "44.16",
        "201305": "45.55",
        "201306": "43.36",
        "201307": "44.04",
        "201308": "45.14",
        "201309": "46.06",
        "201310": "47.09",
        "201311": "44.61",
        "201312": "43.68",
        "201401": "45.80",
        "201402": "46.41",
        "201403": "46.51",
        "201404": "46.61",
        "201405": "45.39",
        "201406": "45.18",
        "201407": "45.86",
        "201408": "42.17",
        "201409": "40.70",
        "201410": "40.40",
        "201411": "43.43",
        "201412": "45.06",
        "201501": "46.70",
        "201502": "48.61",
        "201503": "56.11",
        "201504": "64.04",
        "201505": "64.64",
        "201506": "57.05",
        "201507": "50.79",
        "201508": "42.64",
        "201509": "41.22",
        "201510": "41.61",
        "201511": "43.85",
        "201512": "44.58",
        "201601": "42.29",
        "201602": "44.44",
        "201603": "47.08",
        "201604": "46.48",
        "201605": "43.64",
        "201606": "43.28",
        "201607": "44.63",
        "201608": "40.35",
        "201609": "38.83",
        "201610": "36.48",
        "201611": "32.70",
        "201612": "34.46",
        "201701": "33.76",
        "201702": "35.57",
        "201703": "36.22",
        "201704": "37.49",
        "201705": "41.09",
        "201706": "40.93",
        "201707": "40.96",
        "201708": "39.55",
        "201709": "40.35",
        "201710": "42.01",
        "201711": "43.45",
        "201712": "41.04",
        "201801": "41.06",
        "201802": "41.26",
        "201803": "42.89",
        "201804": "42.58",
        "201805": "42.16",
        "201806": "41.84",
        "201807": "41.43",
        "201808": "41.07",
        "201809": "37.41",
        "201810": "32.48",
        "201811": "29.77",
        "201812": "29.73",
        "201901": "29.53",
        "201902": "31.82",
        "201903": "34.27",
        "201904": "34.89",
        "201905": "35.25",
        "201906": "36.58",
        "201907": "37.25",
        "201908": "40.33",
        "201909": "43.03",
        "201910": "44.73",
        "201911": "48.26",
        "201912": "46.88",
        "202001": "46.80",
        "202002": "49.43",
        "202003": "44.38",
        "202004": "41.80",
        "202005": "44.74",
        "202006": "46.00",
        "202007": "45.83",
        "202008": "42.12",
        "202009": "38.73",
        "202010": "38.83",
        "202011": "39.18",
        "202012": "39.20",
        "202101": "38.28",
        "202102": "38.82",
        "202103": "41.79",
        "202104": "44.22",
        "202105": "41.57",
        "202106": "41.73",
        "202107": "42.25",
        "202108": "40.49",
        "202109": "40.04",
        "202110": "40.27",
        "202111": "40.52",
        "202112": "40.56",
        "202201": "40.83",
        "202202": "41.06",
        "202203": "41.58",
        "202204": "41.87",
        "202205": "41.66",
        "202206": "41.60",
        "202207": "40.57",
        "202208": "39.90",
        "202209": "38.92",
        "202210": "37.09",
        "202211": "35.60",
        "202212": "35.53",
        "202301": "34.90",
        "202302": "34.91",
        "202303": "36.00",
        "202304": "35.69",
        "202305": "35.24",
        "202306": "34.60",
        "202307": "33.86",
        "202308": "32.44",
        "202309": "31.56",
        "202310": "30.46",
        "202311": "30.09",
        "202312": "30.06"
    },
    "quarters": {
        "20011": {
            "year_quarter": 20011,
            "year": 2001,
            "quarter": 1,
            "eps": 0,
            "eps_growth_year": null,
            "eps_4q": null,
            "eps_4q_growth_year": null,
            "roe": -0.01,
            "roe_4q": -0.01,
            "gross_profit": 20690,
            "gross_margin": 8.76,
            "gross_margin_4q_avg": 8.76,
            "net_income": -20,
            "net_income_4q": null,
            "revenue": 236281,
            "revenue_4q": null,
            "common_shares": 241000,
            "book_valuer_per_share": 14.08,
            "book_valuer_per_share_4q_avg": 14.08,
            "equity": 339404,
            "current_ratio": 114.55,
            "debt_ratio": 60.99,
            "inventory_turnover_ratio": 3.58,
            "account_receivable_turnover_ratio": null,
            "reinvestment_rate": null,
            "research_to_sale_ratio": null,
            "price_fair": 0,
            "eps_avg_yearly": 0,
            "eps_latest_yearly": 0,
            "eps_growth_yearly": 0
        },
        "20012": {
            "year_quarter": 20012,
            "year": 2001,
            "quarter": 2,
            "eps": 0.39,
            "eps_growth_year": null,
            "eps_4q": null,
            "eps_4q_growth_year": null,
            "roe": 2.71,
            "roe_4q": 2.7,
            "gross_profit": 14924,
            "gross_margin": 7.57,
            "gross_margin_4q_avg": 8.17,
            "net_income": 9303,
            "net_income_4q": null,
            "revenue": 197060,
            "revenue_4q": null,
            "common_shares": 241000,
            "book_valuer_per_share": 14.37,
            "book_valuer_per_share_4q_avg": 14.23,
            "equity": 346316,
            "current_ratio": 116.32,
            "debt_ratio": 57.83,
            "inventory_turnover_ratio": 3.41,
            "account_receivable_turnover_ratio": null,
            "reinvestment_rate": null,
            "research_to_sale_ratio": null,
            "price_fair": 0,
            "eps_avg_yearly": 0,
            "eps_latest_yearly": 0,
            "eps_growth_yearly": 0
        },
        "20013": {
            "year_quarter": 20013,
            "year": 2001,
            "quarter": 3,
            "eps": 0.56,
            "eps_growth_year": null,
            "eps_4q": null,
            "eps_4q_growth_year": null,
            "roe": 4.63,
            "roe_4q": 7.33,
            "gross_profit": 31309,
            "gross_margin": 13.58,
            "gross_margin_4q_avg": 9.97,
            "net_income": 16406,
            "net_income_4q": null,
            "revenue": 230543,
            "revenue_4q": null,
            "common_shares": 291000,
            "book_valuer_per_share": 12.46,
            "book_valuer_per_share_4q_avg": 13.64,
            "equity": 362722,
            "current_ratio": 121.71,
            "debt_ratio": 54.89,
            "inventory_turnover_ratio": 3.64,
            "account_receivable_turnover_ratio": null,
            "reinvestment_rate": null,
            "research_to_sale_ratio": null,
            "price_fair": 0,
            "eps_avg_yearly": 0,
            "eps_latest_yearly": 0,
            "eps_growth_yearly": 0
        },
        "20014": {
            "year_quarter": 20014,
            "year": 2001,
            "quarter": 4,
            "eps": 0.98,
            "eps_growth_year": null,
            "eps_4q": 1.86,
            "eps_4q_growth_year": null,
            "roe": 7.57,
            "roe_4q": 14.9,
            "gross_profit": 49082,
            "gross_margin": 16.72,
            "gross_margin_4q_avg": 11.66,
            "net_income": 28532,
            "net_income_4q": null,
            "revenue": 293634,
            "revenue_4q": null,
            "common_shares": 291000,
            "book_valuer_per_share": 13.45,
            "book_valuer_per_share_4q_avg": 13.59,
            "equity": 391254,
            "current_ratio": 120.46,
            "debt_ratio": 58.36,
            "inventory_turnover_ratio": 4.44,
            "account_receivable_turnover_ratio": null,
            "reinvestment_rate": null,
            "research_to_sale_ratio": null,
            "price_fair": 0,
            "eps_avg_yearly": 0,
            "eps_latest_yearly": 0,
            "eps_growth_yearly": 0
        },
        "20021": {
            "year_quarter": 20021,
            "year": 2002,
            "quarter": 1,
            "eps": 0.7,
            "eps_growth_year": null,
            "eps_4q": 2.57,
            "eps_4q_growth_year": null,
            "roe": 5.07,
            "roe_4q": 19.98,
            "gross_profit": 40544,
            "gross_margin": 16.27,
            "gross_margin_4q_avg": 13.54,
            "net_income": 20347,
            "net_income_4q": null,
            "revenue": 249173,
            "revenue_4q": null,
            "common_shares": 291000,
            "book_valuer_per_share": 14.14,
            "book_valuer_per_share_4q_avg": 13.61,
            "equity": 411601,
            "current_ratio": 137.14,
            "debt_ratio": 53.38,
            "inventory_turnover_ratio": 4.54,
            "account_receivable_turnover_ratio": null,
            "reinvestment_rate": null,
            "research_to_sale_ratio": null,
            "price_fair": 8.4,
            "eps_avg_yearly": 2.8,
            "eps_latest_yearly": 2.8,
            "eps_growth_yearly": -114.29
        },
        "20022": {
            "year_quarter": 20022,
            "year": 2002,
            "quarter": 2,
            "eps": 0.12,
            "eps_growth_year": -69.23,
            "eps_4q": 2.34,
            "eps_4q_growth_year": null,
            "roe": 0.85,
            "roe_4q": 18.12,
            "gross_profit": 22177,
            "gross_margin": 10.55,
            "gross_margin_4q_avg": 14.28,
            "net_income": 3527,
            "net_income_4q": null,
            "revenue": 210251,
            "revenue_4q": null,
            "common_shares": 291000,
            "book_valuer_per_share": 14.22,
            "book_valuer_per_share_4q_avg": 13.57,
            "equity": 413683,
            "current_ratio": 140.69,
            "debt_ratio": 51.68,
            "inventory_turnover_ratio": 4.44,
            "account_receivable_turnover_ratio": null,
            "reinvestment_rate": null,
            "research_to_sale_ratio": null,
            "price_fair": 4.92,
            "eps_avg_yearly": 1.64,
            "eps_latest_yearly": 0.48,
            "eps_growth_yearly": -222.86
        },
        "20023": {
            "year_quarter": 20023,
            "year": 2002,
            "quarter": 3,
            "eps": 0.37,
            "eps_growth_year": -33.93,
            "eps_4q": 1.91,
            "eps_4q_growth_year": null,
            "roe": 3,
            "roe_4q": 16.490000000000002,
            "gross_profit": 36973,
            "gross_margin": 15.14,
            "gross_margin_4q_avg": 14.67,
            "net_income": 12580,
            "net_income_4q": null,
            "revenue": 244126,
            "revenue_4q": null,
            "common_shares": 291000,
            "book_valuer_per_share": 14.65,
            "book_valuer_per_share_4q_avg": 14.12,
            "equity": 426262,
            "current_ratio": 143.83,
            "debt_ratio": 49.43,
            "inventory_turnover_ratio": 4.83,
            "account_receivable_turnover_ratio": null,
            "reinvestment_rate": null,
            "research_to_sale_ratio": null,
            "price_fair": 55.53,
            "eps_avg_yearly": 1.59,
            "eps_latest_yearly": 1.48,
            "eps_growth_yearly": 129.21
        },
        "20024": {
            "year_quarter": 20024,
            "year": 2002,
            "quarter": 4,
            "eps": 0.22,
            "eps_growth_year": -77.55,
            "eps_4q": 1.32,
            "eps_4q_growth_year": -29.01,
            "roe": 1.69,
            "roe_4q": 10.61,
            "gross_profit": 25366,
            "gross_margin": 11.06,
            "gross_margin_4q_avg": 13.26,
            "net_income": 7277,
            "net_income_4q": null,
            "revenue": 229290,
            "revenue_4q": null,
            "common_shares": 337000,
            "book_valuer_per_share": 12.86,
            "book_valuer_per_share_4q_avg": 13.97,
            "equity": 433539,
            "current_ratio": 139.1,
            "debt_ratio": 50.97,
            "inventory_turnover_ratio": 4.62,
            "account_receivable_turnover_ratio": null,
            "reinvestment_rate": null,
            "research_to_sale_ratio": null,
            "price_fair": 49.35,
            "eps_avg_yearly": 1.41,
            "eps_latest_yearly": 0.88,
            "eps_growth_yearly": 56.36
        },
        "20031": {
            "year_quarter": 20031,
            "year": 2003,
            "quarter": 1,
            "eps": -0.11,
            "eps_growth_year": -115.71,
            "eps_4q": 0.57,
            "eps_4q_growth_year": -77.94,
            "roe": -0.88,
            "roe_4q": 4.66,
            "gross_profit": 15081,
            "gross_margin": 6.89,
            "gross_margin_4q_avg": 10.91,
            "net_income": -3805,
            "net_income_4q": null,
            "revenue": 219004,
            "revenue_4q": null,
            "common_shares": 337000,
            "book_valuer_per_share": 12.75,
            "book_valuer_per_share_4q_avg": 13.62,
            "equity": 429734,
            "current_ratio": 132.81,
            "debt_ratio": 48.62,
            "inventory_turnover_ratio": 4.73,
            "account_receivable_turnover_ratio": null,
            "reinvestment_rate": null,
            "research_to_sale_ratio": null,
            "price_fair": 49.35,
            "eps_avg_yearly": 1.41,
            "eps_latest_yearly": 0.88,
            "eps_growth_yearly": 56.36
        },
        "20032": {
            "year_quarter": 20032,
            "year": 2003,
            "quarter": 2,
            "eps": -1.17,
            "eps_growth_year": -1075,
            "eps_4q": -0.69,
            "eps_4q_growth_year": -129.51,
            "roe": -9.65,
            "roe_4q": -5.840000000000002,
            "gross_profit": -2746,
            "gross_margin": -1.89,
            "gross_margin_4q_avg": 7.8,
            "net_income": -39335,
            "net_income_4q": null,
            "revenue": 145175,
            "revenue_4q": null,
            "common_shares": 337000,
            "book_valuer_per_share": 11.44,
            "book_valuer_per_share_4q_avg": 12.93,
            "equity": 385564,
            "current_ratio": 127.82,
            "debt_ratio": 46.95,
            "inventory_turnover_ratio": 4.5,
            "account_receivable_turnover_ratio": null,
            "reinvestment_rate": null,
            "research_to_sale_ratio": null,
            "price_fair": 49.35,
            "eps_avg_yearly": 1.41,
            "eps_latest_yearly": 0.88,
            "eps_growth_yearly": 56.36
        },
        "20033": {
            "year_quarter": 20033,
            "year": 2003,
            "quarter": 3,
            "eps": 0.09,
            "eps_growth_year": -75.68,
            "eps_4q": -0.91,
            "eps_4q_growth_year": -147.62,
            "roe": 0.83,
            "roe_4q": -8.010000000000002,
            "gross_profit": 13311,
            "gross_margin": 7.83,
            "gross_margin_4q_avg": 5.97,
            "net_income": 3227,
            "net_income_4q": null,
            "revenue": 170031,
            "revenue_4q": null,
            "common_shares": 350480,
            "book_valuer_per_share": 11.09,
            "book_valuer_per_share_4q_avg": 12.04,
            "equity": 388791,
            "current_ratio": 135.46,
            "debt_ratio": 45.02,
            "inventory_turnover_ratio": 4.65,
            "account_receivable_turnover_ratio": null,
            "reinvestment_rate": null,
            "research_to_sale_ratio": null,
            "price_fair": 49.35,
            "eps_avg_yearly": 1.41,
            "eps_latest_yearly": 0.88,
            "eps_growth_yearly": 56.36
        },
        "20034": {
            "year_quarter": 20034,
            "year": 2003,
            "quarter": 4,
            "eps": -0.37,
            "eps_growth_year": -268.18,
            "eps_4q": -1.51,
            "eps_4q_growth_year": -214.21,
            "roe": -3.44,
            "roe_4q": -13.14,
            "gross_profit": 24916,
            "gross_margin": 12.26,
            "gross_margin_4q_avg": 6.27,
            "net_income": -13138,
            "net_income_4q": null,
            "revenue": 203198,
            "revenue_4q": null,
            "common_shares": 350480,
            "book_valuer_per_share": 10.72,
            "book_valuer_per_share_4q_avg": 11.5,
            "equity": 375653,
            "current_ratio": 120.62,
            "debt_ratio": 53.32,
            "inventory_turnover_ratio": 4.6,
            "account_receivable_turnover_ratio": null,
            "reinvestment_rate": null,
            "research_to_sale_ratio": null,
            "price_fair": 49.35,
            "eps_avg_yearly": 1.41,
            "eps_latest_yearly": 0.88,
            "eps_growth_yearly": 56.36
        },
        "20041": {
            "year_quarter": 20041,
            "year": 2004,
            "quarter": 1,
            "eps": 0.3,
            "eps_growth_year": null,
            "eps_4q": -1.11,
            "eps_4q_growth_year": -296.46,
            "roe": 2.75,
            "roe_4q": -9.51,
            "gross_profit": 21685,
            "gross_margin": 11.3,
            "gross_margin_4q_avg": 7.38,
            "net_income": 10463,
            "net_income_4q": null,
            "revenue": 191967,
            "revenue_4q": null,
            "common_shares": 350480,
            "book_valuer_per_share": 11.02,
            "book_valuer_per_share_4q_avg": 11.07,
            "equity": 386116,
            "current_ratio": 121.68,
            "debt_ratio": 59.44,
            "inventory_turnover_ratio": 4.8,
            "account_receivable_turnover_ratio": null,
            "reinvestment_rate": null,
            "research_to_sale_ratio": null,
            "price_fair": 49.35,
            "eps_avg_yearly": 1.41,
            "eps_latest_yearly": 0.88,
            "eps_growth_yearly": 56.36
        },
        "20042": {
            "year_quarter": 20042,
            "year": 2004,
            "quarter": 2,
            "eps": -0.75,
            "eps_growth_year": null,
            "eps_4q": -0.74,
            "eps_4q_growth_year": null,
            "roe": -7.07,
            "roe_4q": -6.93,
            "gross_profit": 5055,
            "gross_margin": 3.18,
            "gross_margin_4q_avg": 8.64,
            "net_income": -26367,
            "net_income_4q": null,
            "revenue": 158968,
            "revenue_4q": null,
            "common_shares": 350480,
            "book_valuer_per_share": 10.26,
            "book_valuer_per_share_4q_avg": 10.77,
            "equity": 359749,
            "current_ratio": 108.67,
            "debt_ratio": 61.89,
            "inventory_turnover_ratio": 3.84,
            "account_receivable_turnover_ratio": null,
            "reinvestment_rate": null,
            "research_to_sale_ratio": null,
            "price_fair": 49.35,
            "eps_avg_yearly": 1.41,
            "eps_latest_yearly": 0.88,
            "eps_growth_yearly": 56.36
        },
        "20043": {
            "year_quarter": 20043,
            "year": 2004,
            "quarter": 3,
            "eps": -0.04,
            "eps_growth_year": -144.44,
            "eps_4q": -0.87,
            "eps_4q_growth_year": null,
            "roe": -0.42,
            "roe_4q": -8.18,
            "gross_profit": -7490,
            "gross_margin": -4.44,
            "gross_margin_4q_avg": 5.58,
            "net_income": -1467,
            "net_income_4q": null,
            "revenue": 168729,
            "revenue_4q": null,
            "common_shares": 350480,
            "book_valuer_per_share": 9.81,
            "book_valuer_per_share_4q_avg": 10.45,
            "equity": 343702,
            "current_ratio": 109.05,
            "debt_ratio": 63.28,
            "inventory_turnover_ratio": 3.46,
            "account_receivable_turnover_ratio": null,
            "reinvestment_rate": null,
            "research_to_sale_ratio": null,
            "price_fair": 49.35,
            "eps_avg_yearly": 1.41,
            "eps_latest_yearly": 0.88,
            "eps_growth_yearly": 56.36
        },
        "20044": {
            "year_quarter": 20044,
            "year": 2004,
            "quarter": 4,
            "eps": -0.88,
            "eps_growth_year": null,
            "eps_4q": -1.37,
            "eps_4q_growth_year": null,
            "roe": -9.38,
            "roe_4q": -14.120000000000001,
            "gross_profit": -4181,
            "gross_margin": -2.36,
            "gross_margin_4q_avg": 1.92,
            "net_income": -30787,
            "net_income_4q": null,
            "revenue": 176871,
            "revenue_4q": null,
            "common_shares": 350480,
            "book_valuer_per_share": 8.93,
            "book_valuer_per_share_4q_avg": 10.01,
            "equity": 312915,
            "current_ratio": 108.12,
            "debt_ratio": 64.01,
            "inventory_turnover_ratio": 3.76,
            "account_receivable_turnover_ratio": null,
            "reinvestment_rate": null,
            "research_to_sale_ratio": null,
            "price_fair": 49.35,
            "eps_avg_yearly": 1.41,
            "eps_latest_yearly": 0.88,
            "eps_growth_yearly": 56.36
        },
        "20051": {
            "year_quarter": 20051,
            "year": 2005,
            "quarter": 1,
            "eps": 0,
            "eps_growth_year": -100,
            "eps_4q": -1.67,
            "eps_4q_growth_year": null,
            "roe": 0.02,
            "roe_4q": -16.85,
            "gross_profit": 19835,
            "gross_margin": 10.34,
            "gross_margin_4q_avg": 1.68,
            "net_income": 66,
            "net_income_4q": null,
            "revenue": 191796,
            "revenue_4q": null,
            "common_shares": 350480,
            "book_valuer_per_share": 8.93,
            "book_valuer_per_share_4q_avg": 9.48,
            "equity": 312981,
            "current_ratio": 110.25,
            "debt_ratio": 63.58,
            "inventory_turnover_ratio": 4.51,
            "account_receivable_turnover_ratio": null,
            "reinvestment_rate": null,
            "research_to_sale_ratio": null,
            "price_fair": 49.35,
            "eps_avg_yearly": 1.41,
            "eps_latest_yearly": 0.88,
            "eps_growth_yearly": 56.36
        },
        "20052": {
            "year_quarter": 20052,
            "year": 2005,
            "quarter": 2,
            "eps": -0.52,
            "eps_growth_year": null,
            "eps_4q": -1.43,
            "eps_4q_growth_year": null,
            "roe": -5.95,
            "roe_4q": -15.730000000000002,
            "gross_profit": -2987,
            "gross_margin": -1.75,
            "gross_margin_4q_avg": 0.45,
            "net_income": -18074,
            "net_income_4q": null,
            "revenue": 170948,
            "revenue_4q": null,
            "common_shares": 350480,
            "book_valuer_per_share": 8.41,
            "book_valuer_per_share_4q_avg": 9.02,
            "equity": 294907,
            "current_ratio": 106,
            "debt_ratio": 64.5,
            "inventory_turnover_ratio": 6.25,
            "account_receivable_turnover_ratio": null,
            "reinvestment_rate": null,
            "research_to_sale_ratio": null,
            "price_fair": 49.35,
            "eps_avg_yearly": 1.41,
            "eps_latest_yearly": 0.88,
            "eps_growth_yearly": 56.36
        },
        "20053": {
            "year_quarter": 20053,
            "year": 2005,
            "quarter": 3,
            "eps": 0.43,
            "eps_growth_year": null,
            "eps_4q": -0.95,
            "eps_4q_growth_year": null,
            "roe": 5.03,
            "roe_4q": -10.280000000000001,
            "gross_profit": 24063,
            "gross_margin": 11.79,
            "gross_margin_4q_avg": 4.51,
            "net_income": 15223,
            "net_income_4q": null,
            "revenue": 204133,
            "revenue_4q": null,
            "common_shares": 350480,
            "book_valuer_per_share": 8.85,
            "book_valuer_per_share_4q_avg": 8.78,
            "equity": 310129,
            "current_ratio": 106.7,
            "debt_ratio": 64.15,
            "inventory_turnover_ratio": 6.05,
            "account_receivable_turnover_ratio": null,
            "reinvestment_rate": null,
            "research_to_sale_ratio": null,
            "price_fair": 49.35,
            "eps_avg_yearly": 1.41,
            "eps_latest_yearly": 0.88,
            "eps_growth_yearly": 56.36
        },
        "20054": {
            "year_quarter": 20054,
            "year": 2005,
            "quarter": 4,
            "eps": -0.33,
            "eps_growth_year": null,
            "eps_4q": -0.41,
            "eps_4q_growth_year": null,
            "roe": -3.76,
            "roe_4q": -4.66,
            "gross_profit": 20123,
            "gross_margin": 8.78,
            "gross_margin_4q_avg": 7.29,
            "net_income": -11431,
            "net_income_4q": null,
            "revenue": 229237,
            "revenue_4q": null,
            "common_shares": 350480,
            "book_valuer_per_share": 8.52,
            "book_valuer_per_share_4q_avg": 8.68,
            "equity": 298699,
            "current_ratio": 107.25,
            "debt_ratio": 64.36,
            "inventory_turnover_ratio": 6.08,
            "account_receivable_turnover_ratio": null,
            "reinvestment_rate": null,
            "research_to_sale_ratio": null,
            "price_fair": 49.35,
            "eps_avg_yearly": 1.41,
            "eps_latest_yearly": 0.88,
            "eps_growth_yearly": 56.36
        },
        "20061": {
            "year_quarter": 20061,
            "year": 2006,
            "quarter": 1,
            "eps": 0.51,
            "eps_growth_year": null,
            "eps_4q": 0.1,
            "eps_4q_growth_year": null,
            "roe": 5.82,
            "roe_4q": 1.1400000000000006,
            "gross_profit": 35428,
            "gross_margin": 17.97,
            "gross_margin_4q_avg": 9.2,
            "net_income": 17921,
            "net_income_4q": null,
            "revenue": 197184,
            "revenue_4q": null,
            "common_shares": 350480,
            "book_valuer_per_share": 9.03,
            "book_valuer_per_share_4q_avg": 8.7,
            "equity": 316620,
            "current_ratio": 114.1,
            "debt_ratio": 61.84,
            "inventory_turnover_ratio": 5.1,
            "account_receivable_turnover_ratio": null,
            "reinvestment_rate": null,
            "research_to_sale_ratio": null,
            "price_fair": 33.13,
            "eps_avg_yearly": 0.95,
            "eps_latest_yearly": 0.88,
            "eps_growth_yearly": 113.25
        },
        "20062": {
            "year_quarter": 20062,
            "year": 2006,
            "quarter": 2,
            "eps": -0.01,
            "eps_growth_year": null,
            "eps_4q": 0.61,
            "eps_4q_growth_year": null,
            "roe": -0.16,
            "roe_4q": 6.930000000000001,
            "gross_profit": 21086,
            "gross_margin": 10.54,
            "gross_margin_4q_avg": 12.27,
            "net_income": -502,
            "net_income_4q": null,
            "revenue": 200044,
            "revenue_4q": null,
            "common_shares": 350480,
            "book_valuer_per_share": 9.02,
            "book_valuer_per_share_4q_avg": 8.86,
            "equity": 316118,
            "current_ratio": 110.38,
            "debt_ratio": 61.28,
            "inventory_turnover_ratio": 4.8,
            "account_receivable_turnover_ratio": null,
            "reinvestment_rate": null,
            "research_to_sale_ratio": null,
            "price_fair": 41.3,
            "eps_avg_yearly": 1.18,
            "eps_latest_yearly": 0.88,
            "eps_growth_yearly": 335.59
        },
        "20063": {
            "year_quarter": 20063,
            "year": 2006,
            "quarter": 3,
            "eps": 0.37,
            "eps_growth_year": -13.95,
            "eps_4q": 0.54,
            "eps_4q_growth_year": null,
            "roe": 3.99,
            "roe_4q": 5.890000000000001,
            "gross_profit": 26445,
            "gross_margin": 13.04,
            "gross_margin_4q_avg": 12.58,
            "net_income": 12884,
            "net_income_4q": null,
            "revenue": 202811,
            "revenue_4q": null,
            "common_shares": 350480,
            "book_valuer_per_share": 9.39,
            "book_valuer_per_share_4q_avg": 8.99,
            "equity": 329002,
            "current_ratio": 115.23,
            "debt_ratio": 59.39,
            "inventory_turnover_ratio": 3.93,
            "account_receivable_turnover_ratio": null,
            "reinvestment_rate": null,
            "research_to_sale_ratio": null,
            "price_fair": 2.64,
            "eps_avg_yearly": 0.88,
            "eps_latest_yearly": 0.88,
            "eps_growth_yearly": -162.16
        },
        "20064": {
            "year_quarter": 20064,
            "year": 2006,
            "quarter": 4,
            "eps": -0.12,
            "eps_growth_year": null,
            "eps_4q": 0.74,
            "eps_4q_growth_year": null,
            "roe": -1.34,
            "roe_4q": 8.31,
            "gross_profit": 20219,
            "gross_margin": 11.83,
            "gross_margin_4q_avg": 13.35,
            "net_income": -4367,
            "net_income_4q": null,
            "revenue": 170875,
            "revenue_4q": null,
            "common_shares": 350480,
            "book_valuer_per_share": 9.26,
            "book_valuer_per_share_4q_avg": 9.18,
            "equity": 324635,
            "current_ratio": 117.79,
            "debt_ratio": 56.47,
            "inventory_turnover_ratio": 3.4,
            "account_receivable_turnover_ratio": null,
            "reinvestment_rate": null,
            "research_to_sale_ratio": null,
            "price_fair": 0,
            "eps_avg_yearly": 0,
            "eps_latest_yearly": 0,
            "eps_growth_yearly": 0
        },
        "20071": {
            "year_quarter": 20071,
            "year": 2007,
            "quarter": 1,
            "eps": 0.14,
            "eps_growth_year": -72.55,
            "eps_4q": 0.37,
            "eps_4q_growth_year": 259.24,
            "roe": 1.48,
            "roe_4q": 3.9699999999999998,
            "gross_profit": 26703,
            "gross_margin": 16.16,
            "gross_margin_4q_avg": 12.89,
            "net_income": 4836,
            "net_income_4q": null,
            "revenue": 165277,
            "revenue_4q": null,
            "common_shares": 350480,
            "book_valuer_per_share": 9.4,
            "book_valuer_per_share_4q_avg": 9.27,
            "equity": 329471,
            "current_ratio": 121.98,
            "debt_ratio": 55.57,
            "inventory_turnover_ratio": 3.31,
            "account_receivable_turnover_ratio": null,
            "reinvestment_rate": null,
            "research_to_sale_ratio": null,
            "price_fair": 0,
            "eps_avg_yearly": 0,
            "eps_latest_yearly": 0,
            "eps_growth_yearly": 0
        },
        "20072": {
            "year_quarter": 20072,
            "year": 2007,
            "quarter": 2,
            "eps": 0.61,
            "eps_growth_year": null,
            "eps_4q": 0.99,
            "eps_4q_growth_year": 63.3,
            "roe": 6.33,
            "roe_4q": 10.46,
            "gross_profit": 36850,
            "gross_margin": 17.29,
            "gross_margin_4q_avg": 14.58,
            "net_income": 21533,
            "net_income_4q": null,
            "revenue": 213139,
            "revenue_4q": null,
            "common_shares": 350480,
            "book_valuer_per_share": 10.01,
            "book_valuer_per_share_4q_avg": 9.52,
            "equity": 351004,
            "current_ratio": 131.71,
            "debt_ratio": 54.14,
            "inventory_turnover_ratio": 3.16,
            "account_receivable_turnover_ratio": null,
            "reinvestment_rate": null,
            "research_to_sale_ratio": null,
            "price_fair": 85.4,
            "eps_avg_yearly": 2.44,
            "eps_latest_yearly": 2.44,
            "eps_growth_yearly": 1342.86
        },
        "20073": {
            "year_quarter": 20073,
            "year": 2007,
            "quarter": 3,
            "eps": 0.32,
            "eps_growth_year": -13.51,
            "eps_4q": 0.95,
            "eps_4q_growth_year": 74.8,
            "roe": 3.15,
            "roe_4q": 9.620000000000001,
            "gross_profit": 40811,
            "gross_margin": 19.97,
            "gross_margin_4q_avg": 16.31,
            "net_income": 11223,
            "net_income_4q": null,
            "revenue": 204397,
            "revenue_4q": null,
            "common_shares": 350480,
            "book_valuer_per_share": 10.34,
            "book_valuer_per_share_4q_avg": 9.75,
            "equity": 362227,
            "current_ratio": 141.67,
            "debt_ratio": 51.4,
            "inventory_turnover_ratio": 2.48,
            "account_receivable_turnover_ratio": null,
            "reinvestment_rate": null,
            "research_to_sale_ratio": null,
            "price_fair": 65.1,
            "eps_avg_yearly": 1.86,
            "eps_latest_yearly": 1.28,
            "eps_growth_yearly": 576.35
        },
        "20074": {
            "year_quarter": 20074,
            "year": 2007,
            "quarter": 4,
            "eps": 0.84,
            "eps_growth_year": null,
            "eps_4q": 1.91,
            "eps_4q_growth_year": 158.57,
            "roe": 7.8,
            "roe_4q": 18.76,
            "gross_profit": 69203,
            "gross_margin": 30.51,
            "gross_margin_4q_avg": 20.98,
            "net_income": 29418,
            "net_income_4q": null,
            "revenue": 226797,
            "revenue_4q": null,
            "common_shares": 350480,
            "book_valuer_per_share": 11.17,
            "book_valuer_per_share_4q_avg": 10.23,
            "equity": 391645,
            "current_ratio": 149.23,
            "debt_ratio": 51.51,
            "inventory_turnover_ratio": 2.41,
            "account_receivable_turnover_ratio": null,
            "reinvestment_rate": 177.16,
            "research_to_sale_ratio": null,
            "price_fair": 82.6,
            "eps_avg_yearly": 2.36,
            "eps_latest_yearly": 3.36,
            "eps_growth_yearly": 600.9
        },
        "20081": {
            "year_quarter": 20081,
            "year": 2008,
            "quarter": 1,
            "eps": 0.22,
            "eps_growth_year": 57.14,
            "eps_4q": 2.01,
            "eps_4q_growth_year": 440.5,
            "roe": 1.93,
            "roe_4q": 19.21,
            "gross_profit": 30193,
            "gross_margin": 15.57,
            "gross_margin_4q_avg": 20.84,
            "net_income": 7638,
            "net_income_4q": null,
            "revenue": 193864,
            "revenue_4q": null,
            "common_shares": 350480,
            "book_valuer_per_share": 11.39,
            "book_valuer_per_share_4q_avg": 10.73,
            "equity": 399283,
            "current_ratio": 151.27,
            "debt_ratio": 49.77,
            "inventory_turnover_ratio": 2.75,
            "account_receivable_turnover_ratio": null,
            "reinvestment_rate": -365.46,
            "research_to_sale_ratio": null,
            "price_fair": 69.65,
            "eps_avg_yearly": 1.99,
            "eps_latest_yearly": 0.88,
            "eps_growth_yearly": 376.86
        },
        "20082": {
            "year_quarter": 20082,
            "year": 2008,
            "quarter": 2,
            "eps": 0.87,
            "eps_growth_year": 42.62,
            "eps_4q": 2.24,
            "eps_4q_growth_year": 127.16,
            "roe": 7.52,
            "roe_4q": 20.4,
            "gross_profit": 62554,
            "gross_margin": 28.45,
            "gross_margin_4q_avg": 23.63,
            "net_income": 30549,
            "net_income_4q": null,
            "revenue": 219907,
            "revenue_4q": null,
            "common_shares": 350480,
            "book_valuer_per_share": 11.77,
            "book_valuer_per_share_4q_avg": 11.17,
            "equity": 412689,
            "current_ratio": 157.1,
            "debt_ratio": 47.93,
            "inventory_turnover_ratio": 2.74,
            "account_receivable_turnover_ratio": null,
            "reinvestment_rate": -153.47,
            "research_to_sale_ratio": null,
            "price_fair": 80.08,
            "eps_avg_yearly": 2.29,
            "eps_latest_yearly": 3.48,
            "eps_growth_yearly": 537.85
        },
        "20083": {
            "year_quarter": 20083,
            "year": 2008,
            "quarter": 3,
            "eps": 0.43,
            "eps_growth_year": 34.38,
            "eps_4q": 2.38,
            "eps_4q_growth_year": 150.7,
            "roe": 3.56,
            "roe_4q": 20.81,
            "gross_profit": 40227,
            "gross_margin": 21.8,
            "gross_margin_4q_avg": 24.08,
            "net_income": 14946,
            "net_income_4q": null,
            "revenue": 184570,
            "revenue_4q": null,
            "common_shares": 350480,
            "book_valuer_per_share": 12.2,
            "book_valuer_per_share_4q_avg": 11.63,
            "equity": 427635,
            "current_ratio": 138.16,
            "debt_ratio": 41.21,
            "inventory_turnover_ratio": 2.7,
            "account_receivable_turnover_ratio": null,
            "reinvestment_rate": -110.28,
            "research_to_sale_ratio": null,
            "price_fair": 76.77,
            "eps_avg_yearly": 2.19,
            "eps_latest_yearly": 1.72,
            "eps_growth_yearly": 414.5
        },
        "20084": {
            "year_quarter": 20084,
            "year": 2008,
            "quarter": 4,
            "eps": 0.06,
            "eps_growth_year": -92.86,
            "eps_4q": 1.68,
            "eps_4q_growth_year": -12.2,
            "roe": 0.46,
            "roe_4q": 13.469999999999999,
            "gross_profit": 26578,
            "gross_margin": 17.97,
            "gross_margin_4q_avg": 20.95,
            "net_income": 1968,
            "net_income_4q": null,
            "revenue": 147889,
            "revenue_4q": null,
            "common_shares": 350480,
            "book_valuer_per_share": 12.26,
            "book_valuer_per_share_4q_avg": 11.91,
            "equity": 429603,
            "current_ratio": 144.03,
            "debt_ratio": 39.77,
            "inventory_turnover_ratio": 3.11,
            "account_receivable_turnover_ratio": 1.81,
            "reinvestment_rate": -91.11,
            "research_to_sale_ratio": null,
            "price_fair": 67,
            "eps_avg_yearly": 1.91,
            "eps_latest_yearly": 0.24,
            "eps_growth_yearly": 306.11
        },
        "20091": {
            "year_quarter": 20091,
            "year": 2009,
            "quarter": 1,
            "eps": 0.03,
            "eps_growth_year": -86.36,
            "eps_4q": 1.6,
            "eps_4q_growth_year": -20.35,
            "roe": 0.21,
            "roe_4q": 11.75,
            "gross_profit": 23222,
            "gross_margin": 17.85,
            "gross_margin_4q_avg": 21.52,
            "net_income": 906,
            "net_income_4q": null,
            "revenue": 130066,
            "revenue_4q": null,
            "common_shares": 350480,
            "book_valuer_per_share": 12.28,
            "book_valuer_per_share_4q_avg": 12.13,
            "equity": 430510,
            "current_ratio": 160.8,
            "debt_ratio": 35.21,
            "inventory_turnover_ratio": 3.54,
            "account_receivable_turnover_ratio": 0.85,
            "reinvestment_rate": -87.89,
            "research_to_sale_ratio": null,
            "price_fair": 59.15,
            "eps_avg_yearly": 1.69,
            "eps_latest_yearly": 0.12,
            "eps_growth_yearly": 242.85
        },
        "20092": {
            "year_quarter": 20092,
            "year": 2009,
            "quarter": 2,
            "eps": -0.11,
            "eps_growth_year": -112.64,
            "eps_4q": 0.4,
            "eps_4q_growth_year": -82.37,
            "roe": -0.95,
            "roe_4q": 3.2800000000000002,
            "gross_profit": 31765,
            "gross_margin": 22.68,
            "gross_margin_4q_avg": 20.08,
            "net_income": -3949,
            "net_income_4q": null,
            "revenue": 140038,
            "revenue_4q": null,
            "common_shares": 350480,
            "book_valuer_per_share": 11.47,
            "book_valuer_per_share_4q_avg": 12.05,
            "equity": 402027,
            "current_ratio": 152.49,
            "debt_ratio": 36.19,
            "inventory_turnover_ratio": 3.95,
            "account_receivable_turnover_ratio": 0.95,
            "reinvestment_rate": -82.47,
            "research_to_sale_ratio": null,
            "price_fair": 59.15,
            "eps_avg_yearly": 1.69,
            "eps_latest_yearly": 0.12,
            "eps_growth_yearly": 242.85
        },
        "20093": {
            "year_quarter": 20093,
            "year": 2009,
            "quarter": 3,
            "eps": 0.58,
            "eps_growth_year": 34.88,
            "eps_4q": 0.55,
            "eps_4q_growth_year": -76.88,
            "roe": 4.91,
            "roe_4q": 4.63,
            "gross_profit": 49449,
            "gross_margin": 29.09,
            "gross_margin_4q_avg": 21.9,
            "net_income": 20238,
            "net_income_4q": null,
            "revenue": 169970,
            "revenue_4q": null,
            "common_shares": 350480,
            "book_valuer_per_share": 12.05,
            "book_valuer_per_share_4q_avg": 12.02,
            "equity": 422266,
            "current_ratio": 176.5,
            "debt_ratio": 32.44,
            "inventory_turnover_ratio": 4.1,
            "account_receivable_turnover_ratio": 1,
            "reinvestment_rate": -77.81,
            "research_to_sale_ratio": null,
            "price_fair": 59.15,
            "eps_avg_yearly": 1.69,
            "eps_latest_yearly": 0.12,
            "eps_growth_yearly": 242.85
        },
        "20094": {
            "year_quarter": 20094,
            "year": 2009,
            "quarter": 4,
            "eps": 0.94,
            "eps_growth_year": 1466.67,
            "eps_4q": 1.43,
            "eps_4q_growth_year": -14.74,
            "roe": 7.52,
            "roe_4q": 11.690000000000001,
            "gross_profit": 65245,
            "gross_margin": 32.6,
            "gross_margin_4q_avg": 25.56,
            "net_income": 33003,
            "net_income_4q": null,
            "revenue": 200169,
            "revenue_4q": null,
            "common_shares": 350480,
            "book_valuer_per_share": 12.99,
            "book_valuer_per_share_4q_avg": 12.2,
            "equity": 455268,
            "current_ratio": 170.65,
            "debt_ratio": 36.83,
            "inventory_turnover_ratio": 3.68,
            "account_receivable_turnover_ratio": 1.89,
            "reinvestment_rate": -51.87,
            "research_to_sale_ratio": null,
            "price_fair": 67.2,
            "eps_avg_yearly": 1.92,
            "eps_latest_yearly": 3.76,
            "eps_growth_yearly": 243.45
        },
        "20101": {
            "year_quarter": 20101,
            "year": 2010,
            "quarter": 1,
            "eps": 1.23,
            "eps_growth_year": 4000,
            "eps_4q": 2.63,
            "eps_4q_growth_year": 64.37,
            "roe": 9.01,
            "roe_4q": 20.490000000000002,
            "gross_profit": 80193,
            "gross_margin": 35.76,
            "gross_margin_4q_avg": 30.03,
            "net_income": 42977,
            "net_income_4q": null,
            "revenue": 224245,
            "revenue_4q": null,
            "common_shares": 350480,
            "book_valuer_per_share": 14.22,
            "book_valuer_per_share_4q_avg": 12.68,
            "equity": 498245,
            "current_ratio": 198,
            "debt_ratio": 33.81,
            "inventory_turnover_ratio": 3.02,
            "account_receivable_turnover_ratio": 0.98,
            "reinvestment_rate": -42.07,
            "research_to_sale_ratio": null,
            "price_fair": 77.7,
            "eps_avg_yearly": 2.22,
            "eps_latest_yearly": 4.92,
            "eps_growth_yearly": 231.45
        },
        "20102": {
            "year_quarter": 20102,
            "year": 2010,
            "quarter": 2,
            "eps": 1.53,
            "eps_growth_year": null,
            "eps_4q": 4.27,
            "eps_4q_growth_year": 979.25,
            "roe": 10.54,
            "roe_4q": 31.979999999999997,
            "gross_profit": 90591,
            "gross_margin": 34.84,
            "gross_margin_4q_avg": 33.07,
            "net_income": 53485,
            "net_income_4q": null,
            "revenue": 259992,
            "revenue_4q": null,
            "common_shares": 350480,
            "book_valuer_per_share": 14.74,
            "book_valuer_per_share_4q_avg": 13.5,
            "equity": 516682,
            "current_ratio": 179.17,
            "debt_ratio": 37.35,
            "inventory_turnover_ratio": 3.12,
            "account_receivable_turnover_ratio": 0.97,
            "reinvestment_rate": -28.83,
            "research_to_sale_ratio": null,
            "price_fair": 90.11,
            "eps_avg_yearly": 2.57,
            "eps_latest_yearly": 6.12,
            "eps_growth_yearly": 219.28
        },
        "20103": {
            "year_quarter": 20103,
            "year": 2010,
            "quarter": 3,
            "eps": 1.36,
            "eps_growth_year": 134.34,
            "eps_4q": 5.05,
            "eps_4q_growth_year": 820.1,
            "roe": 8.81,
            "roe_4q": 35.879999999999995,
            "gross_profit": 92565,
            "gross_margin": 35.12,
            "gross_margin_4q_avg": 34.58,
            "net_income": 47637,
            "net_income_4q": null,
            "revenue": 263553,
            "revenue_4q": null,
            "common_shares": 350480,
            "book_valuer_per_share": 16.1,
            "book_valuer_per_share_4q_avg": 14.51,
            "equity": 564320,
            "current_ratio": 206.39,
            "debt_ratio": 33.86,
            "inventory_turnover_ratio": 3.32,
            "account_receivable_turnover_ratio": 0.89,
            "reinvestment_rate": -21.78,
            "research_to_sale_ratio": null,
            "price_fair": 98.47,
            "eps_avg_yearly": 2.81,
            "eps_latest_yearly": 5.44,
            "eps_growth_yearly": 197.3
        },
        "20104": {
            "year_quarter": 20104,
            "year": 2010,
            "quarter": 4,
            "eps": 0.75,
            "eps_growth_year": -19.83,
            "eps_4q": 4.87,
            "eps_4q_growth_year": 239.68,
            "roe": 4.57,
            "roe_4q": 32.93,
            "gross_profit": 69235,
            "gross_margin": 30.95,
            "gross_margin_4q_avg": 34.17,
            "net_income": 26413,
            "net_income_4q": null,
            "revenue": 223692,
            "revenue_4q": null,
            "common_shares": 350480,
            "book_valuer_per_share": 16.85,
            "book_valuer_per_share_4q_avg": 15.48,
            "equity": 590732,
            "current_ratio": 240.76,
            "debt_ratio": 30.12,
            "inventory_turnover_ratio": 2.97,
            "account_receivable_turnover_ratio": 0.78,
            "reinvestment_rate": -18.12,
            "research_to_sale_ratio": null,
            "price_fair": 98.97,
            "eps_avg_yearly": 2.83,
            "eps_latest_yearly": 3,
            "eps_growth_yearly": 168.32
        },
        "20111": {
            "year_quarter": 20111,
            "year": 2011,
            "quarter": 1,
            "eps": 1.2,
            "eps_growth_year": -2.44,
            "eps_4q": 4.84,
            "eps_4q_growth_year": 83.81,
            "roe": 6.88,
            "roe_4q": 30.799999999999997,
            "gross_profit": 77891,
            "gross_margin": 29.63,
            "gross_margin_4q_avg": 32.64,
            "net_income": 42067,
            "net_income_4q": null,
            "revenue": 262867,
            "revenue_4q": null,
            "common_shares": 350480,
            "book_valuer_per_share": 18.06,
            "book_valuer_per_share_4q_avg": 16.44,
            "equity": 632799,
            "current_ratio": 215.04,
            "debt_ratio": 35.26,
            "inventory_turnover_ratio": 2.2,
            "account_receivable_turnover_ratio": 0.92,
            "reinvestment_rate": -15.36,
            "research_to_sale_ratio": null,
            "price_fair": 103.9,
            "eps_avg_yearly": 2.97,
            "eps_latest_yearly": 4.8,
            "eps_growth_yearly": 173.44
        },
        "20112": {
            "year_quarter": 20112,
            "year": 2011,
            "quarter": 2,
            "eps": 1.02,
            "eps_growth_year": -33.33,
            "eps_4q": 4.33,
            "eps_4q_growth_year": 1.39,
            "roe": 6.14,
            "roe_4q": 26.4,
            "gross_profit": 74329,
            "gross_margin": 28.91,
            "gross_margin_4q_avg": 31.15,
            "net_income": 35660,
            "net_income_4q": null,
            "revenue": 257119,
            "revenue_4q": null,
            "common_shares": 350480,
            "book_valuer_per_share": 15.07,
            "book_valuer_per_share_4q_avg": 16.52,
            "equity": 528267,
            "current_ratio": 162.93,
            "debt_ratio": 43.52,
            "inventory_turnover_ratio": 1.84,
            "account_receivable_turnover_ratio": 0.85,
            "reinvestment_rate": -8.92,
            "research_to_sale_ratio": null,
            "price_fair": 108,
            "eps_avg_yearly": 3.09,
            "eps_latest_yearly": 4.08,
            "eps_growth_yearly": 73.24
        },
        "20113": {
            "year_quarter": 20113,
            "year": 2011,
            "quarter": 3,
            "eps": 1.02,
            "eps_growth_year": -24.6,
            "eps_4q": 4,
            "eps_4q_growth_year": -20.92,
            "roe": 6.58,
            "roe_4q": 24.169999999999998,
            "gross_profit": 69985,
            "gross_margin": 28.54,
            "gross_margin_4q_avg": 29.51,
            "net_income": 35918,
            "net_income_4q": null,
            "revenue": 245241,
            "revenue_4q": null,
            "common_shares": 350480,
            "book_valuer_per_share": 16.1,
            "book_valuer_per_share_4q_avg": 16.52,
            "equity": 564185,
            "current_ratio": 233.26,
            "debt_ratio": 31.14,
            "inventory_turnover_ratio": 2.32,
            "account_receivable_turnover_ratio": 0.83,
            "reinvestment_rate": -8.11,
            "research_to_sale_ratio": null,
            "price_fair": 115,
            "eps_avg_yearly": 3.29,
            "eps_latest_yearly": 4.08,
            "eps_growth_yearly": 86.82
        },
        "20114": {
            "year_quarter": 20114,
            "year": 2011,
            "quarter": 4,
            "eps": 0.58,
            "eps_growth_year": -23.58,
            "eps_4q": 3.82,
            "eps_4q_growth_year": -21.51,
            "roe": 3.51,
            "roe_4q": 23.11,
            "gross_profit": 50293,
            "gross_margin": 24.21,
            "gross_margin_4q_avg": 27.82,
            "net_income": 20185,
            "net_income_4q": null,
            "revenue": 207777,
            "revenue_4q": null,
            "common_shares": 350480,
            "book_valuer_per_share": 16.67,
            "book_valuer_per_share_4q_avg": 16.48,
            "equity": 584370,
            "current_ratio": 234.63,
            "debt_ratio": 31.23,
            "inventory_turnover_ratio": 2.6,
            "account_receivable_turnover_ratio": 0.78,
            "reinvestment_rate": -4.25,
            "research_to_sale_ratio": null,
            "price_fair": 112.4,
            "eps_avg_yearly": 3.21,
            "eps_latest_yearly": 2.32,
            "eps_growth_yearly": 28.07
        },
        "20121": {
            "year_quarter": 20121,
            "year": 2012,
            "quarter": 1,
            "eps": 0.96,
            "eps_growth_year": -20,
            "eps_4q": 3.58,
            "eps_4q_growth_year": -26,
            "roe": 5.61,
            "roe_4q": 21.84,
            "gross_profit": 76509,
            "gross_margin": 30.19,
            "gross_margin_4q_avg": 27.96,
            "net_income": 33740,
            "net_income_4q": null,
            "revenue": 253441,
            "revenue_4q": null,
            "common_shares": 350480,
            "book_valuer_per_share": 17.64,
            "book_valuer_per_share_4q_avg": 16.37,
            "equity": 618110,
            "current_ratio": 248.6,
            "debt_ratio": 30.76,
            "inventory_turnover_ratio": 3.38,
            "account_receivable_turnover_ratio": 0.98,
            "reinvestment_rate": -7.23,
            "research_to_sale_ratio": null,
            "price_fair": 119.8,
            "eps_avg_yearly": 3.42,
            "eps_latest_yearly": 3.84,
            "eps_growth_yearly": 67.87
        },
        "20122": {
            "year_quarter": 20122,
            "year": 2012,
            "quarter": 2,
            "eps": 1.66,
            "eps_growth_year": 62.72,
            "eps_4q": 4.22,
            "eps_4q_growth_year": -2.58,
            "roe": 9.76,
            "roe_4q": 25.46,
            "gross_profit": 110860,
            "gross_margin": 36.83,
            "gross_margin_4q_avg": 29.94,
            "net_income": 58025,
            "net_income_4q": null,
            "revenue": 301009,
            "revenue_4q": null,
            "common_shares": 350480,
            "book_valuer_per_share": 16.29,
            "book_valuer_per_share_4q_avg": 16.68,
            "equity": 570991,
            "current_ratio": 174.55,
            "debt_ratio": 41.95,
            "inventory_turnover_ratio": 3.75,
            "account_receivable_turnover_ratio": 0.97,
            "reinvestment_rate": -3,
            "research_to_sale_ratio": null,
            "price_fair": 52.15,
            "eps_avg_yearly": 3.65,
            "eps_latest_yearly": 6.64,
            "eps_growth_yearly": 4.29
        },
        "20123": {
            "year_quarter": 20123,
            "year": 2012,
            "quarter": 3,
            "eps": 1.07,
            "eps_growth_year": 4.87,
            "eps_4q": 4.27,
            "eps_4q_growth_year": 6.83,
            "roe": 6.39,
            "roe_4q": 25.269999999999996,
            "gross_profit": 82556,
            "gross_margin": 31.71,
            "gross_margin_4q_avg": 30.74,
            "net_income": 37668,
            "net_income_4q": null,
            "revenue": 260377,
            "revenue_4q": null,
            "common_shares": 350480,
            "book_valuer_per_share": 17.37,
            "book_valuer_per_share_4q_avg": 16.99,
            "equity": 608660,
            "current_ratio": 232.77,
            "debt_ratio": 32.2,
            "inventory_turnover_ratio": 3.57,
            "account_receivable_turnover_ratio": 0.79,
            "reinvestment_rate": -2.98,
            "research_to_sale_ratio": null,
            "price_fair": 71.21,
            "eps_avg_yearly": 3.83,
            "eps_latest_yearly": 4.28,
            "eps_growth_yearly": 8.59
        },
        "20124": {
            "year_quarter": 20124,
            "year": 2012,
            "quarter": 4,
            "eps": 0.77,
            "eps_growth_year": 34.5,
            "eps_4q": 4.47,
            "eps_4q_growth_year": 17,
            "roe": 4.36,
            "roe_4q": 26.119999999999997,
            "gross_profit": 67144,
            "gross_margin": 30.48,
            "gross_margin_4q_avg": 32.3,
            "net_income": 27149,
            "net_income_4q": null,
            "revenue": 220299,
            "revenue_4q": null,
            "common_shares": 350480,
            "book_valuer_per_share": 18.14,
            "book_valuer_per_share_4q_avg": 17.36,
            "equity": 635808,
            "current_ratio": 248.49,
            "debt_ratio": 30.88,
            "inventory_turnover_ratio": 3.05,
            "account_receivable_turnover_ratio": 0.78,
            "reinvestment_rate": -1.48,
            "research_to_sale_ratio": null,
            "price_fair": 141.2,
            "eps_avg_yearly": 4.03,
            "eps_latest_yearly": 3.08,
            "eps_growth_yearly": 25.16
        },
        "20131": {
            "year_quarter": 20131,
            "year": 2013,
            "quarter": 1,
            "eps": 1.27,
            "eps_growth_year": 32.29,
            "eps_4q": 4.78,
            "eps_4q_growth_year": 33.44,
            "roe": 6.93,
            "roe_4q": 27.439999999999998,
            "gross_profit": 84796,
            "gross_margin": 33.12,
            "gross_margin_4q_avg": 33.04,
            "net_income": 44635,
            "net_income_4q": null,
            "revenue": 256059,
            "revenue_4q": null,
            "common_shares": 350480,
            "book_valuer_per_share": 18.6,
            "book_valuer_per_share_4q_avg": 17.6,
            "equity": 652066,
            "current_ratio": 259.77,
            "debt_ratio": 33.55,
            "inventory_turnover_ratio": 3.29,
            "account_receivable_turnover_ratio": 0.98,
            "reinvestment_rate": -1.86,
            "research_to_sale_ratio": null,
            "price_fair": 153.6,
            "eps_avg_yearly": 4.39,
            "eps_latest_yearly": 5.08,
            "eps_growth_yearly": 58
        },
        "20132": {
            "year_quarter": 20132,
            "year": 2013,
            "quarter": 2,
            "eps": 1.16,
            "eps_growth_year": -29.93,
            "eps_4q": 4.28,
            "eps_4q_growth_year": 1.4,
            "roe": 6.53,
            "roe_4q": 24.21,
            "gross_profit": 82182,
            "gross_margin": 32.75,
            "gross_margin_4q_avg": 32.02,
            "net_income": 40488,
            "net_income_4q": null,
            "revenue": 250974,
            "revenue_4q": null,
            "common_shares": 350480,
            "book_valuer_per_share": 16.76,
            "book_valuer_per_share_4q_avg": 17.72,
            "equity": 587410,
            "current_ratio": 204.72,
            "debt_ratio": 40.96,
            "inventory_turnover_ratio": 3.53,
            "account_receivable_turnover_ratio": 0.92,
            "reinvestment_rate": -1.96,
            "research_to_sale_ratio": null,
            "price_fair": 154.19,
            "eps_avg_yearly": 4.41,
            "eps_latest_yearly": 4.64,
            "eps_growth_yearly": 51.82
        },
        "20133": {
            "year_quarter": 20133,
            "year": 2013,
            "quarter": 3,
            "eps": 0.77,
            "eps_growth_year": -28.36,
            "eps_4q": 3.97,
            "eps_4q_growth_year": -6.89,
            "roe": 4.5,
            "roe_4q": 22.32,
            "gross_profit": 76907,
            "gross_margin": 32.31,
            "gross_margin_4q_avg": 32.17,
            "net_income": 27040,
            "net_income_4q": null,
            "revenue": 238039,
            "revenue_4q": null,
            "common_shares": 350480,
            "book_valuer_per_share": 17.53,
            "book_valuer_per_share_4q_avg": 17.76,
            "equity": 614450,
            "current_ratio": 286.45,
            "debt_ratio": 31.86,
            "inventory_turnover_ratio": 3.63,
            "account_receivable_turnover_ratio": 0.93,
            "reinvestment_rate": -3,
            "research_to_sale_ratio": null,
            "price_fair": 151.29,
            "eps_avg_yearly": 4.32,
            "eps_latest_yearly": 3.08,
            "eps_growth_yearly": 40.18
        },
        "20134": {
            "year_quarter": 20134,
            "year": 2013,
            "quarter": 4,
            "eps": 1.08,
            "eps_growth_year": 39.24,
            "eps_4q": 4.28,
            "eps_4q_growth_year": -4.23,
            "roe": 5.95,
            "roe_4q": 23.91,
            "gross_profit": 88935,
            "gross_margin": 35.24,
            "gross_margin_4q_avg": 33.36,
            "net_income": 37802,
            "net_income_4q": null,
            "revenue": 252362,
            "revenue_4q": null,
            "common_shares": 350480,
            "book_valuer_per_share": 18.71,
            "book_valuer_per_share_4q_avg": 17.9,
            "equity": 655711,
            "current_ratio": 280.87,
            "debt_ratio": 32.19,
            "inventory_turnover_ratio": 3.65,
            "account_receivable_turnover_ratio": 1.02,
            "reinvestment_rate": -2.75,
            "research_to_sale_ratio": null,
            "price_fair": 152.51,
            "eps_avg_yearly": 4.36,
            "eps_latest_yearly": 4.32,
            "eps_growth_yearly": 34.73
        },
        "20141": {
            "year_quarter": 20141,
            "year": 2014,
            "quarter": 1,
            "eps": 1.14,
            "eps_growth_year": -10.24,
            "eps_4q": 4.15,
            "eps_4q_growth_year": -13.18,
            "roe": 5.93,
            "roe_4q": 22.91,
            "gross_profit": 76278,
            "gross_margin": 33.07,
            "gross_margin_4q_avg": 33.34,
            "net_income": 40078,
            "net_income_4q": null,
            "revenue": 230687,
            "revenue_4q": null,
            "common_shares": 350480,
            "book_valuer_per_share": 19.85,
            "book_valuer_per_share_4q_avg": 18.21,
            "equity": 695789,
            "current_ratio": 307.3,
            "debt_ratio": 30.48,
            "inventory_turnover_ratio": 3.56,
            "account_receivable_turnover_ratio": 0.89,
            "reinvestment_rate": -3.24,
            "research_to_sale_ratio": null,
            "price_fair": 151.73,
            "eps_avg_yearly": 4.34,
            "eps_latest_yearly": 4.56,
            "eps_growth_yearly": 28.4
        },
        "20142": {
            "year_quarter": 20142,
            "year": 2014,
            "quarter": 2,
            "eps": 0.98,
            "eps_growth_year": -15.52,
            "eps_4q": 3.97,
            "eps_4q_growth_year": -7.24,
            "roe": 5.24,
            "roe_4q": 21.62,
            "gross_profit": 92249,
            "gross_margin": 36.87,
            "gross_margin_4q_avg": 34.37,
            "net_income": 34161,
            "net_income_4q": null,
            "revenue": 250197,
            "revenue_4q": null,
            "common_shares": 350480,
            "book_valuer_per_share": 17.33,
            "book_valuer_per_share_4q_avg": 18.36,
            "equity": 607282,
            "current_ratio": 205.91,
            "debt_ratio": 41.96,
            "inventory_turnover_ratio": 3.49,
            "account_receivable_turnover_ratio": 0.99,
            "reinvestment_rate": -7.68,
            "research_to_sale_ratio": null,
            "price_fair": 120.87,
            "eps_avg_yearly": 4.2,
            "eps_latest_yearly": 3.92,
            "eps_growth_yearly": 18.8
        },
        "20143": {
            "year_quarter": 20143,
            "year": 2014,
            "quarter": 3,
            "eps": 1.58,
            "eps_growth_year": 105.19,
            "eps_4q": 4.78,
            "eps_4q_growth_year": 20.3,
            "roe": 8.75,
            "roe_4q": 25.87,
            "gross_profit": 100036,
            "gross_margin": 37.25,
            "gross_margin_4q_avg": 35.61,
            "net_income": 55549,
            "net_income_4q": null,
            "revenue": 268522,
            "revenue_4q": null,
            "common_shares": 350480,
            "book_valuer_per_share": 18.91,
            "book_valuer_per_share_4q_avg": 18.7,
            "equity": 662831,
            "current_ratio": 292.11,
            "debt_ratio": 32.22,
            "inventory_turnover_ratio": 3.38,
            "account_receivable_turnover_ratio": 1.05,
            "reinvestment_rate": -9.45,
            "research_to_sale_ratio": null,
            "price_fair": 148.84,
            "eps_avg_yearly": 4.25,
            "eps_latest_yearly": 6.32,
            "eps_growth_yearly": 36.88
        },
        "20144": {
            "year_quarter": 20144,
            "year": 2014,
            "quarter": 4,
            "eps": 2.07,
            "eps_growth_year": 91.64,
            "eps_4q": 5.77,
            "eps_4q_growth_year": 34.85,
            "roe": 10.35,
            "roe_4q": 30.270000000000003,
            "gross_profit": 117627,
            "gross_margin": 40.45,
            "gross_margin_4q_avg": 36.91,
            "net_income": 72445,
            "net_income_4q": null,
            "revenue": 290810,
            "revenue_4q": null,
            "common_shares": 350480,
            "book_valuer_per_share": 21.05,
            "book_valuer_per_share_4q_avg": 19.29,
            "equity": 737702,
            "current_ratio": 291.79,
            "debt_ratio": 32.38,
            "inventory_turnover_ratio": 3.1,
            "account_receivable_turnover_ratio": 1.05,
            "reinvestment_rate": -8.29,
            "research_to_sale_ratio": null,
            "price_fair": 160.39,
            "eps_avg_yearly": 4.58,
            "eps_latest_yearly": 8.28,
            "eps_growth_yearly": 55.85
        },
        "20151": {
            "year_quarter": 20151,
            "year": 2015,
            "quarter": 1,
            "eps": 1.93,
            "eps_growth_year": 69.3,
            "eps_4q": 6.56,
            "eps_4q_growth_year": 58.04,
            "roe": 8.77,
            "roe_4q": 33.11,
            "gross_profit": 126697,
            "gross_margin": 42.3,
            "gross_margin_4q_avg": 39.22,
            "net_income": 67655,
            "net_income_4q": null,
            "revenue": 299544,
            "revenue_4q": null,
            "common_shares": 350480,
            "book_valuer_per_share": 22.98,
            "book_valuer_per_share_4q_avg": 20.07,
            "equity": 805357,
            "current_ratio": 318.33,
            "debt_ratio": 30.41,
            "inventory_turnover_ratio": 3.17,
            "account_receivable_turnover_ratio": 1.02,
            "reinvestment_rate": -6.87,
            "research_to_sale_ratio": null,
            "price_fair": 166.78,
            "eps_avg_yearly": 4.77,
            "eps_latest_yearly": 7.72,
            "eps_growth_yearly": 39.16
        },
        "20152": {
            "year_quarter": 20152,
            "year": 2015,
            "quarter": 2,
            "eps": 0.9,
            "eps_growth_year": -8.16,
            "eps_4q": 6.48,
            "eps_4q_growth_year": 63.23,
            "roe": 4.18,
            "roe_4q": 32.05,
            "gross_profit": 88227,
            "gross_margin": 36.65,
            "gross_margin_4q_avg": 39.16,
            "net_income": 31378,
            "net_income_4q": null,
            "revenue": 240707,
            "revenue_4q": null,
            "common_shares": 350480,
            "book_valuer_per_share": 19.87,
            "book_valuer_per_share_4q_avg": 20.7,
            "equity": 696543,
            "current_ratio": 204.47,
            "debt_ratio": 42.48,
            "inventory_turnover_ratio": 3.28,
            "account_receivable_turnover_ratio": 0.88,
            "reinvestment_rate": -4.46,
            "research_to_sale_ratio": null,
            "price_fair": 165.73,
            "eps_avg_yearly": 4.74,
            "eps_latest_yearly": 3.6,
            "eps_growth_yearly": 29.56
        },
        "20153": {
            "year_quarter": 20153,
            "year": 2015,
            "quarter": 3,
            "eps": 1.43,
            "eps_growth_year": -9.49,
            "eps_4q": 6.33,
            "eps_4q_growth_year": 32.4,
            "roe": 6.98,
            "roe_4q": 30.28,
            "gross_profit": 74503,
            "gross_margin": 34.82,
            "gross_margin_4q_avg": 38.56,
            "net_income": 50409,
            "net_income_4q": null,
            "revenue": 213959,
            "revenue_4q": null,
            "common_shares": 350480,
            "book_valuer_per_share": 21.31,
            "book_valuer_per_share_4q_avg": 21.3,
            "equity": 746952,
            "current_ratio": 351.42,
            "debt_ratio": 27.17,
            "inventory_turnover_ratio": 3.01,
            "account_receivable_turnover_ratio": 0.94,
            "reinvestment_rate": -1.01,
            "research_to_sale_ratio": null,
            "price_fair": 169.31,
            "eps_avg_yearly": 4.84,
            "eps_latest_yearly": 5.72,
            "eps_growth_yearly": 44.29
        },
        "20154": {
            "year_quarter": 20154,
            "year": 2015,
            "quarter": 4,
            "eps": 1.13,
            "eps_growth_year": -45.19,
            "eps_4q": 5.4,
            "eps_4q_growth_year": -6.47,
            "roe": 5.18,
            "roe_4q": 25.11,
            "gross_profit": 93857,
            "gross_margin": 40.52,
            "gross_margin_4q_avg": 38.57,
            "net_income": 39704,
            "net_income_4q": null,
            "revenue": 231643,
            "revenue_4q": null,
            "common_shares": 350480,
            "book_valuer_per_share": 22.4,
            "book_valuer_per_share_4q_avg": 21.64,
            "equity": 785047,
            "current_ratio": 335.46,
            "debt_ratio": 28.31,
            "inventory_turnover_ratio": 2.59,
            "account_receivable_turnover_ratio": 1.06,
            "reinvestment_rate": -1.61,
            "research_to_sale_ratio": null,
            "price_fair": 174.13,
            "eps_avg_yearly": 4.98,
            "eps_latest_yearly": 4.52,
            "eps_growth_yearly": 49.83
        },
        "20161": {
            "year_quarter": 20161,
            "year": 2016,
            "quarter": 1,
            "eps": 0.95,
            "eps_growth_year": -50.78,
            "eps_4q": 4.41,
            "eps_4q_growth_year": -32.7,
            "roe": 4.14,
            "roe_4q": 20.48,
            "gross_profit": 88465,
            "gross_margin": 37.66,
            "gross_margin_4q_avg": 37.41,
            "net_income": 33161,
            "net_income_4q": null,
            "revenue": 234907,
            "revenue_4q": null,
            "common_shares": 350480,
            "book_valuer_per_share": 23.35,
            "book_valuer_per_share_4q_avg": 21.73,
            "equity": 818208,
            "current_ratio": 352.72,
            "debt_ratio": 25.51,
            "inventory_turnover_ratio": 2.82,
            "account_receivable_turnover_ratio": 1.01,
            "reinvestment_rate": 2.68,
            "research_to_sale_ratio": null,
            "price_fair": 174.04,
            "eps_avg_yearly": 4.97,
            "eps_latest_yearly": 3.8,
            "eps_growth_yearly": 29.46
        },
        "20162": {
            "year_quarter": 20162,
            "year": 2016,
            "quarter": 2,
            "eps": 0.92,
            "eps_growth_year": 2.22,
            "eps_4q": 4.44,
            "eps_4q_growth_year": -31.39,
            "roe": 4.25,
            "roe_4q": 20.55,
            "gross_profit": 78356,
            "gross_margin": 36.94,
            "gross_margin_4q_avg": 37.49,
            "net_income": 32483,
            "net_income_4q": null,
            "revenue": 212117,
            "revenue_4q": null,
            "common_shares": 350480,
            "book_valuer_per_share": 20.27,
            "book_valuer_per_share_4q_avg": 21.83,
            "equity": 710499,
            "current_ratio": 227.64,
            "debt_ratio": 36.24,
            "inventory_turnover_ratio": 2.96,
            "account_receivable_turnover_ratio": 0.97,
            "reinvestment_rate": -0.26,
            "research_to_sale_ratio": null,
            "price_fair": 97.88,
            "eps_avg_yearly": 4.79,
            "eps_latest_yearly": 3.68,
            "eps_growth_yearly": 10.45
        },
        "20163": {
            "year_quarter": 20163,
            "year": 2016,
            "quarter": 3,
            "eps": 0.3,
            "eps_growth_year": -79.02,
            "eps_4q": 3.3,
            "eps_4q_growth_year": -47.8,
            "roe": 1.46,
            "roe_4q": 15.03,
            "gross_profit": 46077,
            "gross_margin": 27.23,
            "gross_margin_4q_avg": 35.59,
            "net_income": 10470,
            "net_income_4q": null,
            "revenue": 169213,
            "revenue_4q": null,
            "common_shares": 350480,
            "book_valuer_per_share": 20.57,
            "book_valuer_per_share_4q_avg": 21.65,
            "equity": 720969,
            "current_ratio": 379.81,
            "debt_ratio": 24.27,
            "inventory_turnover_ratio": 2.82,
            "account_receivable_turnover_ratio": 0.88,
            "reinvestment_rate": -1.13,
            "research_to_sale_ratio": null,
            "price_fair": 57.36,
            "eps_avg_yearly": 4.6,
            "eps_latest_yearly": 1.2,
            "eps_growth_yearly": 2.48
        },
        "20164": {
            "year_quarter": 20164,
            "year": 2016,
            "quarter": 4,
            "eps": 1.1,
            "eps_growth_year": -2.94,
            "eps_4q": 3.27,
            "eps_4q_growth_year": -39.39,
            "roe": 5.2,
            "roe_4q": 15.05,
            "gross_profit": 77327,
            "gross_margin": 38.93,
            "gross_margin_4q_avg": 35.19,
            "net_income": 38535,
            "net_income_4q": null,
            "revenue": 198618,
            "revenue_4q": null,
            "common_shares": 350480,
            "book_valuer_per_share": 21.73,
            "book_valuer_per_share_4q_avg": 21.48,
            "equity": 761666,
            "current_ratio": 394.94,
            "debt_ratio": 23.76,
            "inventory_turnover_ratio": 2.58,
            "account_receivable_turnover_ratio": 1.02,
            "reinvestment_rate": -2.96,
            "research_to_sale_ratio": null,
            "price_fair": 163.71,
            "eps_avg_yearly": 4.68,
            "eps_latest_yearly": 4.4,
            "eps_growth_yearly": 76.16
        },
        "20171": {
            "year_quarter": 20171,
            "year": 2017,
            "quarter": 1,
            "eps": 1.31,
            "eps_growth_year": 37.89,
            "eps_4q": 3.63,
            "eps_4q_growth_year": -17.67,
            "roe": 5.84,
            "roe_4q": 16.75,
            "gross_profit": 99241,
            "gross_margin": 42.19,
            "gross_margin_4q_avg": 36.32,
            "net_income": 45841,
            "net_income_4q": null,
            "revenue": 235222,
            "revenue_4q": null,
            "common_shares": 350480,
            "book_valuer_per_share": 23.04,
            "book_valuer_per_share_4q_avg": 21.4,
            "equity": 807507,
            "current_ratio": 383.33,
            "debt_ratio": 23.6,
            "inventory_turnover_ratio": 2.53,
            "account_receivable_turnover_ratio": 1.13,
            "reinvestment_rate": 0.82,
            "research_to_sale_ratio": null,
            "price_fair": 164.06,
            "eps_avg_yearly": 4.69,
            "eps_latest_yearly": 5.24,
            "eps_growth_yearly": 64.7
        },
        "20172": {
            "year_quarter": 20172,
            "year": 2017,
            "quarter": 2,
            "eps": 0.86,
            "eps_growth_year": -6.52,
            "eps_4q": 3.57,
            "eps_4q_growth_year": -19.77,
            "roe": 3.82,
            "roe_4q": 16.32,
            "gross_profit": 73858,
            "gross_margin": 36.08,
            "gross_margin_4q_avg": 36.11,
            "net_income": 30117,
            "net_income_4q": null,
            "revenue": 204712,
            "revenue_4q": null,
            "common_shares": 350480,
            "book_valuer_per_share": 21.9,
            "book_valuer_per_share_4q_avg": 21.81,
            "equity": 767528,
            "current_ratio": 292.22,
            "debt_ratio": 29.34,
            "inventory_turnover_ratio": 2.45,
            "account_receivable_turnover_ratio": 0.99,
            "reinvestment_rate": 1.94,
            "research_to_sale_ratio": null,
            "price_fair": 161.44,
            "eps_avg_yearly": 4.61,
            "eps_latest_yearly": 3.44,
            "eps_growth_yearly": 58.28
        },
        "20173": {
            "year_quarter": 20173,
            "year": 2017,
            "quarter": 3,
            "eps": 1.24,
            "eps_growth_year": 313.33,
            "eps_4q": 4.51,
            "eps_4q_growth_year": 36.38,
            "roe": 5.51,
            "roe_4q": 20.37,
            "gross_profit": 82535,
            "gross_margin": 37.14,
            "gross_margin_4q_avg": 38.59,
            "net_income": 43460,
            "net_income_4q": null,
            "revenue": 222244,
            "revenue_4q": null,
            "common_shares": 350480,
            "book_valuer_per_share": 23.14,
            "book_valuer_per_share_4q_avg": 22.45,
            "equity": 810988,
            "current_ratio": 369.14,
            "debt_ratio": 24.59,
            "inventory_turnover_ratio": 2.61,
            "account_receivable_turnover_ratio": 1.11,
            "reinvestment_rate": 2.53,
            "research_to_sale_ratio": null,
            "price_fair": 165.55,
            "eps_avg_yearly": 4.73,
            "eps_latest_yearly": 4.96,
            "eps_growth_yearly": 77.73
        },
        "20174": {
            "year_quarter": 20174,
            "year": 2017,
            "quarter": 4,
            "eps": 0.76,
            "eps_growth_year": -31.14,
            "eps_4q": 4.16,
            "eps_4q_growth_year": 27.3,
            "roe": 3.23,
            "roe_4q": 18.4,
            "gross_profit": 59536,
            "gross_margin": 32.37,
            "gross_margin_4q_avg": 36.95,
            "net_income": 26534,
            "net_income_4q": null,
            "revenue": 183929,
            "revenue_4q": null,
            "common_shares": 350480,
            "book_valuer_per_share": 23.76,
            "book_valuer_per_share_4q_avg": 22.96,
            "equity": 832589,
            "current_ratio": 404.3,
            "debt_ratio": 23.73,
            "inventory_turnover_ratio": 2.12,
            "account_receivable_turnover_ratio": 0.93,
            "reinvestment_rate": 1.39,
            "research_to_sale_ratio": null,
            "price_fair": 162.75,
            "eps_avg_yearly": 4.65,
            "eps_latest_yearly": 3.04,
            "eps_growth_yearly": 57.99
        },
        "20181": {
            "year_quarter": 20181,
            "year": 2018,
            "quarter": 1,
            "eps": 0.84,
            "eps_growth_year": -35.88,
            "eps_4q": 3.69,
            "eps_4q_growth_year": 1.68,
            "roe": 3.46,
            "roe_4q": 16.02,
            "gross_profit": 56620,
            "gross_margin": 28.17,
            "gross_margin_4q_avg": 33.44,
            "net_income": 29351,
            "net_income_4q": null,
            "revenue": 200996,
            "revenue_4q": null,
            "common_shares": 350480,
            "book_valuer_per_share": 24.59,
            "book_valuer_per_share_4q_avg": 23.35,
            "equity": 861940,
            "current_ratio": 421.31,
            "debt_ratio": 23.15,
            "inventory_turnover_ratio": 2.29,
            "account_receivable_turnover_ratio": 1.07,
            "reinvestment_rate": 1.26,
            "research_to_sale_ratio": null,
            "price_fair": 160.13,
            "eps_avg_yearly": 4.58,
            "eps_latest_yearly": 3.36,
            "eps_growth_yearly": 59.23
        },
        "20182": {
            "year_quarter": 20182,
            "year": 2018,
            "quarter": 2,
            "eps": 0.88,
            "eps_growth_year": 2.33,
            "eps_4q": 3.72,
            "eps_4q_growth_year": 4.25,
            "roe": 3.79,
            "roe_4q": 15.99,
            "gross_profit": 60139,
            "gross_margin": 30.37,
            "gross_margin_4q_avg": 32.01,
            "net_income": 30923,
            "net_income_4q": null,
            "revenue": 198019,
            "revenue_4q": null,
            "common_shares": 350480,
            "book_valuer_per_share": 21.98,
            "book_valuer_per_share_4q_avg": 23.37,
            "equity": 770195,
            "current_ratio": 273.95,
            "debt_ratio": 32.44,
            "inventory_turnover_ratio": 2.16,
            "account_receivable_turnover_ratio": 1.04,
            "reinvestment_rate": 1.09,
            "research_to_sale_ratio": null,
            "price_fair": 159.25,
            "eps_avg_yearly": 4.55,
            "eps_latest_yearly": 3.52,
            "eps_growth_yearly": 63.93
        },
        "20183": {
            "year_quarter": 20183,
            "year": 2018,
            "quarter": 3,
            "eps": 0.17,
            "eps_growth_year": -86.29,
            "eps_4q": 2.65,
            "eps_4q_growth_year": -41.25,
            "roe": 0.77,
            "roe_4q": 11.25,
            "gross_profit": 34139,
            "gross_margin": 21.03,
            "gross_margin_4q_avg": 27.99,
            "net_income": 5983,
            "net_income_4q": null,
            "revenue": 162335,
            "revenue_4q": null,
            "common_shares": 350480,
            "book_valuer_per_share": 22.15,
            "book_valuer_per_share_4q_avg": 23.12,
            "equity": 776178,
            "current_ratio": 488,
            "debt_ratio": 21.23,
            "inventory_turnover_ratio": 2.11,
            "account_receivable_turnover_ratio": 0.88,
            "reinvestment_rate": 1.71,
            "research_to_sale_ratio": null,
            "price_fair": 146.91,
            "eps_avg_yearly": 4.2,
            "eps_latest_yearly": 0.68,
            "eps_growth_yearly": 28.45
        },
        "20184": {
            "year_quarter": 20184,
            "year": 2018,
            "quarter": 4,
            "eps": 0.67,
            "eps_growth_year": -10.9,
            "eps_4q": 2.57,
            "eps_4q_growth_year": -38.41,
            "roe": 2.98,
            "roe_4q": 11,
            "gross_profit": 56873,
            "gross_margin": 32.62,
            "gross_margin_4q_avg": 28.05,
            "net_income": 23642,
            "net_income_4q": null,
            "revenue": 174325,
            "revenue_4q": null,
            "common_shares": 350480,
            "book_valuer_per_share": 23.07,
            "book_valuer_per_share_4q_avg": 22.95,
            "equity": 808612,
            "current_ratio": 499.97,
            "debt_ratio": 19.96,
            "inventory_turnover_ratio": 2.02,
            "account_receivable_turnover_ratio": 1.03,
            "reinvestment_rate": 1.35,
            "research_to_sale_ratio": null,
            "price_fair": 134.66,
            "eps_avg_yearly": 3.85,
            "eps_latest_yearly": 2.68,
            "eps_growth_yearly": 94.23
        },
        "20191": {
            "year_quarter": 20191,
            "year": 2019,
            "quarter": 1,
            "eps": 0.57,
            "eps_growth_year": -32.14,
            "eps_4q": 2.29,
            "eps_4q_growth_year": -37.9,
            "roe": 2.43,
            "roe_4q": 9.969999999999999,
            "gross_profit": 54704,
            "gross_margin": 30.19,
            "gross_margin_4q_avg": 28.55,
            "net_income": 19851,
            "net_income_4q": null,
            "revenue": 181189,
            "revenue_4q": null,
            "common_shares": 350480,
            "book_valuer_per_share": 23.64,
            "book_valuer_per_share_4q_avg": 22.71,
            "equity": 828463,
            "current_ratio": 479.19,
            "debt_ratio": 20.66,
            "inventory_turnover_ratio": 2.24,
            "account_receivable_turnover_ratio": 0.98,
            "reinvestment_rate": 0.84,
            "research_to_sale_ratio": null,
            "price_fair": 122.76,
            "eps_avg_yearly": 3.51,
            "eps_latest_yearly": 2.28,
            "eps_growth_yearly": 92.19
        },
        "20192": {
            "year_quarter": 20192,
            "year": 2019,
            "quarter": 2,
            "eps": 1.23,
            "eps_growth_year": 39.77,
            "eps_4q": 2.65,
            "eps_4q_growth_year": -28.74,
            "roe": 5.39,
            "roe_4q": 11.57,
            "gross_profit": 82858,
            "gross_margin": 39.56,
            "gross_margin_4q_avg": 30.85,
            "net_income": 43356,
            "net_income_4q": null,
            "revenue": 209426,
            "revenue_4q": null,
            "common_shares": 350480,
            "book_valuer_per_share": 22.27,
            "book_valuer_per_share_4q_avg": 22.78,
            "equity": 780694,
            "current_ratio": 300.68,
            "debt_ratio": 29.59,
            "inventory_turnover_ratio": 2.28,
            "account_receivable_turnover_ratio": 0.96,
            "reinvestment_rate": -4.46,
            "research_to_sale_ratio": null,
            "price_fair": 125.65,
            "eps_avg_yearly": 3.59,
            "eps_latest_yearly": 4.92,
            "eps_growth_yearly": 134.48
        },
        "20193": {
            "year_quarter": 20193,
            "year": 2019,
            "quarter": 3,
            "eps": 1.18,
            "eps_growth_year": 594.12,
            "eps_4q": 3.66,
            "eps_4q_growth_year": 38.21,
            "roe": 5.17,
            "roe_4q": 15.969999999999999,
            "gross_profit": 86549,
            "gross_margin": 40.34,
            "gross_margin_4q_avg": 35.68,
            "net_income": 41400,
            "net_income_4q": null,
            "revenue": 214553,
            "revenue_4q": null,
            "common_shares": 350480,
            "book_valuer_per_share": 23.46,
            "book_valuer_per_share_4q_avg": 23.11,
            "equity": 822094,
            "current_ratio": 406.28,
            "debt_ratio": 22.92,
            "inventory_turnover_ratio": 2.03,
            "account_receivable_turnover_ratio": 0.91,
            "reinvestment_rate": -3.48,
            "research_to_sale_ratio": null,
            "price_fair": 123.46,
            "eps_avg_yearly": 3.53,
            "eps_latest_yearly": 4.72,
            "eps_growth_yearly": 118.74
        },
        "20194": {
            "year_quarter": 20194,
            "year": 2019,
            "quarter": 4,
            "eps": 1.37,
            "eps_growth_year": 102.59,
            "eps_4q": 4.35,
            "eps_4q_growth_year": 69.64,
            "roe": 5.68,
            "roe_4q": 18.669999999999998,
            "gross_profit": 107739,
            "gross_margin": 39.48,
            "gross_margin_4q_avg": 37.39,
            "net_income": 47896,
            "net_income_4q": null,
            "revenue": 272899,
            "revenue_4q": null,
            "common_shares": 350480,
            "book_valuer_per_share": 24.67,
            "book_valuer_per_share_4q_avg": 23.51,
            "equity": 864764,
            "current_ratio": 344.37,
            "debt_ratio": 26.06,
            "inventory_turnover_ratio": 2.32,
            "account_receivable_turnover_ratio": 1.1,
            "reinvestment_rate": 1.92,
            "research_to_sale_ratio": null,
            "price_fair": 125.56,
            "eps_avg_yearly": 3.59,
            "eps_latest_yearly": 5.48,
            "eps_growth_yearly": 128.01
        },
        "20201": {
            "year_quarter": 20201,
            "year": 2020,
            "quarter": 1,
            "eps": 1.02,
            "eps_growth_year": 78.95,
            "eps_4q": 4.81,
            "eps_4q_growth_year": 109.51,
            "roe": 4.31,
            "roe_4q": 20.549999999999997,
            "gross_profit": 71756,
            "gross_margin": 35.21,
            "gross_margin_4q_avg": 38.65,
            "net_income": 35792,
            "net_income_4q": null,
            "revenue": 203784,
            "revenue_4q": null,
            "common_shares": 350480,
            "book_valuer_per_share": 22.69,
            "book_valuer_per_share_4q_avg": 23.27,
            "equity": 795412,
            "current_ratio": 267.99,
            "debt_ratio": 31.36,
            "inventory_turnover_ratio": 1.98,
            "account_receivable_turnover_ratio": 0.86,
            "reinvestment_rate": -2.25,
            "research_to_sale_ratio": null,
            "price_fair": 126.18,
            "eps_avg_yearly": 3.61,
            "eps_latest_yearly": 4.08,
            "eps_growth_yearly": 125.6
        },
        "20202": {
            "year_quarter": 20202,
            "year": 2020,
            "quarter": 2,
            "eps": 0.55,
            "eps_growth_year": -55.28,
            "eps_4q": 4.12,
            "eps_4q_growth_year": 55.51,
            "roe": 2.39,
            "roe_4q": 17.549999999999997,
            "gross_profit": 53638,
            "gross_margin": 29.28,
            "gross_margin_4q_avg": 36.08,
            "net_income": 19277,
            "net_income_4q": null,
            "revenue": 183179,
            "revenue_4q": null,
            "common_shares": 350480,
            "book_valuer_per_share": 23.24,
            "book_valuer_per_share_4q_avg": 23.52,
            "equity": 814689,
            "current_ratio": 277.63,
            "debt_ratio": 30.03,
            "inventory_turnover_ratio": 2.18,
            "account_receivable_turnover_ratio": 0.89,
            "reinvestment_rate": 1.56,
            "research_to_sale_ratio": null,
            "price_fair": 122.94,
            "eps_avg_yearly": 3.51,
            "eps_latest_yearly": 2.2,
            "eps_growth_yearly": 114.87
        },
        "20203": {
            "year_quarter": 20203,
            "year": 2020,
            "quarter": 3,
            "eps": 0.59,
            "eps_growth_year": -50,
            "eps_4q": 3.53,
            "eps_4q_growth_year": -3.61,
            "roe": 2.5,
            "roe_4q": 14.879999999999999,
            "gross_profit": 55647,
            "gross_margin": 32.07,
            "gross_margin_4q_avg": 34.01,
            "net_income": 20648,
            "net_income_4q": null,
            "revenue": 173532,
            "revenue_4q": null,
            "common_shares": 350480,
            "book_valuer_per_share": 23.83,
            "book_valuer_per_share_4q_avg": 23.61,
            "equity": 835337,
            "current_ratio": 431.45,
            "debt_ratio": 21.17,
            "inventory_turnover_ratio": 2.08,
            "account_receivable_turnover_ratio": 0.94,
            "reinvestment_rate": 2.81,
            "research_to_sale_ratio": null,
            "price_fair": 125.48,
            "eps_avg_yearly": 3.59,
            "eps_latest_yearly": 2.36,
            "eps_growth_yearly": 133.54
        },
        "20204": {
            "year_quarter": 20204,
            "year": 2020,
            "quarter": 4,
            "eps": 1.08,
            "eps_growth_year": -20.89,
            "eps_4q": 3.24,
            "eps_4q_growth_year": -25.51,
            "roe": 4.43,
            "roe_4q": 13.629999999999999,
            "gross_profit": 72536,
            "gross_margin": 39.36,
            "gross_margin_4q_avg": 33.98,
            "net_income": 37890,
            "net_income_4q": null,
            "revenue": 184281,
            "revenue_4q": null,
            "common_shares": 350480,
            "book_valuer_per_share": 24.97,
            "book_valuer_per_share_4q_avg": 23.68,
            "equity": 875282,
            "current_ratio": 404.25,
            "debt_ratio": 21.55,
            "inventory_turnover_ratio": 1.89,
            "account_receivable_turnover_ratio": 0.97,
            "reinvestment_rate": 9.65,
            "research_to_sale_ratio": null,
            "price_fair": 125.3,
            "eps_avg_yearly": 3.58,
            "eps_latest_yearly": 4.32,
            "eps_growth_yearly": 87.63
        },
        "20211": {
            "year_quarter": 20211,
            "year": 2021,
            "quarter": 1,
            "eps": 0.36,
            "eps_growth_year": -64.71,
            "eps_4q": 2.58,
            "eps_4q_growth_year": -46.37,
            "roe": 1.51,
            "roe_4q": 10.83,
            "gross_profit": 40136,
            "gross_margin": 24.94,
            "gross_margin_4q_avg": 31.41,
            "net_income": 12523,
            "net_income_4q": null,
            "revenue": 160961,
            "revenue_4q": null,
            "common_shares": 350480,
            "book_valuer_per_share": 22.33,
            "book_valuer_per_share_4q_avg": 23.59,
            "equity": 782661,
            "current_ratio": 255.94,
            "debt_ratio": 29.33,
            "inventory_turnover_ratio": 1.85,
            "account_receivable_turnover_ratio": 0.85,
            "reinvestment_rate": 7.03,
            "research_to_sale_ratio": null,
            "price_fair": 116.99,
            "eps_avg_yearly": 3.34,
            "eps_latest_yearly": 1.44,
            "eps_growth_yearly": 66.2
        },
        "20212": {
            "year_quarter": 20212,
            "year": 2021,
            "quarter": 2,
            "eps": 0.82,
            "eps_growth_year": 49.09,
            "eps_4q": 2.85,
            "eps_4q_growth_year": -30.81,
            "roe": 3.62,
            "roe_4q": 12.059999999999999,
            "gross_profit": 57993,
            "gross_margin": 32.52,
            "gross_margin_4q_avg": 32.22,
            "net_income": 28819,
            "net_income_4q": null,
            "revenue": 178308,
            "revenue_4q": null,
            "common_shares": 350480,
            "book_valuer_per_share": 23.15,
            "book_valuer_per_share_4q_avg": 23.57,
            "equity": 811480,
            "current_ratio": 270.92,
            "debt_ratio": 28.03,
            "inventory_turnover_ratio": 1.49,
            "account_receivable_turnover_ratio": 0.99,
            "reinvestment_rate": 8.37,
            "research_to_sale_ratio": null,
            "price_fair": 116.64,
            "eps_avg_yearly": 3.33,
            "eps_latest_yearly": 3.28,
            "eps_growth_yearly": 106.73
        },
        "20213": {
            "year_quarter": 20213,
            "year": 2021,
            "quarter": 3,
            "eps": 0.82,
            "eps_growth_year": 38.98,
            "eps_4q": 3.08,
            "eps_4q_growth_year": -12.56,
            "roe": 3.49,
            "roe_4q": 13.05,
            "gross_profit": 62443,
            "gross_margin": 30.58,
            "gross_margin_4q_avg": 31.85,
            "net_income": 28858,
            "net_income_4q": null,
            "revenue": 204226,
            "revenue_4q": null,
            "common_shares": 350480,
            "book_valuer_per_share": 23.98,
            "book_valuer_per_share_4q_avg": 23.61,
            "equity": 840338,
            "current_ratio": 377.84,
            "debt_ratio": 20.71,
            "inventory_turnover_ratio": 1.52,
            "account_receivable_turnover_ratio": 0.98,
            "reinvestment_rate": 10.66,
            "research_to_sale_ratio": null,
            "price_fair": 112.96,
            "eps_avg_yearly": 3.23,
            "eps_latest_yearly": 3.28,
            "eps_growth_yearly": 95.68
        },
        "20214": {
            "year_quarter": 20214,
            "year": 2021,
            "quarter": 4,
            "eps": 0.95,
            "eps_growth_year": -12.41,
            "eps_4q": 2.95,
            "eps_4q_growth_year": -8.99,
            "roe": 3.87,
            "roe_4q": 12.49,
            "gross_profit": 72914,
            "gross_margin": 35.39,
            "gross_margin_4q_avg": 30.86,
            "net_income": 33189,
            "net_income_4q": null,
            "revenue": 206045,
            "revenue_4q": null,
            "common_shares": 350480,
            "book_valuer_per_share": 24.91,
            "book_valuer_per_share_4q_avg": 23.59,
            "equity": 873118,
            "current_ratio": 413.82,
            "debt_ratio": 19.54,
            "inventory_turnover_ratio": 1.44,
            "account_receivable_turnover_ratio": 0.88,
            "reinvestment_rate": 11.18,
            "research_to_sale_ratio": null,
            "price_fair": 114.63,
            "eps_avg_yearly": 3.28,
            "eps_latest_yearly": 3.8,
            "eps_growth_yearly": 109.32
        },
        "20221": {
            "year_quarter": 20221,
            "year": 2022,
            "quarter": 1,
            "eps": 0.59,
            "eps_growth_year": 63.89,
            "eps_4q": 3.18,
            "eps_4q_growth_year": 23.35,
            "roe": 2.48,
            "roe_4q": 13.46,
            "gross_profit": 42412,
            "gross_margin": 25.15,
            "gross_margin_4q_avg": 30.91,
            "net_income": 20568,
            "net_income_4q": null,
            "revenue": 168630,
            "revenue_4q": null,
            "common_shares": 350480,
            "book_valuer_per_share": 22.5,
            "book_valuer_per_share_4q_avg": 23.64,
            "equity": 788542,
            "current_ratio": 277.68,
            "debt_ratio": 26.54,
            "inventory_turnover_ratio": 1.43,
            "account_receivable_turnover_ratio": 0.79,
            "reinvestment_rate": 11.22,
            "research_to_sale_ratio": null,
            "price_fair": 112.44,
            "eps_avg_yearly": 3.21,
            "eps_latest_yearly": 2.36,
            "eps_growth_yearly": 97.22
        },
        "20222": {
            "year_quarter": 20222,
            "year": 2022,
            "quarter": 2,
            "eps": 0.03,
            "eps_growth_year": -96.34,
            "eps_4q": 2.38,
            "eps_4q_growth_year": -16.32,
            "roe": 0.12,
            "roe_4q": 9.96,
            "gross_profit": 19889,
            "gross_margin": 13.84,
            "gross_margin_4q_avg": 26.24,
            "net_income": 967,
            "net_income_4q": null,
            "revenue": 143721,
            "revenue_4q": null,
            "common_shares": 350480,
            "book_valuer_per_share": 22.53,
            "book_valuer_per_share_4q_avg": 23.48,
            "equity": 789509,
            "current_ratio": 286.85,
            "debt_ratio": 25.98,
            "inventory_turnover_ratio": 1.46,
            "account_receivable_turnover_ratio": 0.84,
            "reinvestment_rate": 11.78,
            "research_to_sale_ratio": null,
            "price_fair": 105,
            "eps_avg_yearly": 3,
            "eps_latest_yearly": 0.12,
            "eps_growth_yearly": 72.3
        },
        "20223": {
            "year_quarter": 20223,
            "year": 2022,
            "quarter": 3,
            "eps": 0.3,
            "eps_growth_year": -63.41,
            "eps_4q": 1.86,
            "eps_4q_growth_year": -39.69,
            "roe": 1.32,
            "roe_4q": 7.79,
            "gross_profit": 25952,
            "gross_margin": 16.63,
            "gross_margin_4q_avg": 22.75,
            "net_income": 10460,
            "net_income_4q": null,
            "revenue": 156055,
            "revenue_4q": null,
            "common_shares": 350480,
            "book_valuer_per_share": 22.82,
            "book_valuer_per_share_4q_avg": 23.19,
            "equity": 799969,
            "current_ratio": 476.73,
            "debt_ratio": 16.76,
            "inventory_turnover_ratio": 1.73,
            "account_receivable_turnover_ratio": 0.97,
            "reinvestment_rate": 10.24,
            "research_to_sale_ratio": null,
            "price_fair": 106.14,
            "eps_avg_yearly": 3.03,
            "eps_latest_yearly": 1.2,
            "eps_growth_yearly": 317.47
        },
        "20224": {
            "year_quarter": 20224,
            "year": 2022,
            "quarter": 4,
            "eps": -0.11,
            "eps_growth_year": -111.47,
            "eps_4q": 0.8,
            "eps_4q_growth_year": -72.74,
            "roe": -0.48,
            "roe_4q": 3.44,
            "gross_profit": 16326,
            "gross_margin": 13.46,
            "gross_margin_4q_avg": 17.27,
            "net_income": -3807,
            "net_income_4q": null,
            "revenue": 121255,
            "revenue_4q": null,
            "common_shares": 350480,
            "book_valuer_per_share": 22.91,
            "book_valuer_per_share_4q_avg": 22.69,
            "equity": 802969,
            "current_ratio": 538.14,
            "debt_ratio": 14.49,
            "inventory_turnover_ratio": 1.67,
            "account_receivable_turnover_ratio": 0.81,
            "reinvestment_rate": 9.7,
            "research_to_sale_ratio": null,
            "price_fair": 106.96,
            "eps_avg_yearly": 3.06,
            "eps_latest_yearly": 1.2,
            "eps_growth_yearly": 260.2
        },
        "20231": {
            "year_quarter": 20231,
            "year": 2023,
            "quarter": 1,
            "eps": -0.46,
            "eps_growth_year": -177.97,
            "eps_4q": -0.24,
            "eps_4q_growth_year": -107.64,
            "roe": -2.12,
            "roe_4q": -1.1600000000000001,
            "gross_profit": -366,
            "gross_margin": -0.37,
            "gross_margin_4q_avg": 10.89,
            "net_income": -16138,
            "net_income_4q": null,
            "revenue": 98179,
            "revenue_4q": null,
            "common_shares": 350480,
            "book_valuer_per_share": 20.45,
            "book_valuer_per_share_4q_avg": 22.18,
            "equity": 716735,
            "current_ratio": 334.9,
            "debt_ratio": 20.68,
            "inventory_turnover_ratio": 1.69,
            "account_receivable_turnover_ratio": 0.82,
            "reinvestment_rate": 9.57,
            "research_to_sale_ratio": null,
            "price_fair": 108.9,
            "eps_avg_yearly": 3.11,
            "eps_latest_yearly": 1.2,
            "eps_growth_yearly": 283.05
        },
        "20232": {
            "year_quarter": 20232,
            "year": 2023,
            "quarter": 2,
            "eps": -0.9,
            "eps_growth_year": -3100,
            "eps_4q": -1.18,
            "eps_4q_growth_year": -149.28,
            "roe": -4.52,
            "roe_4q": -5.799999999999999,
            "gross_profit": -21305,
            "gross_margin": -27.41,
            "gross_margin_4q_avg": 0.58,
            "net_income": -31702,
            "net_income_4q": null,
            "revenue": 77741,
            "revenue_4q": null,
            "common_shares": 350480,
            "book_valuer_per_share": 19.55,
            "book_valuer_per_share_4q_avg": 21.43,
            "equity": 685033,
            "current_ratio": 335.24,
            "debt_ratio": 20.15,
            "inventory_turnover_ratio": 1.94,
            "account_receivable_turnover_ratio": 0.79,
            "reinvestment_rate": 8.84,
            "research_to_sale_ratio": null,
            "price_fair": 104.03,
            "eps_avg_yearly": 2.97,
            "eps_latest_yearly": 1.2,
            "eps_growth_yearly": 269.2
        },
        "20233": {
            "year_quarter": 20233,
            "year": 2023,
            "quarter": 3,
            "eps": -0.82,
            "eps_growth_year": -373.33,
            "eps_4q": -2.29,
            "eps_4q_growth_year": -223.31,
            "roe": -4.28,
            "roe_4q": -11.400000000000002,
            "gross_profit": -24897,
            "gross_margin": -36.48,
            "gross_margin_4q_avg": -12.7,
            "net_income": -28730,
            "net_income_4q": null,
            "revenue": 68247,
            "revenue_4q": null,
            "common_shares": 350480,
            "book_valuer_per_share": 18.73,
            "book_valuer_per_share_4q_avg": 20.41,
            "equity": 656303,
            "current_ratio": 538.66,
            "debt_ratio": 12.69,
            "inventory_turnover_ratio": 2.19,
            "account_receivable_turnover_ratio": 0.85,
            "reinvestment_rate": -1.21,
            "research_to_sale_ratio": null,
            "price_fair": 98.93,
            "eps_avg_yearly": 2.83,
            "eps_latest_yearly": 1.2,
            "eps_growth_yearly": 292.98
        }
    },
    "months": {
        "2003-02": {
            "month": "2003-02",
            "price": "12.82",
            "revenue": 61190
        },
        "2003-03": {
            "month": "2003-03",
            "price": "10.95",
            "revenue": 76048
        },
        "2003-04": {
            "month": "2003-04",
            "price": "10.00",
            "revenue": 67467
        },
        "2003-05": {
            "month": "2003-05",
            "price": "6.67",
            "revenue": 36057
        },
        "2003-06": {
            "month": "2003-06",
            "price": "7.69",
            "revenue": 41651
        },
        "2003-07": {
            "month": "2003-07",
            "price": "7.71",
            "revenue": 46791
        },
        "2003-08": {
            "month": "2003-08",
            "price": "7.53",
            "revenue": 63556
        },
        "2003-09": {
            "month": "2003-09",
            "price": "6.18",
            "revenue": 59688
        },
        "2003-10": {
            "month": "2003-10",
            "price": "6.29",
            "revenue": 75413
        },
        "2003-11": {
            "month": "2003-11",
            "price": "6.90",
            "revenue": 64917
        },
        "2003-12": {
            "month": "2003-12",
            "price": "7.08",
            "revenue": 63278
        },
        "2004-01": {
            "month": "2004-01",
            "price": "7.28",
            "revenue": 54697
        },
        "2004-02": {
            "month": "2004-02",
            "price": "8.68",
            "revenue": 64150
        },
        "2004-03": {
            "month": "2004-03",
            "price": "8.37",
            "revenue": 73144
        },
        "2004-04": {
            "month": "2004-04",
            "price": "8.65",
            "revenue": 46031
        },
        "2004-05": {
            "month": "2004-05",
            "price": "7.95",
            "revenue": 68004
        },
        "2004-06": {
            "month": "2004-06",
            "price": "7.47",
            "revenue": 44992
        },
        "2004-07": {
            "month": "2004-07",
            "price": "6.75",
            "revenue": 50170
        },
        "2004-08": {
            "month": "2004-08",
            "price": "6.44",
            "revenue": 60022
        },
        "2004-09": {
            "month": "2004-09",
            "price": "5.15",
            "revenue": 58549
        },
        "2004-10": {
            "month": "2004-10",
            "price": "5.08",
            "revenue": 69136
        },
        "2004-11": {
            "month": "2004-11",
            "price": "4.86",
            "revenue": 54427
        },
        "2004-12": {
            "month": "2004-12",
            "price": "4.47",
            "revenue": 53311
        },
        "2005-01": {
            "month": "2005-01",
            "price": "3.97",
            "revenue": 60803
        },
        "2005-02": {
            "month": "2005-02",
            "price": "4.15",
            "revenue": 39354
        },
        "2005-03": {
            "month": "2005-03",
            "price": "4.20",
            "revenue": 89248
        },
        "2005-04": {
            "month": "2005-04",
            "price": "4.09",
            "revenue": 53223
        },
        "2005-05": {
            "month": "2005-05",
            "price": "4.13",
            "revenue": 59719
        },
        "2005-06": {
            "month": "2005-06",
            "price": "3.93",
            "revenue": 60885
        },
        "2005-07": {
            "month": "2005-07",
            "price": "3.82",
            "revenue": 61574
        },
        "2005-08": {
            "month": "2005-08",
            "price": "3.71",
            "revenue": 72899
        },
        "2005-09": {
            "month": "2005-09",
            "price": "3.52",
            "revenue": 69173
        },
        "2005-10": {
            "month": "2005-10",
            "price": "4.37",
            "revenue": 76798
        },
        "2005-11": {
            "month": "2005-11",
            "price": "4.36",
            "revenue": 85480
        },
        "2005-12": {
            "month": "2005-12",
            "price": "5.28",
            "revenue": 66865
        },
        "2006-01": {
            "month": "2006-01",
            "price": "7.03",
            "revenue": 60128
        },
        "2006-02": {
            "month": "2006-02",
            "price": "5.95",
            "revenue": 55619
        },
        "2006-03": {
            "month": "2006-03",
            "price": "5.43",
            "revenue": 80762
        },
        "2006-04": {
            "month": "2006-04",
            "price": "6.38",
            "revenue": 63523
        },
        "2006-05": {
            "month": "2006-05",
            "price": "8.73",
            "revenue": 72719
        },
        "2006-06": {
            "month": "2006-06",
            "price": "8.22",
            "revenue": 63801
        },
        "2006-07": {
            "month": "2006-07",
            "price": "7.37",
            "revenue": 63583
        },
        "2006-08": {
            "month": "2006-08",
            "price": "7.06",
            "revenue": 67205
        },
        "2006-09": {
            "month": "2006-09",
            "price": "6.31",
            "revenue": 72029
        },
        "2006-10": {
            "month": "2006-10",
            "price": "6.57",
            "revenue": 58389
        },
        "2006-11": {
            "month": "2006-11",
            "price": "7.27",
            "revenue": 58711
        },
        "2006-12": {
            "month": "2006-12",
            "price": "9.58",
            "revenue": 53824
        },
        "2007-01": {
            "month": "2007-01",
            "price": "9.76",
            "revenue": 64613
        },
        "2007-02": {
            "month": "2007-02",
            "price": "9.56",
            "revenue": 33150
        },
        "2007-03": {
            "month": "2007-03",
            "price": "10.18",
            "revenue": 67514
        },
        "2007-04": {
            "month": "2007-04",
            "price": "12.05",
            "revenue": 72233
        },
        "2007-05": {
            "month": "2007-05",
            "price": "13.13",
            "revenue": 79514
        },
        "2007-06": {
            "month": "2007-06",
            "price": "14.00",
            "revenue": 61392
        },
        "2007-07": {
            "month": "2007-07",
            "price": "14.74",
            "revenue": 71704
        },
        "2007-08": {
            "month": "2007-08",
            "price": "15.47",
            "revenue": 67090
        },
        "2007-09": {
            "month": "2007-09",
            "price": "18.78",
            "revenue": 65602
        },
        "2007-10": {
            "month": "2007-10",
            "price": "20.59",
            "revenue": 79022
        },
        "2007-11": {
            "month": "2007-11",
            "price": "19.99",
            "revenue": 85496
        },
        "2007-12": {
            "month": "2007-12",
            "price": "20.16",
            "revenue": 62279
        },
        "2008-01": {
            "month": "2008-01",
            "price": "19.99",
            "revenue": 70217
        },
        "2008-02": {
            "month": "2008-02",
            "price": "20.08",
            "revenue": 51946
        },
        "2008-03": {
            "month": "2008-03",
            "price": "24.93",
            "revenue": 71701
        },
        "2008-04": {
            "month": "2008-04",
            "price": "41.01",
            "revenue": 74384
        },
        "2008-05": {
            "month": "2008-05",
            "price": "35.29",
            "revenue": 74604
        },
        "2008-06": {
            "month": "2008-06",
            "price": "31.91",
            "revenue": 70920
        },
        "2008-07": {
            "month": "2008-07",
            "price": "29.84",
            "revenue": 61778
        },
        "2008-08": {
            "month": "2008-08",
            "price": "30.20",
            "revenue": 66954
        },
        "2008-09": {
            "month": "2008-09",
            "price": "27.50",
            "revenue": 55837
        },
        "2008-10": {
            "month": "2008-10",
            "price": "26.10",
            "revenue": 59189
        },
        "2008-11": {
            "month": "2008-11",
            "price": "23.72",
            "revenue": 49318
        },
        "2008-12": {
            "month": "2008-12",
            "price": "17.70",
            "revenue": 39382
        },
        "2009-01": {
            "month": "2009-01",
            "price": "13.35",
            "revenue": 33469
        },
        "2009-02": {
            "month": "2009-02",
            "price": "12.58",
            "revenue": 53087
        },
        "2009-03": {
            "month": "2009-03",
            "price": "18.18",
            "revenue": 45420
        },
        "2009-04": {
            "month": "2009-04",
            "price": "15.50",
            "revenue": 46721
        },
        "2009-05": {
            "month": "2009-05",
            "price": "14.10",
            "revenue": 38822
        },
        "2009-06": {
            "month": "2009-06",
            "price": "13.90",
            "revenue": 52585
        },
        "2009-07": {
            "month": "2009-07",
            "price": "16.28",
            "revenue": 51818
        },
        "2009-08": {
            "month": "2009-08",
            "price": "15.51",
            "revenue": 57012
        },
        "2009-09": {
            "month": "2009-09",
            "price": "15.28",
            "revenue": 61140
        },
        "2009-10": {
            "month": "2009-10",
            "price": "19.92",
            "revenue": 62808
        },
        "2009-11": {
            "month": "2009-11",
            "price": "17.00",
            "revenue": 70962
        },
        "2009-12": {
            "month": "2009-12",
            "price": "18.69",
            "revenue": 66399
        },
        "2010-01": {
            "month": "2010-01",
            "price": "18.54",
            "revenue": 78231
        },
        "2010-02": {
            "month": "2010-02",
            "price": "17.64",
            "revenue": 57787
        },
        "2010-03": {
            "month": "2010-03",
            "price": "24.72",
            "revenue": 88226
        },
        "2010-04": {
            "month": "2010-04",
            "price": "37.12",
            "revenue": 77716
        },
        "2010-05": {
            "month": "2010-05",
            "price": "36.97",
            "revenue": 90634
        },
        "2010-06": {
            "month": "2010-06",
            "price": "37.77",
            "revenue": 91637
        },
        "2010-07": {
            "month": "2010-07",
            "price": "41.79",
            "revenue": 88402
        },
        "2010-08": {
            "month": "2010-08",
            "price": "45.07",
            "revenue": 88648
        },
        "2010-09": {
            "month": "2010-09",
            "price": "47.61",
            "revenue": 86508
        },
        "2010-10": {
            "month": "2010-10",
            "price": "44.67",
            "revenue": 70460
        },
        "2010-11": {
            "month": "2010-11",
            "price": "42.22",
            "revenue": 78734
        },
        "2010-12": {
            "month": "2010-12",
            "price": "45.99",
            "revenue": 75002
        },
        "2011-01": {
            "month": "2011-01",
            "price": "47.01",
            "revenue": 98042
        },
        "2011-02": {
            "month": "2011-02",
            "price": "56.89",
            "revenue": 63752
        },
        "2011-03": {
            "month": "2011-03",
            "price": "57.70",
            "revenue": 101118
        },
        "2011-04": {
            "month": "2011-04",
            "price": "56.57",
            "revenue": 81307
        },
        "2011-05": {
            "month": "2011-05",
            "price": "51.35",
            "revenue": 99858
        },
        "2011-06": {
            "month": "2011-06",
            "price": "48.60",
            "revenue": 75909
        },
        "2011-07": {
            "month": "2011-07",
            "price": "46.85",
            "revenue": 73840
        },
        "2011-08": {
            "month": "2011-08",
            "price": "35.75",
            "revenue": 87854
        },
        "2011-09": {
            "month": "2011-09",
            "price": "33.86",
            "revenue": 83547
        },
        "2011-10": {
            "month": "2011-10",
            "price": "34.49",
            "revenue": 81049
        },
        "2011-11": {
            "month": "2011-11",
            "price": "41.40",
            "revenue": 69834
        },
        "2011-12": {
            "month": "2011-12",
            "price": "34.81",
            "revenue": 56894
        },
        "2012-01": {
            "month": "2012-01",
            "price": "32.65",
            "revenue": 70328
        },
        "2012-02": {
            "month": "2012-02",
            "price": "42.06",
            "revenue": 81363
        },
        "2012-03": {
            "month": "2012-03",
            "price": "46.57",
            "revenue": 101750
        },
        "2012-04": {
            "month": "2012-04",
            "price": "41.12",
            "revenue": 99705
        },
        "2012-05": {
            "month": "2012-05",
            "price": "45.58",
            "revenue": 113464
        },
        "2012-06": {
            "month": "2012-06",
            "price": "42.92",
            "revenue": 87839
        },
        "2012-07": {
            "month": "2012-07",
            "price": "40.87",
            "revenue": 97986
        },
        "2012-08": {
            "month": "2012-08",
            "price": "44.44",
            "revenue": 89409
        },
        "2012-09": {
            "month": "2012-09",
            "price": "52.28",
            "revenue": 72982
        },
        "2012-10": {
            "month": "2012-10",
            "price": "45.11",
            "revenue": 81923
        },
        "2012-11": {
            "month": "2012-11",
            "price": "38.96",
            "revenue": 78141
        },
        "2012-12": {
            "month": "2012-12",
            "price": "39.48",
            "revenue": 60235
        },
        "2013-01": {
            "month": "2013-01",
            "price": "41.37",
            "revenue": 100402
        },
        "2013-02": {
            "month": "2013-02",
            "price": "42.55",
            "revenue": 53826
        },
        "2013-03": {
            "month": "2013-03",
            "price": "42.77",
            "revenue": 101831
        },
        "2013-04": {
            "month": "2013-04",
            "price": "44.16",
            "revenue": 94663
        },
        "2013-05": {
            "month": "2013-05",
            "price": "45.55",
            "revenue": 93493
        },
        "2013-06": {
            "month": "2013-06",
            "price": "43.36",
            "revenue": 62819
        },
        "2013-07": {
            "month": "2013-07",
            "price": "44.04",
            "revenue": 86214
        },
        "2013-08": {
            "month": "2013-08",
            "price": "45.14",
            "revenue": 81274
        },
        "2013-09": {
            "month": "2013-09",
            "price": "46.06",
            "revenue": 70550
        },
        "2013-10": {
            "month": "2013-10",
            "price": "47.09",
            "revenue": 79541
        },
        "2013-11": {
            "month": "2013-11",
            "price": "44.61",
            "revenue": 89930
        },
        "2013-12": {
            "month": "2013-12",
            "price": "43.68",
            "revenue": 82891
        },
        "2014-01": {
            "month": "2014-01",
            "price": "45.80",
            "revenue": 79695
        },
        "2014-02": {
            "month": "2014-02",
            "price": "46.41",
            "revenue": 61218
        },
        "2014-03": {
            "month": "2014-03",
            "price": "46.51",
            "revenue": 89774
        },
        "2014-04": {
            "month": "2014-04",
            "price": "46.61",
            "revenue": 82408
        },
        "2014-05": {
            "month": "2014-05",
            "price": "45.39",
            "revenue": 92878
        },
        "2014-06": {
            "month": "2014-06",
            "price": "45.18",
            "revenue": 74912
        },
        "2014-07": {
            "month": "2014-07",
            "price": "45.86",
            "revenue": 85215
        },
        "2014-08": {
            "month": "2014-08",
            "price": "42.17",
            "revenue": 75449
        },
        "2014-09": {
            "month": "2014-09",
            "price": "40.70",
            "revenue": 107858
        },
        "2014-10": {
            "month": "2014-10",
            "price": "40.40",
            "revenue": 102625
        },
        "2014-11": {
            "month": "2014-11",
            "price": "43.43",
            "revenue": 99922
        },
        "2014-12": {
            "month": "2014-12",
            "price": "45.06",
            "revenue": 88262
        },
        "2015-01": {
            "month": "2015-01",
            "price": "46.70",
            "revenue": 111663
        },
        "2015-02": {
            "month": "2015-02",
            "price": "48.61",
            "revenue": 79596
        },
        "2015-03": {
            "month": "2015-03",
            "price": "56.11",
            "revenue": 108286
        },
        "2015-04": {
            "month": "2015-04",
            "price": "64.04",
            "revenue": 91692
        },
        "2015-05": {
            "month": "2015-05",
            "price": "64.64",
            "revenue": 76090
        },
        "2015-06": {
            "month": "2015-06",
            "price": "57.05",
            "revenue": 72925
        },
        "2015-07": {
            "month": "2015-07",
            "price": "50.79",
            "revenue": 76488
        },
        "2015-08": {
            "month": "2015-08",
            "price": "42.64",
            "revenue": 72715
        },
        "2015-09": {
            "month": "2015-09",
            "price": "41.22",
            "revenue": 64756
        },
        "2015-10": {
            "month": "2015-10",
            "price": "41.61",
            "revenue": 68792
        },
        "2015-11": {
            "month": "2015-11",
            "price": "43.85",
            "revenue": 85215
        },
        "2015-12": {
            "month": "2015-12",
            "price": "44.58",
            "revenue": 77636
        },
        "2016-01": {
            "month": "2016-01",
            "price": "42.29",
            "revenue": 90165
        },
        "2016-02": {
            "month": "2016-02",
            "price": "44.44",
            "revenue": 43577
        },
        "2016-03": {
            "month": "2016-03",
            "price": "47.08",
            "revenue": 101164
        },
        "2016-04": {
            "month": "2016-04",
            "price": "46.48",
            "revenue": 77040
        },
        "2016-05": {
            "month": "2016-05",
            "price": "43.64",
            "revenue": 74821
        },
        "2016-06": {
            "month": "2016-06",
            "price": "43.28",
            "revenue": 60256
        },
        "2016-07": {
            "month": "2016-07",
            "price": "44.63",
            "revenue": 59383
        },
        "2016-08": {
            "month": "2016-08",
            "price": "40.35",
            "revenue": 60840
        },
        "2016-09": {
            "month": "2016-09",
            "price": "38.83",
            "revenue": 48990
        },
        "2016-10": {
            "month": "2016-10",
            "price": "36.48",
            "revenue": 63550
        },
        "2016-11": {
            "month": "2016-11",
            "price": "32.70",
            "revenue": 82164
        },
        "2016-12": {
            "month": "2016-12",
            "price": "34.46",
            "revenue": 52905
        },
        "2017-01": {
            "month": "2017-01",
            "price": "33.76",
            "revenue": 90094
        },
        "2017-02": {
            "month": "2017-02",
            "price": "35.57",
            "revenue": 52603
        },
        "2017-03": {
            "month": "2017-03",
            "price": "36.22",
            "revenue": 92525
        },
        "2017-04": {
            "month": "2017-04",
            "price": "37.49",
            "revenue": 70069
        },
        "2017-05": {
            "month": "2017-05",
            "price": "41.09",
            "revenue": 71188
        },
        "2017-06": {
            "month": "2017-06",
            "price": "40.93",
            "revenue": 63455
        },
        "2017-07": {
            "month": "2017-07",
            "price": "40.96",
            "revenue": 54040
        },
        "2017-08": {
            "month": "2017-08",
            "price": "39.55",
            "revenue": 81258
        },
        "2017-09": {
            "month": "2017-09",
            "price": "40.35",
            "revenue": 86946
        },
        "2017-10": {
            "month": "2017-10",
            "price": "42.01",
            "revenue": 61829
        },
        "2017-11": {
            "month": "2017-11",
            "price": "43.45",
            "revenue": 63183
        },
        "2017-12": {
            "month": "2017-12",
            "price": "41.04",
            "revenue": 58917
        },
        "2018-01": {
            "month": "2018-01",
            "price": "41.06",
            "revenue": 79889
        },
        "2018-02": {
            "month": "2018-02",
            "price": "41.26",
            "revenue": 50617
        },
        "2018-03": {
            "month": "2018-03",
            "price": "42.89",
            "revenue": 70490
        },
        "2018-04": {
            "month": "2018-04",
            "price": "42.58",
            "revenue": 66796
        },
        "2018-05": {
            "month": "2018-05",
            "price": "42.16",
            "revenue": 70753
        },
        "2018-06": {
            "month": "2018-06",
            "price": "41.84",
            "revenue": 60471
        },
        "2018-07": {
            "month": "2018-07",
            "price": "41.43",
            "revenue": 52045
        },
        "2018-08": {
            "month": "2018-08",
            "price": "41.07",
            "revenue": 62132
        },
        "2018-09": {
            "month": "2018-09",
            "price": "37.41",
            "revenue": 48158
        },
        "2018-10": {
            "month": "2018-10",
            "price": "32.48",
            "revenue": 60931
        },
        "2018-11": {
            "month": "2018-11",
            "price": "29.77",
            "revenue": 46441
        },
        "2018-12": {
            "month": "2018-12",
            "price": "29.73",
            "revenue": 66953
        },
        "2019-01": {
            "month": "2019-01",
            "price": "29.53",
            "revenue": 71024
        },
        "2019-02": {
            "month": "2019-02",
            "price": "31.82",
            "revenue": 42560
        },
        "2019-03": {
            "month": "2019-03",
            "price": "34.27",
            "revenue": 67605
        },
        "2019-04": {
            "month": "2019-04",
            "price": "34.89",
            "revenue": 63324
        },
        "2019-05": {
            "month": "2019-05",
            "price": "35.25",
            "revenue": 81120
        },
        "2019-06": {
            "month": "2019-06",
            "price": "36.58",
            "revenue": 64983
        },
        "2019-07": {
            "month": "2019-07",
            "price": "37.25",
            "revenue": 62784
        },
        "2019-08": {
            "month": "2019-08",
            "price": "40.33",
            "revenue": 80903
        },
        "2019-09": {
            "month": "2019-09",
            "price": "43.03",
            "revenue": 70865
        },
        "2019-10": {
            "month": "2019-10",
            "price": "44.73",
            "revenue": 100088
        },
        "2019-11": {
            "month": "2019-11",
            "price": "48.26",
            "revenue": 82031
        },
        "2019-12": {
            "month": "2019-12",
            "price": "46.88",
            "revenue": 90779
        },
        "2020-01": {
            "month": "2020-01",
            "price": "46.80",
            "revenue": 84992
        },
        "2020-02": {
            "month": "2020-02",
            "price": "49.43",
            "revenue": 60757
        },
        "2020-03": {
            "month": "2020-03",
            "price": "44.38",
            "revenue": 58035
        },
        "2020-04": {
            "month": "2020-04",
            "price": "41.80",
            "revenue": 60323
        },
        "2020-05": {
            "month": "2020-05",
            "price": "44.74",
            "revenue": 70550
        },
        "2020-06": {
            "month": "2020-06",
            "price": "46.00",
            "revenue": 52306
        },
        "2020-07": {
            "month": "2020-07",
            "price": "45.83",
            "revenue": 72780
        },
        "2020-08": {
            "month": "2020-08",
            "price": "42.12",
            "revenue": 38518
        },
        "2020-09": {
            "month": "2020-09",
            "price": "38.73",
            "revenue": 62233
        },
        "2020-10": {
            "month": "2020-10",
            "price": "38.83",
            "revenue": 58046
        },
        "2020-11": {
            "month": "2020-11",
            "price": "39.18",
            "revenue": 65030
        },
        "2020-12": {
            "month": "2020-12",
            "price": "39.20",
            "revenue": 61205
        },
        "2021-01": {
            "month": "2021-01",
            "price": "38.28",
            "revenue": 73674
        },
        "2021-02": {
            "month": "2021-02",
            "price": "38.82",
            "revenue": 32483
        },
        "2021-03": {
            "month": "2021-03",
            "price": "41.79",
            "revenue": 54804
        },
        "2021-04": {
            "month": "2021-04",
            "price": "44.22",
            "revenue": 49920
        },
        "2021-05": {
            "month": "2021-05",
            "price": "41.57",
            "revenue": 69834
        },
        "2021-06": {
            "month": "2021-06",
            "price": "41.73",
            "revenue": 58555
        },
        "2021-07": {
            "month": "2021-07",
            "price": "42.25",
            "revenue": 80082
        },
        "2021-08": {
            "month": "2021-08",
            "price": "40.49",
            "revenue": 54109
        },
        "2021-09": {
            "month": "2021-09",
            "price": "40.04",
            "revenue": 70035
        },
        "2021-10": {
            "month": "2021-10",
            "price": "40.27",
            "revenue": 71715
        },
        "2021-11": {
            "month": "2021-11",
            "price": "40.52",
            "revenue": 59537
        },
        "2021-12": {
            "month": "2021-12",
            "price": "40.56",
            "revenue": 74792
        },
        "2022-01": {
            "month": "2022-01",
            "price": "40.83",
            "revenue": 51693
        },
        "2022-02": {
            "month": "2022-02",
            "price": "41.06",
            "revenue": 48616
        },
        "2022-03": {
            "month": "2022-03",
            "price": "41.58",
            "revenue": 68321
        },
        "2022-04": {
            "month": "2022-04",
            "price": "41.87",
            "revenue": 66196
        },
        "2022-05": {
            "month": "2022-05",
            "price": "41.66",
            "revenue": 41023
        },
        "2022-06": {
            "month": "2022-06",
            "price": "41.60",
            "revenue": 36502
        },
        "2022-07": {
            "month": "2022-07",
            "price": "40.57",
            "revenue": 56599
        },
        "2022-08": {
            "month": "2022-08",
            "price": "39.90",
            "revenue": 55106
        },
        "2022-09": {
            "month": "2022-09",
            "price": "38.92",
            "revenue": 44351
        },
        "2022-10": {
            "month": "2022-10",
            "price": "37.09",
            "revenue": 45176
        },
        "2022-11": {
            "month": "2022-11",
            "price": "35.60",
            "revenue": 41263
        },
        "2022-12": {
            "month": "2022-12",
            "price": "35.53",
            "revenue": 34816
        },
        "2023-01": {
            "month": "2023-01",
            "price": "34.90",
            "revenue": 27672
        },
        "2023-02": {
            "month": "2023-02",
            "price": "34.91",
            "revenue": 26586
        },
        "2023-03": {
            "month": "2023-03",
            "price": "36.00",
            "revenue": 43921
        },
        "2023-04": {
            "month": "2023-04",
            "price": "35.69",
            "revenue": 30248
        },
        "2023-05": {
            "month": "2023-05",
            "price": "35.24",
            "revenue": 27211
        },
        "2023-06": {
            "month": "2023-06",
            "price": "34.60",
            "revenue": 20282
        },
        "2023-07": {
            "month": "2023-07",
            "price": "33.86",
            "revenue": 22521
        },
        "2023-08": {
            "month": "2023-08",
            "price": "32.44",
            "revenue": 22990
        },
        "2023-09": {
            "month": "2023-09",
            "price": "31.56",
            "revenue": 22736
        },
        "2023-10": {
            "month": "2023-10",
            "price": "30.46",
            "revenue": 26826
        },
        "2023-11": {
            "month": "2023-11",
            "price": "30.09",
            "revenue": 17799
        }
    }
}
