{
    "summary": {
        "stock_name": "理銘",
        "stock_id": "6212",
        "category": "建材營造",
        "main_business": "住宅及大樓開發租售業",
        "website_url": "http://www.met.com.tw",
        "ceo": "曾森縣",
        "pe_ratio": 31,
        "report_year_from": 2001,
        "report_year_to": 2023,
        "age": 22,
        "eps_negative_percentage": 22,
        "eps_growth_avg": {
            "last_all": 3.26,
            "last_2y": 20.85,
            "last_4y": 13.07,
            "last_8y": -0.45,
            "last_12y": 0.2,
            "last_16y": 9.04,
            "last_20y": 3.26,
            "at_2006_last_3y": -82.66,
            "at_2007_last_3y": -100,
            "at_2008_last_3y": 15.38,
            "at_2009_last_3y": 57.69,
            "at_2010_last_3y": 6.91,
            "at_2011_last_3y": 30.18,
            "at_2012_last_3y": 51.34,
            "at_2013_last_3y": 1.34,
            "at_2014_last_3y": 33.33,
            "at_2015_last_3y": 0,
            "at_2016_last_3y": -59.63,
            "at_2017_last_3y": -34.26,
            "at_2018_last_3y": 10.5,
            "at_2019_last_3y": -16.43,
            "at_2020_last_3y": 13.39,
            "at_2021_last_3y": 30.61,
            "at_2022_last_3y": -8.67,
            "at_2023_last_3y": -8.67,
            "at_2006_last_all": -21.77,
            "at_2007_last_all": -21.77,
            "at_2008_last_all": -12.48,
            "at_2009_last_all": 10.01,
            "at_2010_last_all": -7.43,
            "at_2011_last_all": 7.92,
            "at_2012_last_all": 19.43,
            "at_2013_last_all": 6.16,
            "at_2014_last_all": 6.16,
            "at_2015_last_all": 6.16,
            "at_2016_last_all": 3.61,
            "at_2017_last_all": -1.19,
            "at_2018_last_all": 7.24,
            "at_2019_last_all": -0.79,
            "at_2020_last_all": 6.41,
            "at_2021_last_all": 7.29,
            "at_2022_last_all": 3.26,
            "at_2023_last_all": 3.26
        },
        "latest_eps": 1.57,
        "latest_price": 48,
        "latest_roe": 5.79,
        "latest_gross_margin": 95.48,
        "latest_equity": 2847223,
        "latest_revenue": 1172,
        "latest_gross_profit": 1119,
        "latest_net_income": -17352,
        "latest_debt_ratio": 81.51,
        "latest_current_ratio": 122.46,
        "latest_account_receivable_turnover_ratio": null,
        "latest_inventory_turnover_ratio": 0,
        "latest_reinvestment_rate": 0.03,
        "latest_research_to_sale_ratio": null
    },
    "eps_dividends": {
        "2000": {
            "cash": 0,
            "stock": 1.2,
            "eps": 0
        },
        "2001": {
            "cash": 0.25,
            "stock": 0.04,
            "eps": 0.97
        },
        "2002": {
            "cash": 0.2,
            "stock": 1.8,
            "eps": 4.96
        },
        "2003": {
            "cash": 1.5,
            "stock": 2.7,
            "eps": 1.72
        },
        "2004": {
            "cash": 0.5,
            "stock": 1,
            "eps": -2.43
        },
        "2005": {
            "cash": 0,
            "stock": 0,
            "eps": -1.42
        },
        "2006": {
            "cash": 0,
            "stock": 0,
            "eps": -5.03
        },
        "2007": {
            "cash": 0,
            "stock": 0,
            "eps": 0.26
        },
        "2008": {
            "cash": 0,
            "stock": 0,
            "eps": 0.3
        },
        "2009": {
            "cash": 0,
            "stock": 0,
            "eps": 2.99
        },
        "2010": {
            "cash": 0,
            "stock": 0,
            "eps": 0.16
        },
        "2011": {
            "cash": 0,
            "stock": 0,
            "eps": 0.35
        },
        "2012": {
            "cash": 0,
            "stock": 0,
            "eps": 2.37
        },
        "2013": {
            "cash": 0,
            "stock": 0,
            "eps": -0.72
        },
        "2014": {
            "cash": 0,
            "stock": 0,
            "eps": -0.71
        },
        "2015": {
            "cash": 0,
            "stock": 0,
            "eps": 4.1
        },
        "2016": {
            "cash": 1.5,
            "stock": 0,
            "eps": 3.31
        },
        "2017": {
            "cash": 1.5,
            "stock": 0,
            "eps": 1.68
        },
        "2018": {
            "cash": 1.5,
            "stock": 0,
            "eps": 7.52
        },
        "2019": {
            "cash": 3,
            "stock": 0,
            "eps": 0.21
        },
        "2020": {
            "cash": 0,
            "stock": 0,
            "eps": 3.41
        },
        "2021": {
            "cash": 3,
            "stock": 0,
            "eps": 4.08
        },
        "2022": {
            "cash": 0,
            "stock": 0,
            "eps": 1.75
        },
        "2023": {
            "cash": 0,
            "stock": 0,
            "eps": 0.7
        }
    },
    "dividends": {
        "2000-06-20": {
            "cash": 0,
            "stock": 1.2
        },
        "2001-05-31": {
            "cash": 0.25,
            "stock": 0.04
        },
        "2002-06-10": {
            "cash": 0.2,
            "stock": 1.8
        },
        "2003-06-24": {
            "cash": 1.5,
            "stock": 2.7
        },
        "2004-04-23": {
            "cash": 0.5,
            "stock": 1
        },
        "2016-08-30": {
            "cash": 1.5,
            "stock": 0
        },
        "2017-08-08": {
            "cash": 1.5,
            "stock": 0
        },
        "2018-07-26": {
            "cash": 1.5,
            "stock": 0
        },
        "2019-07-26": {
            "cash": 3,
            "stock": 0
        },
        "2021-08-19": {
            "cash": 3,
            "stock": 0
        }
    },
    "prices": {
        "200101": "無",
        "200102": "無",
        "200103": "無",
        "200104": "無",
        "200105": "無",
        "200106": "無",
        "200107": "無",
        "200108": "無",
        "200109": "無",
        "200110": "無",
        "200111": "無",
        "200112": "無",
        "200201": "無",
        "200202": "無",
        "200203": "無",
        "200204": "無",
        "200205": "無",
        "200206": "無",
        "200207": "無",
        "200208": "無",
        "200209": "無",
        "200210": "無",
        "200211": "無",
        "200212": "57.25",
        "200301": "58.79",
        "200302": "57.06",
        "200303": "54.36",
        "200304": "53.30",
        "200305": "53.21",
        "200306": "62.35",
        "200307": "67.04",
        "200308": "61.00",
        "200309": "53.05",
        "200310": "39.31",
        "200311": "31.12",
        "200312": "32.17",
        "200401": "31.37",
        "200402": "31.40",
        "200403": "27.01",
        "200404": "25.58",
        "200405": "19.84",
        "200406": "21.37",
        "200407": "18.50",
        "200408": "14.30",
        "200409": "11.67",
        "200410": "10.20",
        "200411": "8.42",
        "200412": "8.13",
        "200501": "8.29",
        "200502": "7.78",
        "200503": "8.20",
        "200504": "7.06",
        "200505": "6.50",
        "200506": "7.00",
        "200507": "6.93",
        "200508": "5.96",
        "200509": "5.05",
        "200510": "4.39",
        "200511": "4.16",
        "200512": "4.64",
        "200601": "5.63",
        "200602": "5.26",
        "200603": "4.75",
        "200604": "5.61",
        "200605": "5.06",
        "200606": "4.52",
        "200607": "4.08",
        "200608": "4.02",
        "200609": "3.84",
        "200610": "4.69",
        "200611": "6.86",
        "200612": "9.87",
        "200701": "8.28",
        "200702": "10.24",
        "200703": "12.74",
        "200704": "13.76",
        "200705": "10.52",
        "200706": "11.08",
        "200707": "12.13",
        "200708": "11.04",
        "200709": "10.80",
        "200710": "10.33",
        "200711": "8.65",
        "200712": "8.87",
        "200801": "7.36",
        "200802": "7.64",
        "200803": "7.94",
        "200804": "9.36",
        "200805": "8.89",
        "200806": "8.67",
        "200807": "7.26",
        "200808": "5.54",
        "200809": "4.91",
        "200810": "3.69",
        "200811": "5.07",
        "200812": "5.30",
        "200901": "4.95",
        "200902": "4.98",
        "200903": "4.78",
        "200904": "6.47",
        "200905": "7.50",
        "200906": "10.17",
        "200907": "11.24",
        "200908": "11.19",
        "200909": "13.47",
        "200910": "14.02",
        "200911": "15.43",
        "200912": "15.62",
        "201001": "15.44",
        "201002": "12.36",
        "201003": "12.81",
        "201004": "13.05",
        "201005": "11.87",
        "201006": "9.79",
        "201007": "10.11",
        "201008": "12.18",
        "201009": "13.74",
        "201010": "13.22",
        "201011": "13.31",
        "201012": "12.96",
        "201101": "12.80",
        "201102": "12.73",
        "201103": "12.69",
        "201104": "12.71",
        "201105": "12.91",
        "201106": "12.69",
        "201107": "12.63",
        "201108": "12.34",
        "201109": "11.93",
        "201110": "11.70",
        "201111": "11.81",
        "201112": "11.61",
        "201201": "11.50",
        "201202": "11.42",
        "201203": "11.08",
        "201204": "10.86",
        "201205": "10.86",
        "201206": "11.38",
        "201207": "11.04",
        "201208": "11.19",
        "201209": "11.43",
        "201210": "11.59",
        "201211": "12.28",
        "201212": "12.10",
        "201301": "12.51",
        "201302": "12.60",
        "201303": "14.94",
        "201304": "17.03",
        "201305": "18.12",
        "201306": "17.77",
        "201307": "18.36",
        "201308": "19.58",
        "201309": "19.92",
        "201310": "20.81",
        "201311": "21.19",
        "201312": "22.98",
        "201401": "24.27",
        "201402": "31.87",
        "201403": "31.41",
        "201404": "30.98",
        "201405": "30.67",
        "201406": "30.67",
        "201407": "30.98",
        "201408": "31.22",
        "201409": "30.74",
        "201410": "30.81",
        "201411": "31.17",
        "201412": "31.24",
        "201501": "30.24",
        "201502": "30.20",
        "201503": "29.38",
        "201504": "30.47",
        "201505": "30.11",
        "201506": "29.59",
        "201507": "29.47",
        "201508": "26.48",
        "201509": "24.49",
        "201510": "24.62",
        "201511": "25.75",
        "201512": "25.10",
        "201601": "26.85",
        "201602": "26.69",
        "201603": "27.54",
        "201604": "29.34",
        "201605": "30.42",
        "201606": "30.54",
        "201607": "30.48",
        "201608": "30.02",
        "201609": "30.71",
        "201610": "30.59",
        "201611": "30.60",
        "201612": "30.56",
        "201701": "30.39",
        "201702": "30.05",
        "201703": "30.19",
        "201704": "28.89",
        "201705": "28.13",
        "201706": "27.77",
        "201707": "27.46",
        "201708": "27.26",
        "201709": "27.20",
        "201710": "27.93",
        "201711": "27.87",
        "201712": "29.03",
        "201801": "31.29",
        "201802": "31.94",
        "201803": "31.53",
        "201804": "32.30",
        "201805": "44.66",
        "201806": "51.62",
        "201807": "44.99",
        "201808": "45.60",
        "201809": "44.93",
        "201810": "44.37",
        "201811": "43.67",
        "201812": "44.04",
        "201901": "41.96",
        "201902": "40.98",
        "201903": "41.92",
        "201904": "42.89",
        "201905": "41.58",
        "201906": "39.91",
        "201907": "37.24",
        "201908": "38.93",
        "201909": "40.53",
        "201910": "43.21",
        "201911": "43.99",
        "201912": "43.71",
        "202001": "43.10",
        "202002": "45.22",
        "202003": "46.63",
        "202004": "44.78",
        "202005": "46.95",
        "202006": "46.89",
        "202007": "47.82",
        "202008": "54.02",
        "202009": "56.01",
        "202010": "59.37",
        "202011": "59.51",
        "202012": "58.56",
        "202101": "58.29",
        "202102": "57.06",
        "202103": "57.03",
        "202104": "57.79",
        "202105": "60.59",
        "202106": "58.80",
        "202107": "58.89",
        "202108": "59.09",
        "202109": "58.27",
        "202110": "58.03",
        "202111": "57.95",
        "202112": "60.53",
        "202201": "59.00",
        "202202": "59.18",
        "202203": "57.83",
        "202204": "54.43",
        "202205": "53.30",
        "202206": "52.65",
        "202207": "48.32",
        "202208": "48.69",
        "202209": "49.63",
        "202210": "50.07",
        "202211": "50.44",
        "202212": "50.84",
        "202301": "49.06",
        "202302": "49.20",
        "202303": "49.09",
        "202304": "49.00",
        "202305": "48.39",
        "202306": "48.80",
        "202307": "47.37",
        "202308": "46.17",
        "202309": "49.28",
        "202310": "47.68"
    },
    "quarters": {
        "20011": {
            "year_quarter": 20011,
            "year": 2001,
            "quarter": 1,
            "eps": null,
            "eps_growth_year": null,
            "eps_4q": null,
            "eps_4q_growth_year": null,
            "roe": null,
            "roe_4q": 0,
            "gross_profit": null,
            "gross_margin": null,
            "gross_margin_4q_avg": 0,
            "net_income": null,
            "net_income_4q": null,
            "revenue": null,
            "revenue_4q": null,
            "common_shares": null,
            "book_valuer_per_share": null,
            "book_valuer_per_share_4q_avg": 0,
            "equity": null,
            "current_ratio": null,
            "debt_ratio": null,
            "inventory_turnover_ratio": null,
            "account_receivable_turnover_ratio": null,
            "reinvestment_rate": null,
            "research_to_sale_ratio": null,
            "price_fair": 0,
            "eps_avg_yearly": 0,
            "eps_latest_yearly": 0,
            "eps_growth_yearly": 0
        },
        "20012": {
            "year_quarter": 20012,
            "year": 2001,
            "quarter": 2,
            "eps": null,
            "eps_growth_year": null,
            "eps_4q": null,
            "eps_4q_growth_year": null,
            "roe": null,
            "roe_4q": 0,
            "gross_profit": null,
            "gross_margin": null,
            "gross_margin_4q_avg": 0,
            "net_income": null,
            "net_income_4q": null,
            "revenue": null,
            "revenue_4q": null,
            "common_shares": null,
            "book_valuer_per_share": null,
            "book_valuer_per_share_4q_avg": 0,
            "equity": null,
            "current_ratio": null,
            "debt_ratio": null,
            "inventory_turnover_ratio": null,
            "account_receivable_turnover_ratio": null,
            "reinvestment_rate": null,
            "research_to_sale_ratio": null,
            "price_fair": 0,
            "eps_avg_yearly": 0,
            "eps_latest_yearly": 0,
            "eps_growth_yearly": 0
        },
        "20013": {
            "year_quarter": 20013,
            "year": 2001,
            "quarter": 3,
            "eps": 0.01,
            "eps_growth_year": null,
            "eps_4q": null,
            "eps_4q_growth_year": null,
            "roe": 0.09,
            "roe_4q": 0.09,
            "gross_profit": 43129,
            "gross_margin": 7.17,
            "gross_margin_4q_avg": 2.39,
            "net_income": 508,
            "net_income_4q": null,
            "revenue": 601764,
            "revenue_4q": null,
            "common_shares": 390000,
            "book_valuer_per_share": 15,
            "book_valuer_per_share_4q_avg": 5,
            "equity": 584832,
            "current_ratio": 183.13,
            "debt_ratio": 52.84,
            "inventory_turnover_ratio": 1.94,
            "account_receivable_turnover_ratio": null,
            "reinvestment_rate": null,
            "research_to_sale_ratio": null,
            "price_fair": 0,
            "eps_avg_yearly": 0,
            "eps_latest_yearly": 0,
            "eps_growth_yearly": 0
        },
        "20014": {
            "year_quarter": 20014,
            "year": 2001,
            "quarter": 4,
            "eps": 0.96,
            "eps_growth_year": null,
            "eps_4q": null,
            "eps_4q_growth_year": null,
            "roe": 6.4,
            "roe_4q": 6.49,
            "gross_profit": 68757,
            "gross_margin": 6.82,
            "gross_margin_4q_avg": 3.5,
            "net_income": 37361,
            "net_income_4q": null,
            "revenue": 1008123,
            "revenue_4q": null,
            "common_shares": 390000,
            "book_valuer_per_share": 16.08,
            "book_valuer_per_share_4q_avg": 7.77,
            "equity": 583398,
            "current_ratio": 148.58,
            "debt_ratio": 60.97,
            "inventory_turnover_ratio": 4.19,
            "account_receivable_turnover_ratio": null,
            "reinvestment_rate": null,
            "research_to_sale_ratio": null,
            "price_fair": 0,
            "eps_avg_yearly": 0,
            "eps_latest_yearly": 0,
            "eps_growth_yearly": 0
        },
        "20021": {
            "year_quarter": 20021,
            "year": 2002,
            "quarter": 1,
            "eps": 1.3,
            "eps_growth_year": null,
            "eps_4q": null,
            "eps_4q_growth_year": null,
            "roe": 8.05,
            "roe_4q": 14.540000000000001,
            "gross_profit": 106960,
            "gross_margin": 9.3,
            "gross_margin_4q_avg": 5.82,
            "net_income": 50801,
            "net_income_4q": null,
            "revenue": 1149744,
            "revenue_4q": null,
            "common_shares": 390000,
            "book_valuer_per_share": 17.41,
            "book_valuer_per_share_4q_avg": 12.12,
            "equity": 679000,
            "current_ratio": 154.44,
            "debt_ratio": 61.65,
            "inventory_turnover_ratio": 5.54,
            "account_receivable_turnover_ratio": null,
            "reinvestment_rate": null,
            "research_to_sale_ratio": null,
            "price_fair": 182,
            "eps_avg_yearly": 5.2,
            "eps_latest_yearly": 5.2,
            "eps_growth_yearly": 141.67
        },
        "20022": {
            "year_quarter": 20022,
            "year": 2002,
            "quarter": 2,
            "eps": 1.78,
            "eps_growth_year": null,
            "eps_4q": 4.06,
            "eps_4q_growth_year": null,
            "roe": 9.8,
            "roe_4q": 24.34,
            "gross_profit": 160264,
            "gross_margin": 11.19,
            "gross_margin_4q_avg": 8.62,
            "net_income": 69225,
            "net_income_4q": null,
            "revenue": 1432266,
            "revenue_4q": null,
            "common_shares": 390000,
            "book_valuer_per_share": 18.81,
            "book_valuer_per_share_4q_avg": 16.83,
            "equity": 733425,
            "current_ratio": 144.93,
            "debt_ratio": 62.99,
            "inventory_turnover_ratio": 5.6,
            "account_receivable_turnover_ratio": null,
            "reinvestment_rate": null,
            "research_to_sale_ratio": null,
            "price_fair": 215.6,
            "eps_avg_yearly": 6.16,
            "eps_latest_yearly": 7.12,
            "eps_growth_yearly": 144.68
        },
        "20023": {
            "year_quarter": 20023,
            "year": 2002,
            "quarter": 3,
            "eps": 1.15,
            "eps_growth_year": 11400,
            "eps_4q": 4.53,
            "eps_4q_growth_year": null,
            "roe": 7.04,
            "roe_4q": 31.29,
            "gross_profit": 94841,
            "gross_margin": 10.87,
            "gross_margin_4q_avg": 9.55,
            "net_income": 53519,
            "net_income_4q": null,
            "revenue": 872555,
            "revenue_4q": null,
            "common_shares": 465000,
            "book_valuer_per_share": 16.92,
            "book_valuer_per_share_4q_avg": 17.31,
            "equity": 786904,
            "current_ratio": 191.28,
            "debt_ratio": 47.11,
            "inventory_turnover_ratio": 4.17,
            "account_receivable_turnover_ratio": null,
            "reinvestment_rate": null,
            "research_to_sale_ratio": null,
            "price_fair": 197.4,
            "eps_avg_yearly": 5.64,
            "eps_latest_yearly": 4.6,
            "eps_growth_yearly": 49.26
        },
        "20024": {
            "year_quarter": 20024,
            "year": 2002,
            "quarter": 4,
            "eps": 0.73,
            "eps_growth_year": -23.96,
            "eps_4q": 4.46,
            "eps_4q_growth_year": null,
            "roe": 4.35,
            "roe_4q": 29.240000000000002,
            "gross_profit": 75717,
            "gross_margin": 7.44,
            "gross_margin_4q_avg": 9.7,
            "net_income": 33971,
            "net_income_4q": null,
            "revenue": 1017384,
            "revenue_4q": null,
            "common_shares": 465000,
            "book_valuer_per_share": 17.62,
            "book_valuer_per_share_4q_avg": 17.69,
            "equity": 774536,
            "current_ratio": 161.28,
            "debt_ratio": 53.76,
            "inventory_turnover_ratio": 7.63,
            "account_receivable_turnover_ratio": null,
            "reinvestment_rate": null,
            "research_to_sale_ratio": null,
            "price_fair": 49.6,
            "eps_avg_yearly": 4.96,
            "eps_latest_yearly": 2.92,
            "eps_growth_yearly": 0.42
        },
        "20031": {
            "year_quarter": 20031,
            "year": 2003,
            "quarter": 1,
            "eps": 1.19,
            "eps_growth_year": -8.46,
            "eps_4q": 4.56,
            "eps_4q_growth_year": null,
            "roe": 6.71,
            "roe_4q": 27.9,
            "gross_profit": 126988,
            "gross_margin": 12.46,
            "gross_margin_4q_avg": 10.49,
            "net_income": 55316,
            "net_income_4q": null,
            "revenue": 1019143,
            "revenue_4q": null,
            "common_shares": 465000,
            "book_valuer_per_share": 18.82,
            "book_valuer_per_share_4q_avg": 18.04,
            "equity": 875288,
            "current_ratio": 211.46,
            "debt_ratio": 43.2,
            "inventory_turnover_ratio": 7.72,
            "account_receivable_turnover_ratio": null,
            "reinvestment_rate": null,
            "research_to_sale_ratio": null,
            "price_fair": 172.2,
            "eps_avg_yearly": 4.92,
            "eps_latest_yearly": 4.76,
            "eps_growth_yearly": 50.75
        },
        "20032": {
            "year_quarter": 20032,
            "year": 2003,
            "quarter": 2,
            "eps": 0.75,
            "eps_growth_year": -57.87,
            "eps_4q": 3.8,
            "eps_4q_growth_year": -6.29,
            "roe": 4.11,
            "roe_4q": 22.21,
            "gross_profit": 88454,
            "gross_margin": 9.52,
            "gross_margin_4q_avg": 10.07,
            "net_income": 35064,
            "net_income_4q": null,
            "revenue": 929351,
            "revenue_4q": null,
            "common_shares": 465000,
            "book_valuer_per_share": 17.84,
            "book_valuer_per_share_4q_avg": 17.8,
            "equity": 829571,
            "current_ratio": 214.81,
            "debt_ratio": 42.47,
            "inventory_turnover_ratio": 6.43,
            "account_receivable_turnover_ratio": null,
            "reinvestment_rate": null,
            "research_to_sale_ratio": null,
            "price_fair": 127.16,
            "eps_avg_yearly": 4.6,
            "eps_latest_yearly": 3,
            "eps_growth_yearly": 17.64
        },
        "20033": {
            "year_quarter": 20033,
            "year": 2003,
            "quarter": 3,
            "eps": 0.08,
            "eps_growth_year": -93.04,
            "eps_4q": 2.21,
            "eps_4q_growth_year": -51.33,
            "roe": 0.56,
            "roe_4q": 15.729999999999999,
            "gross_profit": 97998,
            "gross_margin": 8.82,
            "gross_margin_4q_avg": 9.56,
            "net_income": 4680,
            "net_income_4q": null,
            "revenue": 1111058,
            "revenue_4q": null,
            "common_shares": 600000,
            "book_valuer_per_share": 13.85,
            "book_valuer_per_share_4q_avg": 17.03,
            "equity": 830906,
            "current_ratio": 161.32,
            "debt_ratio": 57.33,
            "inventory_turnover_ratio": 5.41,
            "account_receivable_turnover_ratio": null,
            "reinvestment_rate": null,
            "research_to_sale_ratio": null,
            "price_fair": 11.97,
            "eps_avg_yearly": 3.99,
            "eps_latest_yearly": 0.32,
            "eps_growth_yearly": -35.93
        },
        "20034": {
            "year_quarter": 20034,
            "year": 2003,
            "quarter": 4,
            "eps": -0.3,
            "eps_growth_year": -141.1,
            "eps_4q": 1.18,
            "eps_4q_growth_year": -73.46,
            "roe": -2.25,
            "roe_4q": 9.13,
            "gross_profit": 16469,
            "gross_margin": 2.22,
            "gross_margin_4q_avg": 8.26,
            "net_income": -17980,
            "net_income_4q": null,
            "revenue": 741653,
            "revenue_4q": null,
            "common_shares": 600000,
            "book_valuer_per_share": 13.51,
            "book_valuer_per_share_4q_avg": 16.01,
            "equity": 766091,
            "current_ratio": 173.89,
            "debt_ratio": 48.24,
            "inventory_turnover_ratio": 3.45,
            "account_receivable_turnover_ratio": null,
            "reinvestment_rate": null,
            "research_to_sale_ratio": null,
            "price_fair": 11.97,
            "eps_avg_yearly": 3.99,
            "eps_latest_yearly": 0.32,
            "eps_growth_yearly": -35.93
        },
        "20041": {
            "year_quarter": 20041,
            "year": 2004,
            "quarter": 1,
            "eps": -0.67,
            "eps_growth_year": -156.3,
            "eps_4q": -0.31,
            "eps_4q_growth_year": -106.72,
            "roe": -5.22,
            "roe_4q": -2.8,
            "gross_profit": 16615,
            "gross_margin": 3.93,
            "gross_margin_4q_avg": 6.12,
            "net_income": -40105,
            "net_income_4q": null,
            "revenue": 422330,
            "revenue_4q": null,
            "common_shares": 600000,
            "book_valuer_per_share": 12.83,
            "book_valuer_per_share_4q_avg": 14.51,
            "equity": 769612,
            "current_ratio": 235.42,
            "debt_ratio": 37.24,
            "inventory_turnover_ratio": 2.69,
            "account_receivable_turnover_ratio": null,
            "reinvestment_rate": null,
            "research_to_sale_ratio": null,
            "price_fair": 11.97,
            "eps_avg_yearly": 3.99,
            "eps_latest_yearly": 0.32,
            "eps_growth_yearly": -35.93
        },
        "20042": {
            "year_quarter": 20042,
            "year": 2004,
            "quarter": 2,
            "eps": -0.5,
            "eps_growth_year": -166.67,
            "eps_4q": -1.39,
            "eps_4q_growth_year": -136.47,
            "roe": -4.06,
            "roe_4q": -10.969999999999999,
            "gross_profit": 43081,
            "gross_margin": 7.93,
            "gross_margin_4q_avg": 5.73,
            "net_income": -29855,
            "net_income_4q": null,
            "revenue": 543054,
            "revenue_4q": null,
            "common_shares": 600000,
            "book_valuer_per_share": 11.71,
            "book_valuer_per_share_4q_avg": 12.98,
            "equity": 702315,
            "current_ratio": 178.28,
            "debt_ratio": 48.99,
            "inventory_turnover_ratio": 2.92,
            "account_receivable_turnover_ratio": null,
            "reinvestment_rate": null,
            "research_to_sale_ratio": null,
            "price_fair": 11.97,
            "eps_avg_yearly": 3.99,
            "eps_latest_yearly": 0.32,
            "eps_growth_yearly": -35.93
        },
        "20043": {
            "year_quarter": 20043,
            "year": 2004,
            "quarter": 3,
            "eps": -0.83,
            "eps_growth_year": -1137.5,
            "eps_4q": -2.16,
            "eps_4q_growth_year": -197.92,
            "roe": -8.09,
            "roe_4q": -19.619999999999997,
            "gross_profit": 9356,
            "gross_margin": 2.34,
            "gross_margin_4q_avg": 4.11,
            "net_income": -54603,
            "net_income_4q": null,
            "revenue": 400549,
            "revenue_4q": null,
            "common_shares": 660000,
            "book_valuer_per_share": 9.81,
            "book_valuer_per_share_4q_avg": 11.97,
            "equity": 647712,
            "current_ratio": 163.47,
            "debt_ratio": 54.44,
            "inventory_turnover_ratio": 1.79,
            "account_receivable_turnover_ratio": null,
            "reinvestment_rate": null,
            "research_to_sale_ratio": null,
            "price_fair": 11.97,
            "eps_avg_yearly": 3.99,
            "eps_latest_yearly": 0.32,
            "eps_growth_yearly": -35.93
        },
        "20044": {
            "year_quarter": 20044,
            "year": 2004,
            "quarter": 4,
            "eps": -0.43,
            "eps_growth_year": null,
            "eps_4q": -2.2,
            "eps_4q_growth_year": -285.55,
            "roe": -4.72,
            "roe_4q": -22.089999999999996,
            "gross_profit": 197,
            "gross_margin": 0.04,
            "gross_margin_4q_avg": 3.56,
            "net_income": -28371,
            "net_income_4q": null,
            "revenue": 472967,
            "revenue_4q": null,
            "common_shares": 660000,
            "book_valuer_per_share": 9.21,
            "book_valuer_per_share_4q_avg": 10.89,
            "equity": 555514,
            "current_ratio": 124.83,
            "debt_ratio": 58.35,
            "inventory_turnover_ratio": 2.93,
            "account_receivable_turnover_ratio": null,
            "reinvestment_rate": null,
            "research_to_sale_ratio": null,
            "price_fair": 11.97,
            "eps_avg_yearly": 3.99,
            "eps_latest_yearly": 0.32,
            "eps_growth_yearly": -35.93
        },
        "20051": {
            "year_quarter": 20051,
            "year": 2005,
            "quarter": 1,
            "eps": -0.16,
            "eps_growth_year": null,
            "eps_4q": -1.89,
            "eps_4q_growth_year": null,
            "roe": -1.81,
            "roe_4q": -18.68,
            "gross_profit": 42749,
            "gross_margin": 7.46,
            "gross_margin_4q_avg": 4.44,
            "net_income": -10452,
            "net_income_4q": null,
            "revenue": 572756,
            "revenue_4q": null,
            "common_shares": 660000,
            "book_valuer_per_share": 9.05,
            "book_valuer_per_share_4q_avg": 9.95,
            "equity": 597144,
            "current_ratio": 149.81,
            "debt_ratio": 53.7,
            "inventory_turnover_ratio": 4.02,
            "account_receivable_turnover_ratio": null,
            "reinvestment_rate": null,
            "research_to_sale_ratio": null,
            "price_fair": 11.97,
            "eps_avg_yearly": 3.99,
            "eps_latest_yearly": 0.32,
            "eps_growth_yearly": -35.93
        },
        "20052": {
            "year_quarter": 20052,
            "year": 2005,
            "quarter": 2,
            "eps": -0.26,
            "eps_growth_year": null,
            "eps_4q": -1.68,
            "eps_4q_growth_year": null,
            "roe": -2.94,
            "roe_4q": -17.56,
            "gross_profit": 39362,
            "gross_margin": 7.63,
            "gross_margin_4q_avg": 4.37,
            "net_income": -17352,
            "net_income_4q": null,
            "revenue": 516127,
            "revenue_4q": null,
            "common_shares": 660000,
            "book_valuer_per_share": 8.86,
            "book_valuer_per_share_4q_avg": 9.23,
            "equity": 584698,
            "current_ratio": 157.84,
            "debt_ratio": 51.52,
            "inventory_turnover_ratio": 3.1,
            "account_receivable_turnover_ratio": null,
            "reinvestment_rate": 139.58,
            "research_to_sale_ratio": null,
            "price_fair": 11.97,
            "eps_avg_yearly": 3.99,
            "eps_latest_yearly": 0.32,
            "eps_growth_yearly": -35.93
        },
        "20053": {
            "year_quarter": 20053,
            "year": 2005,
            "quarter": 3,
            "eps": 0.19,
            "eps_growth_year": null,
            "eps_4q": -0.67,
            "eps_4q_growth_year": null,
            "roe": 2.1,
            "roe_4q": -7.369999999999999,
            "gross_profit": 58903,
            "gross_margin": 20.73,
            "gross_margin_4q_avg": 8.97,
            "net_income": 12397,
            "net_income_4q": null,
            "revenue": 284137,
            "revenue_4q": null,
            "common_shares": 660000,
            "book_valuer_per_share": 9.07,
            "book_valuer_per_share_4q_avg": 9.05,
            "equity": 598322,
            "current_ratio": 197.87,
            "debt_ratio": 41.58,
            "inventory_turnover_ratio": 1.25,
            "account_receivable_turnover_ratio": null,
            "reinvestment_rate": 4.88,
            "research_to_sale_ratio": null,
            "price_fair": 11.97,
            "eps_avg_yearly": 3.99,
            "eps_latest_yearly": 0.32,
            "eps_growth_yearly": -35.93
        },
        "20054": {
            "year_quarter": 20054,
            "year": 2005,
            "quarter": 4,
            "eps": -1.19,
            "eps_growth_year": null,
            "eps_4q": -1.28,
            "eps_4q_growth_year": null,
            "roe": -14.73,
            "roe_4q": -17.38,
            "gross_profit": 14938,
            "gross_margin": 7.68,
            "gross_margin_4q_avg": 10.88,
            "net_income": -78438,
            "net_income_4q": null,
            "revenue": 194415,
            "revenue_4q": null,
            "common_shares": 660000,
            "book_valuer_per_share": 7.9,
            "book_valuer_per_share_4q_avg": 8.72,
            "equity": 466641,
            "current_ratio": 155.76,
            "debt_ratio": 45.7,
            "inventory_turnover_ratio": 1.16,
            "account_receivable_turnover_ratio": null,
            "reinvestment_rate": -3.36,
            "research_to_sale_ratio": null,
            "price_fair": 11.97,
            "eps_avg_yearly": 3.99,
            "eps_latest_yearly": 0.32,
            "eps_growth_yearly": -35.93
        },
        "20061": {
            "year_quarter": 20061,
            "year": 2006,
            "quarter": 1,
            "eps": -0.97,
            "eps_growth_year": null,
            "eps_4q": -2.23,
            "eps_4q_growth_year": null,
            "roe": -13.91,
            "roe_4q": -29.48,
            "gross_profit": 14853,
            "gross_margin": 9.33,
            "gross_margin_4q_avg": 11.34,
            "net_income": -64222,
            "net_income_4q": null,
            "revenue": 159225,
            "revenue_4q": null,
            "common_shares": 660000,
            "book_valuer_per_share": 6.92,
            "book_valuer_per_share_4q_avg": 8.19,
            "equity": 456871,
            "current_ratio": 199.06,
            "debt_ratio": 41.48,
            "inventory_turnover_ratio": 1.67,
            "account_receivable_turnover_ratio": null,
            "reinvestment_rate": null,
            "research_to_sale_ratio": null,
            "price_fair": 11.36,
            "eps_avg_yearly": 3.79,
            "eps_latest_yearly": 0.32,
            "eps_growth_yearly": -65.52
        },
        "20062": {
            "year_quarter": 20062,
            "year": 2006,
            "quarter": 2,
            "eps": -1.53,
            "eps_growth_year": null,
            "eps_4q": -3.51,
            "eps_4q_growth_year": null,
            "roe": -24.89,
            "roe_4q": -51.43,
            "gross_profit": -2622,
            "gross_margin": -8.24,
            "gross_margin_4q_avg": 7.38,
            "net_income": -101112,
            "net_income_4q": null,
            "revenue": 31803,
            "revenue_4q": null,
            "common_shares": 660000,
            "book_valuer_per_share": 5.39,
            "book_valuer_per_share_4q_avg": 7.32,
            "equity": 355472,
            "current_ratio": 176.64,
            "debt_ratio": 31.47,
            "inventory_turnover_ratio": 0.68,
            "account_receivable_turnover_ratio": null,
            "reinvestment_rate": null,
            "research_to_sale_ratio": null,
            "price_fair": 9.36,
            "eps_avg_yearly": 3.12,
            "eps_latest_yearly": 0.32,
            "eps_growth_yearly": -108.17
        },
        "20063": {
            "year_quarter": 20063,
            "year": 2006,
            "quarter": 3,
            "eps": -0.37,
            "eps_growth_year": -294.74,
            "eps_4q": -4.06,
            "eps_4q_growth_year": null,
            "roe": -7.14,
            "roe_4q": -60.67,
            "gross_profit": -4345,
            "gross_margin": -23.26,
            "gross_margin_4q_avg": -3.62,
            "net_income": -24515,
            "net_income_4q": null,
            "revenue": 18682,
            "revenue_4q": null,
            "common_shares": 660000,
            "book_valuer_per_share": 5.02,
            "book_valuer_per_share_4q_avg": 6.31,
            "equity": 331441,
            "current_ratio": 658.73,
            "debt_ratio": 7.87,
            "inventory_turnover_ratio": 0.75,
            "account_receivable_turnover_ratio": null,
            "reinvestment_rate": null,
            "research_to_sale_ratio": null,
            "price_fair": 8.25,
            "eps_avg_yearly": 2.75,
            "eps_latest_yearly": 0.32,
            "eps_growth_yearly": -99.82
        },
        "20064": {
            "year_quarter": 20064,
            "year": 2006,
            "quarter": 4,
            "eps": -2.16,
            "eps_growth_year": null,
            "eps_4q": -6.09,
            "eps_4q_growth_year": null,
            "roe": -54.76,
            "roe_4q": -100.69999999999999,
            "gross_profit": -27840,
            "gross_margin": -291.4,
            "gross_margin_4q_avg": -78.39,
            "net_income": -142523,
            "net_income_4q": null,
            "revenue": 9554,
            "revenue_4q": null,
            "common_shares": 660000,
            "book_valuer_per_share": 2.86,
            "book_valuer_per_share_4q_avg": 5.05,
            "equity": 189069,
            "current_ratio": 152.54,
            "debt_ratio": 27.23,
            "inventory_turnover_ratio": 2.32,
            "account_receivable_turnover_ratio": null,
            "reinvestment_rate": null,
            "research_to_sale_ratio": null,
            "price_fair": 8.08,
            "eps_avg_yearly": 2.69,
            "eps_latest_yearly": 0.32,
            "eps_growth_yearly": -84.39
        },
        "20071": {
            "year_quarter": 20071,
            "year": 2007,
            "quarter": 1,
            "eps": 0.12,
            "eps_growth_year": null,
            "eps_4q": -3.79,
            "eps_4q_growth_year": null,
            "roe": 4.31,
            "roe_4q": -82.47999999999999,
            "gross_profit": -2949,
            "gross_margin": -57.68,
            "gross_margin_4q_avg": -95.15,
            "net_income": 8220,
            "net_income_4q": null,
            "revenue": 5113,
            "revenue_4q": null,
            "common_shares": 660000,
            "book_valuer_per_share": 2.91,
            "book_valuer_per_share_4q_avg": 4.05,
            "equity": 192159,
            "current_ratio": 510.6,
            "debt_ratio": 18.76,
            "inventory_turnover_ratio": 1.49,
            "account_receivable_turnover_ratio": null,
            "reinvestment_rate": null,
            "research_to_sale_ratio": null,
            "price_fair": 4.98,
            "eps_avg_yearly": 1.66,
            "eps_latest_yearly": 0.32,
            "eps_growth_yearly": -252.62
        },
        "20072": {
            "year_quarter": 20072,
            "year": 2007,
            "quarter": 2,
            "eps": -0.02,
            "eps_growth_year": null,
            "eps_4q": -1.18,
            "eps_4q_growth_year": null,
            "roe": -0.39,
            "roe_4q": -57.98,
            "gross_profit": -727,
            "gross_margin": -119.18,
            "gross_margin_4q_avg": -122.88,
            "net_income": -1405,
            "net_income_4q": null,
            "revenue": 610,
            "revenue_4q": null,
            "common_shares": 1360000,
            "book_valuer_per_share": 3.87,
            "book_valuer_per_share_4q_avg": 3.67,
            "equity": 526778,
            "current_ratio": 1113.42,
            "debt_ratio": 8.82,
            "inventory_turnover_ratio": 0.08,
            "account_receivable_turnover_ratio": null,
            "reinvestment_rate": null,
            "research_to_sale_ratio": null,
            "price_fair": 0.96,
            "eps_avg_yearly": 0.32,
            "eps_latest_yearly": 0.32,
            "eps_growth_yearly": -357.33
        },
        "20073": {
            "year_quarter": 20073,
            "year": 2007,
            "quarter": 3,
            "eps": 0.05,
            "eps_growth_year": null,
            "eps_4q": -1.27,
            "eps_4q_growth_year": null,
            "roe": 0.97,
            "roe_4q": -49.87,
            "gross_profit": 652,
            "gross_margin": 1.05,
            "gross_margin_4q_avg": -116.8,
            "net_income": 5153,
            "net_income_4q": null,
            "revenue": 62176,
            "revenue_4q": null,
            "common_shares": 1360000,
            "book_valuer_per_share": 3.91,
            "book_valuer_per_share_4q_avg": 3.39,
            "equity": 531931,
            "current_ratio": 180.46,
            "debt_ratio": 43.14,
            "inventory_turnover_ratio": 0.96,
            "account_receivable_turnover_ratio": null,
            "reinvestment_rate": null,
            "research_to_sale_ratio": null,
            "price_fair": 0,
            "eps_avg_yearly": 0,
            "eps_latest_yearly": 0,
            "eps_growth_yearly": 0
        },
        "20074": {
            "year_quarter": 20074,
            "year": 2007,
            "quarter": 4,
            "eps": 0.11,
            "eps_growth_year": null,
            "eps_4q": 0.22,
            "eps_4q_growth_year": null,
            "roe": 2.23,
            "roe_4q": 7.119999999999999,
            "gross_profit": 15926,
            "gross_margin": 22.17,
            "gross_margin_4q_avg": -38.41,
            "net_income": 12009,
            "net_income_4q": null,
            "revenue": 71840,
            "revenue_4q": null,
            "common_shares": 1360000,
            "book_valuer_per_share": 4,
            "book_valuer_per_share_4q_avg": 3.67,
            "equity": 543870,
            "current_ratio": 162.62,
            "debt_ratio": 50.09,
            "inventory_turnover_ratio": 0.25,
            "account_receivable_turnover_ratio": null,
            "reinvestment_rate": null,
            "research_to_sale_ratio": null,
            "price_fair": 15.4,
            "eps_avg_yearly": 0.44,
            "eps_latest_yearly": 0.44,
            "eps_growth_yearly": 480
        },
        "20081": {
            "year_quarter": 20081,
            "year": 2008,
            "quarter": 1,
            "eps": -0.04,
            "eps_growth_year": -133.33,
            "eps_4q": 0.09,
            "eps_4q_growth_year": null,
            "roe": -0.9,
            "roe_4q": 1.9099999999999997,
            "gross_profit": 0,
            "gross_margin": null,
            "gross_margin_4q_avg": -23.99,
            "net_income": -4889,
            "net_income_4q": null,
            "revenue": 0,
            "revenue_4q": null,
            "common_shares": 1360000,
            "book_valuer_per_share": 3.96,
            "book_valuer_per_share_4q_avg": 3.94,
            "equity": 538645,
            "current_ratio": 147.41,
            "debt_ratio": 65.51,
            "inventory_turnover_ratio": 0,
            "account_receivable_turnover_ratio": null,
            "reinvestment_rate": null,
            "research_to_sale_ratio": null,
            "price_fair": 15.4,
            "eps_avg_yearly": 0.44,
            "eps_latest_yearly": 0.44,
            "eps_growth_yearly": 480
        },
        "20082": {
            "year_quarter": 20082,
            "year": 2008,
            "quarter": 2,
            "eps": 0.36,
            "eps_growth_year": null,
            "eps_4q": 0.45,
            "eps_4q_growth_year": null,
            "roe": 8.73,
            "roe_4q": 11.030000000000001,
            "gross_profit": 0,
            "gross_margin": null,
            "gross_margin_4q_avg": 5.81,
            "net_income": 49166,
            "net_income_4q": null,
            "revenue": 0,
            "revenue_4q": null,
            "common_shares": 1360000,
            "book_valuer_per_share": 4.32,
            "book_valuer_per_share_4q_avg": 4.05,
            "equity": 587622,
            "current_ratio": 143.96,
            "debt_ratio": 67.21,
            "inventory_turnover_ratio": 0,
            "account_receivable_turnover_ratio": null,
            "reinvestment_rate": null,
            "research_to_sale_ratio": null,
            "price_fair": 15.4,
            "eps_avg_yearly": 0.44,
            "eps_latest_yearly": 0.44,
            "eps_growth_yearly": 480
        },
        "20083": {
            "year_quarter": 20083,
            "year": 2008,
            "quarter": 3,
            "eps": 0.02,
            "eps_growth_year": -60,
            "eps_4q": 0.73,
            "eps_4q_growth_year": null,
            "roe": 0.27,
            "roe_4q": 10.33,
            "gross_profit": 0,
            "gross_margin": null,
            "gross_margin_4q_avg": 5.54,
            "net_income": 1579,
            "net_income_4q": null,
            "revenue": 0,
            "revenue_4q": null,
            "common_shares": 1020000,
            "book_valuer_per_share": 5.78,
            "book_valuer_per_share_4q_avg": 4.52,
            "equity": 589608,
            "current_ratio": 128.67,
            "debt_ratio": 75.86,
            "inventory_turnover_ratio": 0,
            "account_receivable_turnover_ratio": null,
            "reinvestment_rate": null,
            "research_to_sale_ratio": null,
            "price_fair": 9.1,
            "eps_avg_yearly": 0.26,
            "eps_latest_yearly": 0.08,
            "eps_growth_yearly": 51.11
        },
        "20084": {
            "year_quarter": 20084,
            "year": 2008,
            "quarter": 4,
            "eps": -0.04,
            "eps_growth_year": -136.36,
            "eps_4q": 0.41,
            "eps_4q_growth_year": 86.66,
            "roe": -0.63,
            "roe_4q": 7.470000000000001,
            "gross_profit": 0,
            "gross_margin": null,
            "gross_margin_4q_avg": 0,
            "net_income": -3704,
            "net_income_4q": null,
            "revenue": 0,
            "revenue_4q": null,
            "common_shares": 1020000,
            "book_valuer_per_share": 5.76,
            "book_valuer_per_share_4q_avg": 4.96,
            "equity": 587359,
            "current_ratio": 122.14,
            "debt_ratio": 80.25,
            "inventory_turnover_ratio": 0,
            "account_receivable_turnover_ratio": null,
            "reinvestment_rate": null,
            "research_to_sale_ratio": null,
            "price_fair": 9.1,
            "eps_avg_yearly": 0.26,
            "eps_latest_yearly": 0.08,
            "eps_growth_yearly": 51.11
        },
        "20091": {
            "year_quarter": 20091,
            "year": 2009,
            "quarter": 1,
            "eps": 0.09,
            "eps_growth_year": null,
            "eps_4q": 0.54,
            "eps_4q_growth_year": 501.82,
            "roe": 1.61,
            "roe_4q": 9.98,
            "gross_profit": 0,
            "gross_margin": null,
            "gross_margin_4q_avg": 0,
            "net_income": 9510,
            "net_income_4q": null,
            "revenue": 0,
            "revenue_4q": null,
            "common_shares": 1020000,
            "book_valuer_per_share": 5.85,
            "book_valuer_per_share_4q_avg": 5.43,
            "equity": 596869,
            "current_ratio": 119.15,
            "debt_ratio": 82.49,
            "inventory_turnover_ratio": 0,
            "account_receivable_turnover_ratio": null,
            "reinvestment_rate": null,
            "research_to_sale_ratio": null,
            "price_fair": 9.1,
            "eps_avg_yearly": 0.26,
            "eps_latest_yearly": 0.08,
            "eps_growth_yearly": 51.11
        },
        "20092": {
            "year_quarter": 20092,
            "year": 2009,
            "quarter": 2,
            "eps": 1.35,
            "eps_growth_year": 275,
            "eps_4q": 1.42,
            "eps_4q_growth_year": 216.22,
            "roe": 20.63,
            "roe_4q": 21.88,
            "gross_profit": 217333,
            "gross_margin": 11.51,
            "gross_margin_4q_avg": 2.88,
            "net_income": 137322,
            "net_income_4q": null,
            "revenue": 1887798,
            "revenue_4q": null,
            "common_shares": 1020000,
            "book_valuer_per_share": 7.2,
            "book_valuer_per_share_4q_avg": 6.15,
            "equity": 734191,
            "current_ratio": 154.8,
            "debt_ratio": 62.72,
            "inventory_turnover_ratio": 0.73,
            "account_receivable_turnover_ratio": 56352.18,
            "reinvestment_rate": null,
            "research_to_sale_ratio": null,
            "price_fair": 69.07,
            "eps_avg_yearly": 1.97,
            "eps_latest_yearly": 5.4,
            "eps_growth_yearly": 1900.74
        },
        "20093": {
            "year_quarter": 20093,
            "year": 2009,
            "quarter": 3,
            "eps": 0.06,
            "eps_growth_year": 200,
            "eps_4q": 1.49,
            "eps_4q_growth_year": 103.69,
            "roe": 0.81,
            "roe_4q": 22.419999999999998,
            "gross_profit": 19253,
            "gross_margin": 10.46,
            "gross_margin_4q_avg": 5.49,
            "net_income": 5993,
            "net_income_4q": null,
            "revenue": 184005,
            "revenue_4q": null,
            "common_shares": 1020000,
            "book_valuer_per_share": 7.26,
            "book_valuer_per_share_4q_avg": 6.52,
            "equity": 740184,
            "current_ratio": 154.57,
            "debt_ratio": 62.86,
            "inventory_turnover_ratio": 0.1,
            "account_receivable_turnover_ratio": 5492.69,
            "reinvestment_rate": null,
            "research_to_sale_ratio": null,
            "price_fair": 53.9,
            "eps_avg_yearly": 1.54,
            "eps_latest_yearly": 0.24,
            "eps_growth_yearly": 1330
        },
        "20094": {
            "year_quarter": 20094,
            "year": 2009,
            "quarter": 4,
            "eps": 1.49,
            "eps_growth_year": null,
            "eps_4q": 2.99,
            "eps_4q_growth_year": 629.8,
            "roe": 18.66,
            "roe_4q": 41.709999999999994,
            "gross_profit": 250172,
            "gross_margin": 15.16,
            "gross_margin_4q_avg": 9.28,
            "net_income": 152333,
            "net_income_4q": null,
            "revenue": 1650303,
            "revenue_4q": null,
            "common_shares": 1020000,
            "book_valuer_per_share": 8.75,
            "book_valuer_per_share_4q_avg": 7.27,
            "equity": 892517,
            "current_ratio": 361.93,
            "debt_ratio": 26.35,
            "inventory_turnover_ratio": 1.33,
            "account_receivable_turnover_ratio": null,
            "reinvestment_rate": -430.67,
            "research_to_sale_ratio": null,
            "price_fair": 84.84,
            "eps_avg_yearly": 2.42,
            "eps_latest_yearly": 5.96,
            "eps_growth_yearly": 2970.67
        },
        "20101": {
            "year_quarter": 20101,
            "year": 2010,
            "quarter": 1,
            "eps": 0.06,
            "eps_growth_year": -33.33,
            "eps_4q": 2.96,
            "eps_4q_growth_year": 452.9,
            "roe": 0.69,
            "roe_4q": 40.79,
            "gross_profit": 17950,
            "gross_margin": 11.76,
            "gross_margin_4q_avg": 12.22,
            "net_income": 6138,
            "net_income_4q": null,
            "revenue": 152643,
            "revenue_4q": null,
            "common_shares": 1020000,
            "book_valuer_per_share": 8.81,
            "book_valuer_per_share_4q_avg": 8.01,
            "equity": 898655,
            "current_ratio": 651.59,
            "debt_ratio": 14.41,
            "inventory_turnover_ratio": 0.34,
            "account_receivable_turnover_ratio": null,
            "reinvestment_rate": -149.45,
            "research_to_sale_ratio": null,
            "price_fair": 72.1,
            "eps_avg_yearly": 2.06,
            "eps_latest_yearly": 0.24,
            "eps_growth_yearly": 2411.57
        },
        "20102": {
            "year_quarter": 20102,
            "year": 2010,
            "quarter": 2,
            "eps": 0.06,
            "eps_growth_year": -95.64,
            "eps_4q": 1.67,
            "eps_4q_growth_year": 17.48,
            "roe": 0.67,
            "roe_4q": 20.83,
            "gross_profit": 20612,
            "gross_margin": 10.69,
            "gross_margin_4q_avg": 12.02,
            "net_income": 5998,
            "net_income_4q": null,
            "revenue": 192857,
            "revenue_4q": null,
            "common_shares": 1020000,
            "book_valuer_per_share": 8.87,
            "book_valuer_per_share_4q_avg": 8.42,
            "equity": 904653,
            "current_ratio": 914.08,
            "debt_ratio": 10.25,
            "inventory_turnover_ratio": 0.71,
            "account_receivable_turnover_ratio": null,
            "reinvestment_rate": -69.19,
            "research_to_sale_ratio": null,
            "price_fair": 63,
            "eps_avg_yearly": 1.8,
            "eps_latest_yearly": 0.24,
            "eps_growth_yearly": 2067.06
        },
        "20103": {
            "year_quarter": 20103,
            "year": 2010,
            "quarter": 3,
            "eps": 0.03,
            "eps_growth_year": -43.81,
            "eps_4q": 1.65,
            "eps_4q_growth_year": 10.27,
            "roe": 0.38,
            "roe_4q": 20.4,
            "gross_profit": 13569,
            "gross_margin": 21.43,
            "gross_margin_4q_avg": 14.76,
            "net_income": 3439,
            "net_income_4q": null,
            "revenue": 63324,
            "revenue_4q": null,
            "common_shares": 1020000,
            "book_valuer_per_share": 8.9,
            "book_valuer_per_share_4q_avg": 8.83,
            "equity": 908092,
            "current_ratio": 744.04,
            "debt_ratio": 12.6,
            "inventory_turnover_ratio": 0.37,
            "account_receivable_turnover_ratio": 6.92,
            "reinvestment_rate": -59.08,
            "research_to_sale_ratio": null,
            "price_fair": 55.65,
            "eps_avg_yearly": 1.59,
            "eps_latest_yearly": 0.12,
            "eps_growth_yearly": 1783.68
        },
        "20104": {
            "year_quarter": 20104,
            "year": 2010,
            "quarter": 4,
            "eps": 0.01,
            "eps_growth_year": -99.49,
            "eps_4q": 0.16,
            "eps_4q_growth_year": -94.64,
            "roe": 0.08,
            "roe_4q": 1.82,
            "gross_profit": 8246,
            "gross_margin": 9.83,
            "gross_margin_4q_avg": 13.43,
            "net_income": 769,
            "net_income_4q": null,
            "revenue": 83876,
            "revenue_4q": null,
            "common_shares": 1020000,
            "book_valuer_per_share": 8.91,
            "book_valuer_per_share_4q_avg": 8.87,
            "equity": 908861,
            "current_ratio": 395.51,
            "debt_ratio": 23.92,
            "inventory_turnover_ratio": 0.36,
            "account_receivable_turnover_ratio": 9.16,
            "reinvestment_rate": -31.92,
            "research_to_sale_ratio": null,
            "price_fair": 49.62,
            "eps_avg_yearly": 1.42,
            "eps_latest_yearly": 0.04,
            "eps_growth_yearly": 1555.86
        },
        "20111": {
            "year_quarter": 20111,
            "year": 2011,
            "quarter": 1,
            "eps": 0.12,
            "eps_growth_year": 100,
            "eps_4q": 0.22,
            "eps_4q_growth_year": -92.71,
            "roe": 1.29,
            "roe_4q": 2.42,
            "gross_profit": 14347,
            "gross_margin": 56.42,
            "gross_margin_4q_avg": 24.59,
            "net_income": 11794,
            "net_income_4q": null,
            "revenue": 25429,
            "revenue_4q": null,
            "common_shares": 1020000,
            "book_valuer_per_share": 9.03,
            "book_valuer_per_share_4q_avg": 8.93,
            "equity": 920655,
            "current_ratio": 430.18,
            "debt_ratio": 22.03,
            "inventory_turnover_ratio": 0.04,
            "account_receivable_turnover_ratio": null,
            "reinvestment_rate": 6.05,
            "research_to_sale_ratio": null,
            "price_fair": 46.34,
            "eps_avg_yearly": 1.32,
            "eps_latest_yearly": 0.48,
            "eps_growth_yearly": 1840.28
        },
        "20112": {
            "year_quarter": 20112,
            "year": 2011,
            "quarter": 2,
            "eps": -0.04,
            "eps_growth_year": -171.76,
            "eps_4q": 0.11,
            "eps_4q_growth_year": -93.14,
            "roe": -0.47,
            "roe_4q": 1.28,
            "gross_profit": 0,
            "gross_margin": null,
            "gross_margin_4q_avg": 21.92,
            "net_income": -4304,
            "net_income_4q": null,
            "revenue": 0,
            "revenue_4q": null,
            "common_shares": 1020000,
            "book_valuer_per_share": 8.98,
            "book_valuer_per_share_4q_avg": 8.96,
            "equity": 916351,
            "current_ratio": 435.27,
            "debt_ratio": 21.68,
            "inventory_turnover_ratio": 0,
            "account_receivable_turnover_ratio": null,
            "reinvestment_rate": 6.96,
            "research_to_sale_ratio": null,
            "price_fair": 46.34,
            "eps_avg_yearly": 1.32,
            "eps_latest_yearly": 0.48,
            "eps_growth_yearly": 1840.28
        },
        "20113": {
            "year_quarter": 20113,
            "year": 2011,
            "quarter": 3,
            "eps": 0.13,
            "eps_growth_year": 298.22,
            "eps_4q": 0.22,
            "eps_4q_growth_year": -86.92,
            "roe": 1.48,
            "roe_4q": 2.38,
            "gross_profit": 485,
            "gross_margin": 100,
            "gross_margin_4q_avg": 41.56,
            "net_income": 13695,
            "net_income_4q": null,
            "revenue": 485,
            "revenue_4q": null,
            "common_shares": 1020000,
            "book_valuer_per_share": 9.12,
            "book_valuer_per_share_4q_avg": 9.01,
            "equity": 930046,
            "current_ratio": 365.71,
            "debt_ratio": 26.12,
            "inventory_turnover_ratio": 0,
            "account_receivable_turnover_ratio": null,
            "reinvestment_rate": 6.62,
            "research_to_sale_ratio": null,
            "price_fair": 46.34,
            "eps_avg_yearly": 1.32,
            "eps_latest_yearly": 0.48,
            "eps_growth_yearly": 1840.28
        },
        "20114": {
            "year_quarter": 20114,
            "year": 2011,
            "quarter": 4,
            "eps": 0.14,
            "eps_growth_year": 1821.65,
            "eps_4q": 0.35,
            "eps_4q_growth_year": 120.03,
            "roe": 1.58,
            "roe_4q": 3.88,
            "gross_profit": 8572,
            "gross_margin": 57.66,
            "gross_margin_4q_avg": 53.52,
            "net_income": 14777,
            "net_income_4q": null,
            "revenue": 14867,
            "revenue_4q": null,
            "common_shares": 1020000,
            "book_valuer_per_share": 9.26,
            "book_valuer_per_share_4q_avg": 9.1,
            "equity": 944823,
            "current_ratio": 318.64,
            "debt_ratio": 29.36,
            "inventory_turnover_ratio": 0.02,
            "account_receivable_turnover_ratio": null,
            "reinvestment_rate": 5.89,
            "research_to_sale_ratio": null,
            "price_fair": 46.76,
            "eps_avg_yearly": 1.34,
            "eps_latest_yearly": 0.56,
            "eps_growth_yearly": 1795.35
        },
        "20121": {
            "year_quarter": 20121,
            "year": 2012,
            "quarter": 1,
            "eps": -0.04,
            "eps_growth_year": -133.33,
            "eps_4q": 0.19,
            "eps_4q_growth_year": -10.51,
            "roe": -0.48,
            "roe_4q": 2.1100000000000003,
            "gross_profit": 0,
            "gross_margin": null,
            "gross_margin_4q_avg": 39.42,
            "net_income": -4480,
            "net_income_4q": null,
            "revenue": 0,
            "revenue_4q": null,
            "common_shares": 1020000,
            "book_valuer_per_share": 9.22,
            "book_valuer_per_share_4q_avg": 9.15,
            "equity": 940343,
            "current_ratio": 309.15,
            "debt_ratio": 30.3,
            "inventory_turnover_ratio": 0,
            "account_receivable_turnover_ratio": null,
            "reinvestment_rate": 5.48,
            "research_to_sale_ratio": null,
            "price_fair": 46.76,
            "eps_avg_yearly": 1.34,
            "eps_latest_yearly": 0.56,
            "eps_growth_yearly": 1795.35
        },
        "20122": {
            "year_quarter": 20122,
            "year": 2012,
            "quarter": 2,
            "eps": 0.14,
            "eps_growth_year": null,
            "eps_4q": 0.38,
            "eps_4q_growth_year": 227.36,
            "roe": 1.51,
            "roe_4q": 4.09,
            "gross_profit": 17701,
            "gross_margin": 56.66,
            "gross_margin_4q_avg": 53.58,
            "net_income": 14303,
            "net_income_4q": null,
            "revenue": 31238,
            "revenue_4q": null,
            "common_shares": 1020000,
            "book_valuer_per_share": 9.36,
            "book_valuer_per_share_4q_avg": 9.24,
            "equity": 954646,
            "current_ratio": 299.73,
            "debt_ratio": 31.32,
            "inventory_turnover_ratio": 0.03,
            "account_receivable_turnover_ratio": null,
            "reinvestment_rate": 5.94,
            "research_to_sale_ratio": null,
            "price_fair": 46.76,
            "eps_avg_yearly": 1.34,
            "eps_latest_yearly": 0.56,
            "eps_growth_yearly": 1795.35
        },
        "20123": {
            "year_quarter": 20123,
            "year": 2012,
            "quarter": 3,
            "eps": -0.02,
            "eps_growth_year": -118.42,
            "eps_4q": 0.22,
            "eps_4q_growth_year": 0.56,
            "roe": -0.26,
            "roe_4q": 2.35,
            "gross_profit": 0,
            "gross_margin": null,
            "gross_margin_4q_avg": 28.58,
            "net_income": -2522,
            "net_income_4q": null,
            "revenue": 0,
            "revenue_4q": null,
            "common_shares": 1020000,
            "book_valuer_per_share": 9.33,
            "book_valuer_per_share_4q_avg": 9.29,
            "equity": 952124,
            "current_ratio": 266.05,
            "debt_ratio": 35.43,
            "inventory_turnover_ratio": 0,
            "account_receivable_turnover_ratio": null,
            "reinvestment_rate": 7.15,
            "research_to_sale_ratio": null,
            "price_fair": 51.64,
            "eps_avg_yearly": 1.48,
            "eps_latest_yearly": 0.56,
            "eps_growth_yearly": 2036.81
        },
        "20124": {
            "year_quarter": 20124,
            "year": 2012,
            "quarter": 4,
            "eps": 2.29,
            "eps_growth_year": 1477.49,
            "eps_4q": 2.36,
            "eps_4q_growth_year": 568.5,
            "roe": 21.81,
            "roe_4q": 22.58,
            "gross_profit": 295082,
            "gross_margin": 34.53,
            "gross_margin_4q_avg": 22.8,
            "net_income": 233107,
            "net_income_4q": null,
            "revenue": 854470,
            "revenue_4q": null,
            "common_shares": 1020000,
            "book_valuer_per_share": 11.62,
            "book_valuer_per_share_4q_avg": 9.88,
            "equity": 1185231,
            "current_ratio": 1044.15,
            "debt_ratio": 9.12,
            "inventory_turnover_ratio": 1.48,
            "account_receivable_turnover_ratio": null,
            "reinvestment_rate": 0.81,
            "research_to_sale_ratio": null,
            "price_fair": 51.64,
            "eps_avg_yearly": 1.48,
            "eps_latest_yearly": 0.56,
            "eps_growth_yearly": 2036.81
        },
        "20131": {
            "year_quarter": 20131,
            "year": 2013,
            "quarter": 1,
            "eps": -0.03,
            "eps_growth_year": null,
            "eps_4q": 2.37,
            "eps_4q_growth_year": 1129.32,
            "roe": -0.24,
            "roe_4q": 22.82,
            "gross_profit": 514,
            "gross_margin": 100,
            "gross_margin_4q_avg": 47.8,
            "net_income": -2859,
            "net_income_4q": null,
            "revenue": 514,
            "revenue_4q": null,
            "common_shares": 1020000,
            "book_valuer_per_share": 11.59,
            "book_valuer_per_share_4q_avg": 10.48,
            "equity": 1182372,
            "current_ratio": 1041.55,
            "debt_ratio": 9.15,
            "inventory_turnover_ratio": 0,
            "account_receivable_turnover_ratio": null,
            "reinvestment_rate": 0.82,
            "research_to_sale_ratio": null,
            "price_fair": 51.64,
            "eps_avg_yearly": 1.48,
            "eps_latest_yearly": 0.56,
            "eps_growth_yearly": 2036.81
        },
        "20132": {
            "year_quarter": 20132,
            "year": 2013,
            "quarter": 2,
            "eps": -0.51,
            "eps_growth_year": -463.7,
            "eps_4q": 1.72,
            "eps_4q_growth_year": 357.85,
            "roe": -4.53,
            "roe_4q": 16.779999999999998,
            "gross_profit": 0,
            "gross_margin": null,
            "gross_margin_4q_avg": 33.63,
            "net_income": -52391,
            "net_income_4q": null,
            "revenue": 0,
            "revenue_4q": null,
            "common_shares": 1020000,
            "book_valuer_per_share": 11.08,
            "book_valuer_per_share_4q_avg": 10.91,
            "equity": 1129981,
            "current_ratio": 182.52,
            "debt_ratio": 54.07,
            "inventory_turnover_ratio": 0,
            "account_receivable_turnover_ratio": null,
            "reinvestment_rate": 1.21,
            "research_to_sale_ratio": null,
            "price_fair": 34.48,
            "eps_avg_yearly": 0.99,
            "eps_latest_yearly": 0.56,
            "eps_growth_yearly": 1591.42
        },
        "20133": {
            "year_quarter": 20133,
            "year": 2013,
            "quarter": 3,
            "eps": -0.05,
            "eps_growth_year": null,
            "eps_4q": 1.69,
            "eps_4q_growth_year": 682.82,
            "roe": -0.45,
            "roe_4q": 16.589999999999996,
            "gross_profit": 0,
            "gross_margin": null,
            "gross_margin_4q_avg": 33.63,
            "net_income": -5027,
            "net_income_4q": null,
            "revenue": 0,
            "revenue_4q": null,
            "common_shares": 1020000,
            "book_valuer_per_share": 11.03,
            "book_valuer_per_share_4q_avg": 11.33,
            "equity": 1124954,
            "current_ratio": 175.83,
            "debt_ratio": 56.17,
            "inventory_turnover_ratio": 0,
            "account_receivable_turnover_ratio": null,
            "reinvestment_rate": 1.25,
            "research_to_sale_ratio": null,
            "price_fair": 38.2,
            "eps_avg_yearly": 1.09,
            "eps_latest_yearly": 0.56,
            "eps_growth_yearly": 1873.36
        },
        "20134": {
            "year_quarter": 20134,
            "year": 2013,
            "quarter": 4,
            "eps": -0.13,
            "eps_growth_year": -105.82,
            "eps_4q": -0.72,
            "eps_4q_growth_year": -130.72,
            "roe": -1.21,
            "roe_4q": -6.430000000000001,
            "gross_profit": 0,
            "gross_margin": null,
            "gross_margin_4q_avg": 25,
            "net_income": -13567,
            "net_income_4q": null,
            "revenue": 0,
            "revenue_4q": null,
            "common_shares": 1020000,
            "book_valuer_per_share": 10.9,
            "book_valuer_per_share_4q_avg": 11.15,
            "equity": 1111387,
            "current_ratio": 162.09,
            "debt_ratio": 61.01,
            "inventory_turnover_ratio": 0,
            "account_receivable_turnover_ratio": null,
            "reinvestment_rate": -9.37,
            "research_to_sale_ratio": null,
            "price_fair": 9.8,
            "eps_avg_yearly": 0.28,
            "eps_latest_yearly": 0.56,
            "eps_growth_yearly": 596.7
        },
        "20141": {
            "year_quarter": 20141,
            "year": 2014,
            "quarter": 1,
            "eps": -0.06,
            "eps_growth_year": null,
            "eps_4q": -0.76,
            "eps_4q_growth_year": -131.83,
            "roe": -0.55,
            "roe_4q": -6.74,
            "gross_profit": 0,
            "gross_margin": null,
            "gross_margin_4q_avg": 0,
            "net_income": -6045,
            "net_income_4q": null,
            "revenue": 0,
            "revenue_4q": null,
            "common_shares": 1020000,
            "book_valuer_per_share": 10.84,
            "book_valuer_per_share_4q_avg": 10.96,
            "equity": 1105342,
            "current_ratio": 144.72,
            "debt_ratio": 65.61,
            "inventory_turnover_ratio": 0,
            "account_receivable_turnover_ratio": null,
            "reinvestment_rate": -9.92,
            "research_to_sale_ratio": null,
            "price_fair": 10.08,
            "eps_avg_yearly": 0.29,
            "eps_latest_yearly": 0.56,
            "eps_growth_yearly": 792.82
        },
        "20142": {
            "year_quarter": 20142,
            "year": 2014,
            "quarter": 2,
            "eps": -0.04,
            "eps_growth_year": null,
            "eps_4q": -0.28,
            "eps_4q_growth_year": -116.45,
            "roe": -0.38,
            "roe_4q": -2.5900000000000003,
            "gross_profit": 1591,
            "gross_margin": 100,
            "gross_margin_4q_avg": 25,
            "net_income": -4195,
            "net_income_4q": null,
            "revenue": 1591,
            "revenue_4q": null,
            "common_shares": 1020000,
            "book_valuer_per_share": 10.8,
            "book_valuer_per_share_4q_avg": 10.89,
            "equity": 1101147,
            "current_ratio": 140.78,
            "debt_ratio": 69.63,
            "inventory_turnover_ratio": 0,
            "account_receivable_turnover_ratio": null,
            "reinvestment_rate": -10.44,
            "research_to_sale_ratio": null,
            "price_fair": 10.5,
            "eps_avg_yearly": 0.3,
            "eps_latest_yearly": 0.56,
            "eps_growth_yearly": 991.03
        },
        "20143": {
            "year_quarter": 20143,
            "year": 2014,
            "quarter": 3,
            "eps": -0.38,
            "eps_growth_year": null,
            "eps_4q": -0.62,
            "eps_4q_growth_year": -136.45,
            "roe": -3.62,
            "roe_4q": -5.76,
            "gross_profit": 1542,
            "gross_margin": 100,
            "gross_margin_4q_avg": 50,
            "net_income": -39185,
            "net_income_4q": null,
            "revenue": 1542,
            "revenue_4q": null,
            "common_shares": 1020000,
            "book_valuer_per_share": 10.41,
            "book_valuer_per_share_4q_avg": 10.74,
            "equity": 1061962,
            "current_ratio": 134.85,
            "debt_ratio": 73.49,
            "inventory_turnover_ratio": 0,
            "account_receivable_turnover_ratio": null,
            "reinvestment_rate": -13.17,
            "research_to_sale_ratio": null,
            "price_fair": 12.6,
            "eps_avg_yearly": 0.36,
            "eps_latest_yearly": 0.56,
            "eps_growth_yearly": 1388.03
        },
        "20144": {
            "year_quarter": 20144,
            "year": 2014,
            "quarter": 4,
            "eps": -0.23,
            "eps_growth_year": null,
            "eps_4q": -0.72,
            "eps_4q_growth_year": null,
            "roe": -2.26,
            "roe_4q": -6.81,
            "gross_profit": 0,
            "gross_margin": null,
            "gross_margin_4q_avg": 50,
            "net_income": -23766,
            "net_income_4q": null,
            "revenue": 0,
            "revenue_4q": null,
            "common_shares": 1020000,
            "book_valuer_per_share": 10.18,
            "book_valuer_per_share_4q_avg": 10.56,
            "equity": 1038196,
            "current_ratio": 129.11,
            "debt_ratio": 76.84,
            "inventory_turnover_ratio": 0,
            "account_receivable_turnover_ratio": null,
            "reinvestment_rate": -15.34,
            "research_to_sale_ratio": null,
            "price_fair": 18.2,
            "eps_avg_yearly": 0.52,
            "eps_latest_yearly": 0.56,
            "eps_growth_yearly": 2215.38
        },
        "20151": {
            "year_quarter": 20151,
            "year": 2015,
            "quarter": 1,
            "eps": -0.15,
            "eps_growth_year": null,
            "eps_4q": -0.81,
            "eps_4q_growth_year": null,
            "roe": -1.5,
            "roe_4q": -7.76,
            "gross_profit": 0,
            "gross_margin": null,
            "gross_margin_4q_avg": 50,
            "net_income": -15480,
            "net_income_4q": null,
            "revenue": 0,
            "revenue_4q": null,
            "common_shares": 1020000,
            "book_valuer_per_share": 10.03,
            "book_valuer_per_share_4q_avg": 10.36,
            "equity": 1022716,
            "current_ratio": 124.96,
            "debt_ratio": 79.46,
            "inventory_turnover_ratio": 0,
            "account_receivable_turnover_ratio": null,
            "reinvestment_rate": -17.4,
            "research_to_sale_ratio": null,
            "price_fair": 19.6,
            "eps_avg_yearly": 0.56,
            "eps_latest_yearly": 0.56,
            "eps_growth_yearly": 30.77
        },
        "20152": {
            "year_quarter": 20152,
            "year": 2015,
            "quarter": 2,
            "eps": 1.35,
            "eps_growth_year": null,
            "eps_4q": 0.58,
            "eps_4q_growth_year": null,
            "roe": 12.61,
            "roe_4q": 5.2299999999999995,
            "gross_profit": 166280,
            "gross_margin": 14.48,
            "gross_margin_4q_avg": 28.62,
            "net_income": 137645,
            "net_income_4q": null,
            "revenue": 1148676,
            "revenue_4q": null,
            "common_shares": 1020000,
            "book_valuer_per_share": 11.38,
            "book_valuer_per_share_4q_avg": 10.5,
            "equity": 1160361,
            "current_ratio": 129.28,
            "debt_ratio": 76.82,
            "inventory_turnover_ratio": 0.21,
            "account_receivable_turnover_ratio": null,
            "reinvestment_rate": -9.14,
            "research_to_sale_ratio": null,
            "price_fair": 19.6,
            "eps_avg_yearly": 0.56,
            "eps_latest_yearly": 0.56,
            "eps_growth_yearly": 30.77
        },
        "20153": {
            "year_quarter": 20153,
            "year": 2015,
            "quarter": 3,
            "eps": -0.08,
            "eps_growth_year": null,
            "eps_4q": 0.88,
            "eps_4q_growth_year": null,
            "roe": -0.75,
            "roe_4q": 8.1,
            "gross_profit": 20098,
            "gross_margin": 12.93,
            "gross_margin_4q_avg": 6.85,
            "net_income": -8617,
            "net_income_4q": null,
            "revenue": 155488,
            "revenue_4q": null,
            "common_shares": 1020000,
            "book_valuer_per_share": 11.29,
            "book_valuer_per_share_4q_avg": 10.72,
            "equity": 1151744,
            "current_ratio": 129.57,
            "debt_ratio": 76.68,
            "inventory_turnover_ratio": 0.03,
            "account_receivable_turnover_ratio": null,
            "reinvestment_rate": -10.04,
            "research_to_sale_ratio": null,
            "price_fair": 19.6,
            "eps_avg_yearly": 0.56,
            "eps_latest_yearly": 0.56,
            "eps_growth_yearly": 30.77
        },
        "20154": {
            "year_quarter": 20154,
            "year": 2015,
            "quarter": 4,
            "eps": 2.98,
            "eps_growth_year": null,
            "eps_4q": 4.1,
            "eps_4q_growth_year": null,
            "roe": 23.33,
            "roe_4q": 33.69,
            "gross_profit": 331107,
            "gross_margin": 15.03,
            "gross_margin_4q_avg": 10.61,
            "net_income": 304239,
            "net_income_4q": null,
            "revenue": 2202864,
            "revenue_4q": null,
            "common_shares": 1020000,
            "book_valuer_per_share": 14.27,
            "book_valuer_per_share_4q_avg": 11.74,
            "equity": 1455983,
            "current_ratio": 149.07,
            "debt_ratio": 66.56,
            "inventory_turnover_ratio": 0.47,
            "account_receivable_turnover_ratio": null,
            "reinvestment_rate": -4.37,
            "research_to_sale_ratio": null,
            "price_fair": 0,
            "eps_avg_yearly": 0,
            "eps_latest_yearly": 0,
            "eps_growth_yearly": 0
        },
        "20161": {
            "year_quarter": 20161,
            "year": 2016,
            "quarter": 1,
            "eps": 2.27,
            "eps_growth_year": null,
            "eps_4q": 6.52,
            "eps_4q_growth_year": null,
            "roe": 14.73,
            "roe_4q": 49.92,
            "gross_profit": 379007,
            "gross_margin": 28.41,
            "gross_margin_4q_avg": 17.71,
            "net_income": 231597,
            "net_income_4q": null,
            "revenue": 1334197,
            "revenue_4q": null,
            "common_shares": 1020000,
            "book_valuer_per_share": 16.54,
            "book_valuer_per_share_4q_avg": 13.37,
            "equity": 1687580,
            "current_ratio": 193.77,
            "debt_ratio": 50.55,
            "inventory_turnover_ratio": 0.32,
            "account_receivable_turnover_ratio": null,
            "reinvestment_rate": -3.01,
            "research_to_sale_ratio": null,
            "price_fair": 27.24,
            "eps_avg_yearly": 9.08,
            "eps_latest_yearly": 9.08,
            "eps_growth_yearly": -95.3
        },
        "20162": {
            "year_quarter": 20162,
            "year": 2016,
            "quarter": 2,
            "eps": -0.44,
            "eps_growth_year": -132.59,
            "eps_4q": 4.73,
            "eps_4q_growth_year": 715.33,
            "roe": -2.8,
            "roe_4q": 34.51,
            "gross_profit": 52820,
            "gross_margin": 27.64,
            "gross_margin_4q_avg": 21,
            "net_income": -44427,
            "net_income_4q": null,
            "revenue": 191106,
            "revenue_4q": null,
            "common_shares": 1020000,
            "book_valuer_per_share": 14.61,
            "book_valuer_per_share_4q_avg": 14.18,
            "equity": 1490153,
            "current_ratio": 176.31,
            "debt_ratio": 55.93,
            "inventory_turnover_ratio": 0.05,
            "account_receivable_turnover_ratio": null,
            "reinvestment_rate": -3.28,
            "research_to_sale_ratio": null,
            "price_fair": 27.24,
            "eps_avg_yearly": 9.08,
            "eps_latest_yearly": 9.08,
            "eps_growth_yearly": -95.3
        },
        "20163": {
            "year_quarter": 20163,
            "year": 2016,
            "quarter": 3,
            "eps": 0.94,
            "eps_growth_year": null,
            "eps_4q": 5.76,
            "eps_4q_growth_year": 554.07,
            "roe": 6.23,
            "roe_4q": 41.489999999999995,
            "gross_profit": 124863,
            "gross_margin": 26.84,
            "gross_margin_4q_avg": 24.48,
            "net_income": 95832,
            "net_income_4q": null,
            "revenue": 465223,
            "revenue_4q": null,
            "common_shares": 1020000,
            "book_valuer_per_share": 15.55,
            "book_valuer_per_share_4q_avg": 15.24,
            "equity": 1585985,
            "current_ratio": 204.65,
            "debt_ratio": 48.12,
            "inventory_turnover_ratio": 0.13,
            "account_receivable_turnover_ratio": 1163.06,
            "reinvestment_rate": -2.88,
            "research_to_sale_ratio": null,
            "price_fair": 27.24,
            "eps_avg_yearly": 9.08,
            "eps_latest_yearly": 9.08,
            "eps_growth_yearly": -95.3
        },
        "20164": {
            "year_quarter": 20164,
            "year": 2016,
            "quarter": 4,
            "eps": 0.54,
            "eps_growth_year": -82.06,
            "eps_4q": 3.31,
            "eps_4q_growth_year": -19.19,
            "roe": 3.38,
            "roe_4q": 21.54,
            "gross_profit": 93888,
            "gross_margin": 20.95,
            "gross_margin_4q_avg": 25.96,
            "net_income": 54593,
            "net_income_4q": null,
            "revenue": 448147,
            "revenue_4q": null,
            "common_shares": 1020000,
            "book_valuer_per_share": 16.08,
            "book_valuer_per_share_4q_avg": 15.7,
            "equity": 1640578,
            "current_ratio": 233.34,
            "debt_ratio": 42.17,
            "inventory_turnover_ratio": 0.15,
            "account_receivable_turnover_ratio": 56.87,
            "reinvestment_rate": -0.29,
            "research_to_sale_ratio": null,
            "price_fair": 16.86,
            "eps_avg_yearly": 5.62,
            "eps_latest_yearly": 2.16,
            "eps_growth_yearly": -132.76
        },
        "20171": {
            "year_quarter": 20171,
            "year": 2017,
            "quarter": 1,
            "eps": 0.38,
            "eps_growth_year": -83.26,
            "eps_4q": 1.41,
            "eps_4q_growth_year": -78.29,
            "roe": 2.31,
            "roe_4q": 9.120000000000001,
            "gross_profit": 66972,
            "gross_margin": 15.86,
            "gross_margin_4q_avg": 22.82,
            "net_income": 38327,
            "net_income_4q": null,
            "revenue": 422399,
            "revenue_4q": null,
            "common_shares": 1020000,
            "book_valuer_per_share": 16.46,
            "book_valuer_per_share_4q_avg": 15.68,
            "equity": 1678905,
            "current_ratio": 244.98,
            "debt_ratio": 40.38,
            "inventory_turnover_ratio": 0.15,
            "account_receivable_turnover_ratio": 23,
            "reinvestment_rate": -0.29,
            "research_to_sale_ratio": null,
            "price_fair": 12.76,
            "eps_avg_yearly": 4.25,
            "eps_latest_yearly": 1.52,
            "eps_growth_yearly": -128.01
        },
        "20172": {
            "year_quarter": 20172,
            "year": 2017,
            "quarter": 2,
            "eps": 0.29,
            "eps_growth_year": null,
            "eps_4q": 2.14,
            "eps_4q_growth_year": -54.78,
            "roe": 1.83,
            "roe_4q": 13.75,
            "gross_profit": 75031,
            "gross_margin": 16.82,
            "gross_margin_4q_avg": 20.12,
            "net_income": 29544,
            "net_income_4q": null,
            "revenue": 446202,
            "revenue_4q": null,
            "common_shares": 1020000,
            "book_valuer_per_share": 15.25,
            "book_valuer_per_share_4q_avg": 15.84,
            "equity": 1555449,
            "current_ratio": 209.78,
            "debt_ratio": 47.18,
            "inventory_turnover_ratio": 0.15,
            "account_receivable_turnover_ratio": 15.78,
            "reinvestment_rate": -0.26,
            "research_to_sale_ratio": null,
            "price_fair": 10.44,
            "eps_avg_yearly": 3.48,
            "eps_latest_yearly": 1.16,
            "eps_growth_yearly": -119.69
        },
        "20173": {
            "year_quarter": 20173,
            "year": 2017,
            "quarter": 3,
            "eps": 0.38,
            "eps_growth_year": -59.57,
            "eps_4q": 1.58,
            "eps_4q_growth_year": -72.58,
            "roe": 2.45,
            "roe_4q": 9.969999999999999,
            "gross_profit": 54993,
            "gross_margin": 16.42,
            "gross_margin_4q_avg": 17.51,
            "net_income": 38540,
            "net_income_4q": null,
            "revenue": 334989,
            "revenue_4q": null,
            "common_shares": 1020000,
            "book_valuer_per_share": 15.63,
            "book_valuer_per_share_4q_avg": 15.86,
            "equity": 1593989,
            "current_ratio": 220.44,
            "debt_ratio": 44.89,
            "inventory_turnover_ratio": 0.11,
            "account_receivable_turnover_ratio": 8.34,
            "reinvestment_rate": -0.23,
            "research_to_sale_ratio": null,
            "price_fair": 9.26,
            "eps_avg_yearly": 3.09,
            "eps_latest_yearly": 1.52,
            "eps_growth_yearly": -70.93
        },
        "20174": {
            "year_quarter": 20174,
            "year": 2017,
            "quarter": 4,
            "eps": 0.63,
            "eps_growth_year": 16.91,
            "eps_4q": 1.67,
            "eps_4q_growth_year": -49.57,
            "roe": 3.93,
            "roe_4q": 10.520000000000001,
            "gross_profit": 86153,
            "gross_margin": 21.1,
            "gross_margin_4q_avg": 17.55,
            "net_income": 63822,
            "net_income_4q": null,
            "revenue": 408314,
            "revenue_4q": null,
            "common_shares": 1020000,
            "book_valuer_per_share": 16.25,
            "book_valuer_per_share_4q_avg": 15.9,
            "equity": 1657811,
            "current_ratio": 172.2,
            "debt_ratio": 55.63,
            "inventory_turnover_ratio": 0.11,
            "account_receivable_turnover_ratio": 3.51,
            "reinvestment_rate": -0.2,
            "research_to_sale_ratio": null,
            "price_fair": 8.98,
            "eps_avg_yearly": 2.99,
            "eps_latest_yearly": 2.52,
            "eps_growth_yearly": -15.25
        },
        "20181": {
            "year_quarter": 20181,
            "year": 2018,
            "quarter": 1,
            "eps": 5.02,
            "eps_growth_year": 1221.05,
            "eps_4q": 6.31,
            "eps_4q_growth_year": 345.91,
            "roe": 25.7,
            "roe_4q": 33.91,
            "gross_profit": 664635,
            "gross_margin": 26.47,
            "gross_margin_4q_avg": 20.2,
            "net_income": 511655,
            "net_income_4q": null,
            "revenue": 2511309,
            "revenue_4q": null,
            "common_shares": 1020000,
            "book_valuer_per_share": 22.79,
            "book_valuer_per_share_4q_avg": 17.48,
            "equity": 2324548,
            "current_ratio": 243.11,
            "debt_ratio": 39.6,
            "inventory_turnover_ratio": 0.76,
            "account_receivable_turnover_ratio": 22.47,
            "reinvestment_rate": -0.43,
            "research_to_sale_ratio": null,
            "price_fair": 190.2,
            "eps_avg_yearly": 5.43,
            "eps_latest_yearly": 20.08,
            "eps_growth_yearly": 385.12
        },
        "20182": {
            "year_quarter": 20182,
            "year": 2018,
            "quarter": 2,
            "eps": 2.48,
            "eps_growth_year": 755.17,
            "eps_4q": 8.5,
            "eps_4q_growth_year": 297.33,
            "roe": 10.67,
            "roe_4q": 42.75,
            "gross_profit": 339879,
            "gross_margin": 28.38,
            "gross_margin_4q_avg": 23.09,
            "net_income": 253339,
            "net_income_4q": null,
            "revenue": 1197396,
            "revenue_4q": null,
            "common_shares": 1020000,
            "book_valuer_per_share": 23.77,
            "book_valuer_per_share_4q_avg": 19.61,
            "equity": 2424805,
            "current_ratio": 560.82,
            "debt_ratio": 17.47,
            "inventory_turnover_ratio": 0.62,
            "account_receivable_turnover_ratio": 32.54,
            "reinvestment_rate": -0.35,
            "research_to_sale_ratio": null,
            "price_fair": 209.83,
            "eps_avg_yearly": 6,
            "eps_latest_yearly": 9.92,
            "eps_growth_yearly": 311.68
        },
        "20183": {
            "year_quarter": 20183,
            "year": 2018,
            "quarter": 3,
            "eps": 0.01,
            "eps_growth_year": -97.37,
            "eps_4q": 8.13,
            "eps_4q_growth_year": 415.23,
            "roe": 0.03,
            "roe_4q": 40.33,
            "gross_profit": 14061,
            "gross_margin": 18.41,
            "gross_margin_4q_avg": 23.59,
            "net_income": 726,
            "net_income_4q": null,
            "revenue": 76369,
            "revenue_4q": null,
            "common_shares": 1020000,
            "book_valuer_per_share": 23.77,
            "book_valuer_per_share_4q_avg": 21.65,
            "equity": 2424380,
            "current_ratio": 619.33,
            "debt_ratio": 15.35,
            "inventory_turnover_ratio": 0.05,
            "account_receivable_turnover_ratio": 2.53,
            "reinvestment_rate": -0.48,
            "research_to_sale_ratio": null,
            "price_fair": 186.67,
            "eps_avg_yearly": 5.33,
            "eps_latest_yearly": 0.04,
            "eps_growth_yearly": 232.78
        },
        "20184": {
            "year_quarter": 20184,
            "year": 2018,
            "quarter": 4,
            "eps": 0.01,
            "eps_growth_year": -98.37,
            "eps_4q": 7.52,
            "eps_4q_growth_year": 350.42,
            "roe": 0.04,
            "roe_4q": 36.44,
            "gross_profit": 658,
            "gross_margin": 92.55,
            "gross_margin_4q_avg": 41.45,
            "net_income": 1043,
            "net_income_4q": null,
            "revenue": 711,
            "revenue_4q": null,
            "common_shares": 1020000,
            "book_valuer_per_share": 23.78,
            "book_valuer_per_share_4q_avg": 23.53,
            "equity": 2425204,
            "current_ratio": 414.82,
            "debt_ratio": 23.94,
            "inventory_turnover_ratio": 0,
            "account_receivable_turnover_ratio": 0.04,
            "reinvestment_rate": -0.45,
            "research_to_sale_ratio": null,
            "price_fair": 168.14,
            "eps_avg_yearly": 4.8,
            "eps_latest_yearly": 0.04,
            "eps_growth_yearly": 209.5
        },
        "20191": {
            "year_quarter": 20191,
            "year": 2019,
            "quarter": 1,
            "eps": -0.11,
            "eps_growth_year": -102.19,
            "eps_4q": 2.39,
            "eps_4q_growth_year": -62.16,
            "roe": -0.48,
            "roe_4q": 10.26,
            "gross_profit": 660,
            "gross_margin": 92.7,
            "gross_margin_4q_avg": 58.01,
            "net_income": -11602,
            "net_income_4q": null,
            "revenue": 712,
            "revenue_4q": null,
            "common_shares": 1020000,
            "book_valuer_per_share": 23.66,
            "book_valuer_per_share_4q_avg": 23.75,
            "equity": 2413189,
            "current_ratio": 330.77,
            "debt_ratio": 30.06,
            "inventory_turnover_ratio": 0,
            "account_receivable_turnover_ratio": 0.05,
            "reinvestment_rate": -0.43,
            "research_to_sale_ratio": null,
            "price_fair": 168.14,
            "eps_avg_yearly": 4.8,
            "eps_latest_yearly": 0.04,
            "eps_growth_yearly": 209.5
        },
        "20192": {
            "year_quarter": 20192,
            "year": 2019,
            "quarter": 2,
            "eps": -0.1,
            "eps_growth_year": -104.03,
            "eps_4q": -0.2,
            "eps_4q_growth_year": -102.31,
            "roe": -0.45,
            "roe_4q": -0.8599999999999999,
            "gross_profit": 22748,
            "gross_margin": 14.88,
            "gross_margin_4q_avg": 54.64,
            "net_income": -10209,
            "net_income_4q": null,
            "revenue": 152841,
            "revenue_4q": null,
            "common_shares": 1020000,
            "book_valuer_per_share": 20.55,
            "book_valuer_per_share_4q_avg": 22.94,
            "equity": 2096165,
            "current_ratio": 163.76,
            "debt_ratio": 60.76,
            "inventory_turnover_ratio": 0.03,
            "account_receivable_turnover_ratio": 21.04,
            "reinvestment_rate": -0.46,
            "research_to_sale_ratio": null,
            "price_fair": 168.14,
            "eps_avg_yearly": 4.8,
            "eps_latest_yearly": 0.04,
            "eps_growth_yearly": 209.5
        },
        "20193": {
            "year_quarter": 20193,
            "year": 2019,
            "quarter": 3,
            "eps": -0.07,
            "eps_growth_year": -800,
            "eps_4q": -0.27,
            "eps_4q_growth_year": -103.37,
            "roe": -0.34,
            "roe_4q": -1.23,
            "gross_profit": 658,
            "gross_margin": 92.68,
            "gross_margin_4q_avg": 73.2,
            "net_income": -7155,
            "net_income_4q": null,
            "revenue": 710,
            "revenue_4q": null,
            "common_shares": 1020000,
            "book_valuer_per_share": 20.47,
            "book_valuer_per_share_4q_avg": 22.12,
            "equity": 2088395,
            "current_ratio": 152.59,
            "debt_ratio": 65.24,
            "inventory_turnover_ratio": 0,
            "account_receivable_turnover_ratio": 0.22,
            "reinvestment_rate": -0.44,
            "research_to_sale_ratio": null,
            "price_fair": 168.14,
            "eps_avg_yearly": 4.8,
            "eps_latest_yearly": 0.04,
            "eps_growth_yearly": 209.5
        },
        "20194": {
            "year_quarter": 20194,
            "year": 2019,
            "quarter": 4,
            "eps": 0.49,
            "eps_growth_year": 4659.86,
            "eps_4q": 0.2,
            "eps_4q_growth_year": -97.3,
            "roe": 2.35,
            "roe_4q": 1.0800000000000003,
            "gross_profit": 107353,
            "gross_margin": 20.09,
            "gross_margin_4q_avg": 55.09,
            "net_income": 49643,
            "net_income_4q": null,
            "revenue": 534296,
            "revenue_4q": null,
            "common_shares": 1020000,
            "book_valuer_per_share": 20.96,
            "book_valuer_per_share_4q_avg": 21.41,
            "equity": 2137815,
            "current_ratio": 147.74,
            "debt_ratio": 67.38,
            "inventory_turnover_ratio": 0.08,
            "account_receivable_turnover_ratio": 542.43,
            "reinvestment_rate": -0.5,
            "research_to_sale_ratio": null,
            "price_fair": 168.14,
            "eps_avg_yearly": 4.8,
            "eps_latest_yearly": 0.04,
            "eps_growth_yearly": 209.5
        },
        "20201": {
            "year_quarter": 20201,
            "year": 2020,
            "quarter": 1,
            "eps": 0.1,
            "eps_growth_year": null,
            "eps_4q": 0.42,
            "eps_4q_growth_year": -82.5,
            "roe": 0.48,
            "roe_4q": 2.04,
            "gross_profit": 33769,
            "gross_margin": 21.25,
            "gross_margin_4q_avg": 37.23,
            "net_income": 10345,
            "net_income_4q": null,
            "revenue": 158914,
            "revenue_4q": null,
            "common_shares": 1020000,
            "book_valuer_per_share": 21.06,
            "book_valuer_per_share_4q_avg": 20.76,
            "equity": 2148160,
            "current_ratio": 141.2,
            "debt_ratio": 70.56,
            "inventory_turnover_ratio": 0.02,
            "account_receivable_turnover_ratio": 1381.86,
            "reinvestment_rate": -0.57,
            "research_to_sale_ratio": null,
            "price_fair": 137.76,
            "eps_avg_yearly": 3.94,
            "eps_latest_yearly": 0.4,
            "eps_growth_yearly": 187.2
        },
        "20202": {
            "year_quarter": 20202,
            "year": 2020,
            "quarter": 2,
            "eps": -0.09,
            "eps_growth_year": null,
            "eps_4q": 0.43,
            "eps_4q_growth_year": null,
            "roe": -0.41,
            "roe_4q": 2.08,
            "gross_profit": 905,
            "gross_margin": 94.47,
            "gross_margin_4q_avg": 57.12,
            "net_income": -8796,
            "net_income_4q": null,
            "revenue": 958,
            "revenue_4q": null,
            "common_shares": 1020000,
            "book_valuer_per_share": 20.97,
            "book_valuer_per_share_4q_avg": 20.87,
            "equity": 2139364,
            "current_ratio": 128.54,
            "debt_ratio": 77.55,
            "inventory_turnover_ratio": 0,
            "account_receivable_turnover_ratio": null,
            "reinvestment_rate": -0.52,
            "research_to_sale_ratio": null,
            "price_fair": 137.76,
            "eps_avg_yearly": 3.94,
            "eps_latest_yearly": 0.4,
            "eps_growth_yearly": 187.2
        },
        "20203": {
            "year_quarter": 20203,
            "year": 2020,
            "quarter": 3,
            "eps": 0.54,
            "eps_growth_year": null,
            "eps_4q": 1.04,
            "eps_4q_growth_year": null,
            "roe": 2.54,
            "roe_4q": 4.96,
            "gross_profit": 115204,
            "gross_margin": 16.54,
            "gross_margin_4q_avg": 38.09,
            "net_income": 54971,
            "net_income_4q": null,
            "revenue": 696677,
            "revenue_4q": null,
            "common_shares": 1020000,
            "book_valuer_per_share": 21.51,
            "book_valuer_per_share_4q_avg": 21.13,
            "equity": 2194335,
            "current_ratio": 127.69,
            "debt_ratio": 78.11,
            "inventory_turnover_ratio": 0.07,
            "account_receivable_turnover_ratio": null,
            "reinvestment_rate": -0.52,
            "research_to_sale_ratio": null,
            "price_fair": 137.76,
            "eps_avg_yearly": 3.94,
            "eps_latest_yearly": 0.4,
            "eps_growth_yearly": 187.2
        },
        "20204": {
            "year_quarter": 20204,
            "year": 2020,
            "quarter": 4,
            "eps": 2.86,
            "eps_growth_year": 488.51,
            "eps_4q": 3.42,
            "eps_4q_growth_year": 1586.3,
            "roe": 12.48,
            "roe_4q": 15.09,
            "gross_profit": 503037,
            "gross_margin": 20.52,
            "gross_margin_4q_avg": 38.2,
            "net_income": 292156,
            "net_income_4q": null,
            "revenue": 2451337,
            "revenue_4q": null,
            "common_shares": 1020000,
            "book_valuer_per_share": 24.38,
            "book_valuer_per_share_4q_avg": 21.98,
            "equity": 2486491,
            "current_ratio": 135.13,
            "debt_ratio": 73.68,
            "inventory_turnover_ratio": 0.24,
            "account_receivable_turnover_ratio": null,
            "reinvestment_rate": -0.4,
            "research_to_sale_ratio": null,
            "price_fair": 170.24,
            "eps_avg_yearly": 4.86,
            "eps_latest_yearly": 11.44,
            "eps_growth_yearly": 376.07
        },
        "20211": {
            "year_quarter": 20211,
            "year": 2021,
            "quarter": 1,
            "eps": 0.5,
            "eps_growth_year": 400,
            "eps_4q": 3.82,
            "eps_4q_growth_year": 814.3,
            "roe": 2.05,
            "roe_4q": 16.66,
            "gross_profit": 105870,
            "gross_margin": 19.63,
            "gross_margin_4q_avg": 37.79,
            "net_income": 51382,
            "net_income_4q": null,
            "revenue": 539389,
            "revenue_4q": null,
            "common_shares": 1020000,
            "book_valuer_per_share": 24.88,
            "book_valuer_per_share_4q_avg": 22.94,
            "equity": 2537873,
            "current_ratio": 140.03,
            "debt_ratio": 71.19,
            "inventory_turnover_ratio": 0.06,
            "account_receivable_turnover_ratio": null,
            "reinvestment_rate": -0.37,
            "research_to_sale_ratio": null,
            "price_fair": 171.92,
            "eps_avg_yearly": 4.91,
            "eps_latest_yearly": 2,
            "eps_growth_yearly": 354.92
        },
        "20212": {
            "year_quarter": 20212,
            "year": 2021,
            "quarter": 2,
            "eps": -0.12,
            "eps_growth_year": null,
            "eps_4q": 3.79,
            "eps_4q_growth_year": 778.02,
            "roe": -0.5,
            "roe_4q": 16.57,
            "gross_profit": 659,
            "gross_margin": 92.69,
            "gross_margin_4q_avg": 37.35,
            "net_income": -11855,
            "net_income_4q": null,
            "revenue": 711,
            "revenue_4q": null,
            "common_shares": 1020000,
            "book_valuer_per_share": 21.76,
            "book_valuer_per_share_4q_avg": 23.13,
            "equity": 2220018,
            "current_ratio": 131.24,
            "debt_ratio": 75.94,
            "inventory_turnover_ratio": 0,
            "account_receivable_turnover_ratio": null,
            "reinvestment_rate": -0.37,
            "research_to_sale_ratio": null,
            "price_fair": 186.51,
            "eps_avg_yearly": 5.33,
            "eps_latest_yearly": 2,
            "eps_growth_yearly": 404.88
        },
        "20213": {
            "year_quarter": 20213,
            "year": 2021,
            "quarter": 3,
            "eps": 2.2,
            "eps_growth_year": 307.41,
            "eps_4q": 5.45,
            "eps_4q_growth_year": 423.32,
            "roe": 9.6,
            "roe_4q": 23.63,
            "gross_profit": 379442,
            "gross_margin": 21.46,
            "gross_margin_4q_avg": 38.58,
            "net_income": 223892,
            "net_income_4q": null,
            "revenue": 1768042,
            "revenue_4q": null,
            "common_shares": 1020000,
            "book_valuer_per_share": 23.96,
            "book_valuer_per_share_4q_avg": 23.75,
            "equity": 2443910,
            "current_ratio": 140.31,
            "debt_ratio": 71.07,
            "inventory_turnover_ratio": 0.18,
            "account_receivable_turnover_ratio": null,
            "reinvestment_rate": -0.31,
            "research_to_sale_ratio": null,
            "price_fair": 203.18,
            "eps_avg_yearly": 5.81,
            "eps_latest_yearly": 2,
            "eps_growth_yearly": 439.97
        },
        "20214": {
            "year_quarter": 20214,
            "year": 2021,
            "quarter": 4,
            "eps": 1.5,
            "eps_growth_year": -47.48,
            "eps_4q": 4.09,
            "eps_4q_growth_year": 19.55,
            "roe": 6.09,
            "roe_4q": 17.24,
            "gross_profit": 254978,
            "gross_margin": 26.12,
            "gross_margin_4q_avg": 39.98,
            "net_income": 153430,
            "net_income_4q": null,
            "revenue": 976042,
            "revenue_4q": null,
            "common_shares": 1020000,
            "book_valuer_per_share": 25.46,
            "book_valuer_per_share_4q_avg": 24.02,
            "equity": 2597340,
            "current_ratio": 124.55,
            "debt_ratio": 79.95,
            "inventory_turnover_ratio": 0.07,
            "account_receivable_turnover_ratio": 26.52,
            "reinvestment_rate": -0.28,
            "research_to_sale_ratio": null,
            "price_fair": 218.4,
            "eps_avg_yearly": 6.24,
            "eps_latest_yearly": 6,
            "eps_growth_yearly": 391.17
        },
        "20221": {
            "year_quarter": 20221,
            "year": 2022,
            "quarter": 1,
            "eps": 1.17,
            "eps_growth_year": 134,
            "eps_4q": 4.75,
            "eps_4q_growth_year": 24.35,
            "roe": 4.48,
            "roe_4q": 19.67,
            "gross_profit": 210956,
            "gross_margin": 24.33,
            "gross_margin_4q_avg": 41.15,
            "net_income": 119142,
            "net_income_4q": null,
            "revenue": 867086,
            "revenue_4q": null,
            "common_shares": 1020000,
            "book_valuer_per_share": 26.63,
            "book_valuer_per_share_4q_avg": 24.45,
            "equity": 2716482,
            "current_ratio": 126.97,
            "debt_ratio": 78.6,
            "inventory_turnover_ratio": 0.06,
            "account_receivable_turnover_ratio": 23.56,
            "reinvestment_rate": 0.02,
            "research_to_sale_ratio": null,
            "price_fair": 151.03,
            "eps_avg_yearly": 4.32,
            "eps_latest_yearly": 4.68,
            "eps_growth_yearly": 31.75
        },
        "20222": {
            "year_quarter": 20222,
            "year": 2022,
            "quarter": 2,
            "eps": -0.29,
            "eps_growth_year": null,
            "eps_4q": 4.58,
            "eps_4q_growth_year": 20.79,
            "roe": -1.09,
            "roe_4q": 19.08,
            "gross_profit": 943,
            "gross_margin": 94.68,
            "gross_margin_4q_avg": 41.65,
            "net_income": -29411,
            "net_income_4q": null,
            "revenue": 996,
            "revenue_4q": null,
            "common_shares": 1020000,
            "book_valuer_per_share": 26.34,
            "book_valuer_per_share_4q_avg": 25.6,
            "equity": 2687071,
            "current_ratio": 124.01,
            "debt_ratio": 80.47,
            "inventory_turnover_ratio": 0,
            "account_receivable_turnover_ratio": null,
            "reinvestment_rate": 0.02,
            "research_to_sale_ratio": null,
            "price_fair": 123,
            "eps_avg_yearly": 3.51,
            "eps_latest_yearly": 4.68,
            "eps_growth_yearly": 65.2
        },
        "20223": {
            "year_quarter": 20223,
            "year": 2022,
            "quarter": 3,
            "eps": -0.09,
            "eps_growth_year": -104.09,
            "eps_4q": 2.3,
            "eps_4q_growth_year": -57.8,
            "roe": -0.32,
            "roe_4q": 9.16,
            "gross_profit": 624,
            "gross_margin": 92.31,
            "gross_margin_4q_avg": 59.36,
            "net_income": -8683,
            "net_income_4q": null,
            "revenue": 676,
            "revenue_4q": null,
            "common_shares": 1020000,
            "book_valuer_per_share": 26.26,
            "book_valuer_per_share_4q_avg": 26.17,
            "equity": 2678388,
            "current_ratio": 122.66,
            "debt_ratio": 81.36,
            "inventory_turnover_ratio": 0,
            "account_receivable_turnover_ratio": null,
            "reinvestment_rate": 0.02,
            "research_to_sale_ratio": null,
            "price_fair": 143.27,
            "eps_avg_yearly": 4.09,
            "eps_latest_yearly": 4.68,
            "eps_growth_yearly": 142.47
        },
        "20224": {
            "year_quarter": 20224,
            "year": 2022,
            "quarter": 4,
            "eps": 0.96,
            "eps_growth_year": -36.24,
            "eps_4q": 1.75,
            "eps_4q_growth_year": -57.09,
            "roe": 3.59,
            "roe_4q": 6.66,
            "gross_profit": 151778,
            "gross_margin": 41.98,
            "gross_margin_4q_avg": 63.33,
            "net_income": 97826,
            "net_income_4q": null,
            "revenue": 361570,
            "revenue_4q": null,
            "common_shares": 1020000,
            "book_valuer_per_share": 27.22,
            "book_valuer_per_share_4q_avg": 26.61,
            "equity": 2776214,
            "current_ratio": 122.53,
            "debt_ratio": 81.35,
            "inventory_turnover_ratio": 0.02,
            "account_receivable_turnover_ratio": null,
            "reinvestment_rate": 0.02,
            "research_to_sale_ratio": null,
            "price_fair": 171.64,
            "eps_avg_yearly": 4.9,
            "eps_latest_yearly": 4.68,
            "eps_growth_yearly": 170.96
        },
        "20231": {
            "year_quarter": 20231,
            "year": 2023,
            "quarter": 1,
            "eps": 0.87,
            "eps_growth_year": -25.64,
            "eps_4q": 1.45,
            "eps_4q_growth_year": -69.44,
            "roe": 3.13,
            "roe_4q": 5.31,
            "gross_profit": 143282,
            "gross_margin": 39.76,
            "gross_margin_4q_avg": 67.18,
            "net_income": 88361,
            "net_income_4q": null,
            "revenue": 360322,
            "revenue_4q": null,
            "common_shares": 1020000,
            "book_valuer_per_share": 28.08,
            "book_valuer_per_share_4q_avg": 26.98,
            "equity": 2864575,
            "current_ratio": 123.62,
            "debt_ratio": 80.75,
            "inventory_turnover_ratio": 0.02,
            "account_receivable_turnover_ratio": null,
            "reinvestment_rate": 0.04,
            "research_to_sale_ratio": null,
            "price_fair": 163.33,
            "eps_avg_yearly": 4.67,
            "eps_latest_yearly": 3.48,
            "eps_growth_yearly": 136.22
        },
        "20232": {
            "year_quarter": 20232,
            "year": 2023,
            "quarter": 2,
            "eps": -0.17,
            "eps_growth_year": null,
            "eps_4q": 1.57,
            "eps_4q_growth_year": -65.71,
            "roe": -0.61,
            "roe_4q": 5.789999999999999,
            "gross_profit": 1119,
            "gross_margin": 95.48,
            "gross_margin_4q_avg": 67.38,
            "net_income": -17352,
            "net_income_4q": null,
            "revenue": 1172,
            "revenue_4q": null,
            "common_shares": 1020000,
            "book_valuer_per_share": 27.91,
            "book_valuer_per_share_4q_avg": 27.37,
            "equity": 2847223,
            "current_ratio": 122.46,
            "debt_ratio": 81.51,
            "inventory_turnover_ratio": 0,
            "account_receivable_turnover_ratio": null,
            "reinvestment_rate": 0.03,
            "research_to_sale_ratio": null,
            "price_fair": 163.33,
            "eps_avg_yearly": 4.67,
            "eps_latest_yearly": 3.48,
            "eps_growth_yearly": 136.22
        }
    },
    "months": {
        "2002-12": {
            "month": "2002-12",
            "price": "57.25",
            "revenue": 400772
        },
        "2003-01": {
            "month": "2003-01",
            "price": "58.79",
            "revenue": 332311
        },
        "2003-02": {
            "month": "2003-02",
            "price": "57.06",
            "revenue": 332865
        },
        "2003-03": {
            "month": "2003-03",
            "price": "54.36",
            "revenue": 353967
        },
        "2003-04": {
            "month": "2003-04",
            "price": "53.30",
            "revenue": 331204
        },
        "2003-05": {
            "month": "2003-05",
            "price": "53.21",
            "revenue": 301131
        },
        "2003-06": {
            "month": "2003-06",
            "price": "62.35",
            "revenue": 373834
        },
        "2003-07": {
            "month": "2003-07",
            "price": "67.04",
            "revenue": 402323
        },
        "2003-08": {
            "month": "2003-08",
            "price": "61.00",
            "revenue": 327578
        },
        "2003-09": {
            "month": "2003-09",
            "price": "53.05",
            "revenue": 370413
        },
        "2003-10": {
            "month": "2003-10",
            "price": "39.31",
            "revenue": 337344
        },
        "2003-11": {
            "month": "2003-11",
            "price": "31.12",
            "revenue": 345535
        },
        "2003-12": {
            "month": "2003-12",
            "price": "32.17",
            "revenue": 205857
        },
        "2004-01": {
            "month": "2004-01",
            "price": "31.37",
            "revenue": 111857
        },
        "2004-02": {
            "month": "2004-02",
            "price": "31.40",
            "revenue": 159237
        },
        "2004-03": {
            "month": "2004-03",
            "price": "27.01",
            "revenue": 151236
        },
        "2004-04": {
            "month": "2004-04",
            "price": "25.58",
            "revenue": 266205
        },
        "2004-05": {
            "month": "2004-05",
            "price": "19.84",
            "revenue": 262867
        },
        "2004-06": {
            "month": "2004-06",
            "price": "21.37",
            "revenue": 101661
        },
        "2004-07": {
            "month": "2004-07",
            "price": "18.50",
            "revenue": 84178
        },
        "2004-08": {
            "month": "2004-08",
            "price": "14.30",
            "revenue": 146933
        },
        "2004-09": {
            "month": "2004-09",
            "price": "11.67",
            "revenue": 185595
        },
        "2004-10": {
            "month": "2004-10",
            "price": "10.20",
            "revenue": 183867
        },
        "2004-11": {
            "month": "2004-11",
            "price": "8.42",
            "revenue": 152077
        },
        "2004-12": {
            "month": "2004-12",
            "price": "8.13",
            "revenue": 192864
        },
        "2005-01": {
            "month": "2005-01",
            "price": "8.29",
            "revenue": 140025
        },
        "2005-02": {
            "month": "2005-02",
            "price": "7.78",
            "revenue": 134913
        },
        "2005-03": {
            "month": "2005-03",
            "price": "8.20",
            "revenue": 297818
        },
        "2005-04": {
            "month": "2005-04",
            "price": "7.06",
            "revenue": 212118
        },
        "2005-05": {
            "month": "2005-05",
            "price": "6.50",
            "revenue": 179698
        },
        "2005-06": {
            "month": "2005-06",
            "price": "7.00",
            "revenue": 138539
        },
        "2005-07": {
            "month": "2005-07",
            "price": "6.93",
            "revenue": 87610
        },
        "2005-08": {
            "month": "2005-08",
            "price": "5.96",
            "revenue": 100868
        },
        "2005-09": {
            "month": "2005-09",
            "price": "5.05",
            "revenue": 95657
        },
        "2005-10": {
            "month": "2005-10",
            "price": "4.39",
            "revenue": 95242
        },
        "2005-11": {
            "month": "2005-11",
            "price": "4.16",
            "revenue": 68115
        },
        "2005-12": {
            "month": "2005-12",
            "price": "4.64",
            "revenue": 48097
        },
        "2006-01": {
            "month": "2006-01",
            "price": "5.63",
            "revenue": 47024
        },
        "2006-02": {
            "month": "2006-02",
            "price": "5.26",
            "revenue": 67406
        },
        "2006-03": {
            "month": "2006-03",
            "price": "4.75",
            "revenue": 44793
        },
        "2006-04": {
            "month": "2006-04",
            "price": "5.61",
            "revenue": 18040
        },
        "2006-05": {
            "month": "2006-05",
            "price": "5.06",
            "revenue": 3826
        },
        "2006-06": {
            "month": "2006-06",
            "price": "4.52",
            "revenue": 10149
        },
        "2006-07": {
            "month": "2006-07",
            "price": "4.08",
            "revenue": 8969
        },
        "2006-08": {
            "month": "2006-08",
            "price": "4.02",
            "revenue": 5020
        },
        "2006-09": {
            "month": "2006-09",
            "price": "3.84",
            "revenue": 4481
        },
        "2006-10": {
            "month": "2006-10",
            "price": "4.69",
            "revenue": 4268
        },
        "2006-11": {
            "month": "2006-11",
            "price": "6.86",
            "revenue": 4212
        },
        "2006-12": {
            "month": "2006-12",
            "price": "9.87",
            "revenue": 1074
        },
        "2007-01": {
            "month": "2007-01",
            "price": "8.28",
            "revenue": 4658
        },
        "2007-02": {
            "month": "2007-02",
            "price": "10.24",
            "revenue": 105
        },
        "2007-03": {
            "month": "2007-03",
            "price": "12.74",
            "revenue": 350
        },
        "2007-04": {
            "month": "2007-04",
            "price": "13.76",
            "revenue": 164
        },
        "2007-05": {
            "month": "2007-05",
            "price": "10.52",
            "revenue": 419
        },
        "2007-06": {
            "month": "2007-06",
            "price": "11.08",
            "revenue": 27
        },
        "2007-07": {
            "month": "2007-07",
            "price": "12.13",
            "revenue": 14679
        },
        "2007-08": {
            "month": "2007-08",
            "price": "11.04",
            "revenue": 9523
        },
        "2007-09": {
            "month": "2007-09",
            "price": "10.80",
            "revenue": 37974
        },
        "2007-10": {
            "month": "2007-10",
            "price": "10.33",
            "revenue": 3540
        },
        "2007-11": {
            "month": "2007-11",
            "price": "8.65",
            "revenue": 68300
        },
        "2007-12": {
            "month": "2007-12",
            "price": "8.87",
            "revenue": 0
        },
        "2008-01": {
            "month": "2008-01",
            "price": "7.36",
            "revenue": 0
        },
        "2008-02": {
            "month": "2008-02",
            "price": "7.64",
            "revenue": 0
        },
        "2008-03": {
            "month": "2008-03",
            "price": "7.94",
            "revenue": 0
        },
        "2008-04": {
            "month": "2008-04",
            "price": "9.36",
            "revenue": 0
        },
        "2008-05": {
            "month": "2008-05",
            "price": "8.89",
            "revenue": 0
        },
        "2008-06": {
            "month": "2008-06",
            "price": "8.67",
            "revenue": 0
        },
        "2008-07": {
            "month": "2008-07",
            "price": "7.26",
            "revenue": 0
        },
        "2008-08": {
            "month": "2008-08",
            "price": "5.54",
            "revenue": 0
        },
        "2008-09": {
            "month": "2008-09",
            "price": "4.91",
            "revenue": 0
        },
        "2008-10": {
            "month": "2008-10",
            "price": "3.69",
            "revenue": 0
        },
        "2008-11": {
            "month": "2008-11",
            "price": "5.07",
            "revenue": 0
        },
        "2008-12": {
            "month": "2008-12",
            "price": "5.30",
            "revenue": 0
        },
        "2009-01": {
            "month": "2009-01",
            "price": "4.95",
            "revenue": 0
        },
        "2009-02": {
            "month": "2009-02",
            "price": "4.98",
            "revenue": 0
        },
        "2009-03": {
            "month": "2009-03",
            "price": "4.78",
            "revenue": 0
        },
        "2009-04": {
            "month": "2009-04",
            "price": "6.47",
            "revenue": 819452
        },
        "2009-05": {
            "month": "2009-05",
            "price": "7.50",
            "revenue": 902446
        },
        "2009-06": {
            "month": "2009-06",
            "price": "10.17",
            "revenue": 165900
        },
        "2009-07": {
            "month": "2009-07",
            "price": "11.24",
            "revenue": 74207
        },
        "2009-08": {
            "month": "2009-08",
            "price": "11.19",
            "revenue": 51883
        },
        "2009-09": {
            "month": "2009-09",
            "price": "13.47",
            "revenue": 57914
        },
        "2009-10": {
            "month": "2009-10",
            "price": "14.02",
            "revenue": 1268591
        },
        "2009-11": {
            "month": "2009-11",
            "price": "15.43",
            "revenue": 255000
        },
        "2009-12": {
            "month": "2009-12",
            "price": "15.62",
            "revenue": 126711
        },
        "2010-01": {
            "month": "2010-01",
            "price": "15.44",
            "revenue": 67876
        },
        "2010-02": {
            "month": "2010-02",
            "price": "12.36",
            "revenue": 63871
        },
        "2010-03": {
            "month": "2010-03",
            "price": "12.81",
            "revenue": 20895
        },
        "2010-04": {
            "month": "2010-04",
            "price": "13.05",
            "revenue": 36771
        },
        "2010-05": {
            "month": "2010-05",
            "price": "11.87",
            "revenue": 102333
        },
        "2010-06": {
            "month": "2010-06",
            "price": "9.79",
            "revenue": 53752
        },
        "2010-07": {
            "month": "2010-07",
            "price": "10.11",
            "revenue": 8543
        },
        "2010-08": {
            "month": "2010-08",
            "price": "12.18",
            "revenue": 12333
        },
        "2010-09": {
            "month": "2010-09",
            "price": "13.74",
            "revenue": 42448
        },
        "2010-10": {
            "month": "2010-10",
            "price": "13.22",
            "revenue": 55610
        },
        "2010-11": {
            "month": "2010-11",
            "price": "13.31",
            "revenue": 14248
        },
        "2010-12": {
            "month": "2010-12",
            "price": "12.96",
            "revenue": 14019
        },
        "2011-01": {
            "month": "2011-01",
            "price": "12.80",
            "revenue": 4305
        },
        "2011-02": {
            "month": "2011-02",
            "price": "12.73",
            "revenue": 20857
        },
        "2011-03": {
            "month": "2011-03",
            "price": "12.69",
            "revenue": 267
        },
        "2011-04": {
            "month": "2011-04",
            "price": "12.71",
            "revenue": 0
        },
        "2011-05": {
            "month": "2011-05",
            "price": "12.91",
            "revenue": 0
        },
        "2011-06": {
            "month": "2011-06",
            "price": "12.69",
            "revenue": 0
        },
        "2011-07": {
            "month": "2011-07",
            "price": "12.63",
            "revenue": 0
        },
        "2011-08": {
            "month": "2011-08",
            "price": "12.34",
            "revenue": 0
        },
        "2011-09": {
            "month": "2011-09",
            "price": "11.93",
            "revenue": 485
        },
        "2011-10": {
            "month": "2011-10",
            "price": "11.70",
            "revenue": 0
        },
        "2011-11": {
            "month": "2011-11",
            "price": "11.81",
            "revenue": 14867
        },
        "2011-12": {
            "month": "2011-12",
            "price": "11.61",
            "revenue": 0
        },
        "2012-01": {
            "month": "2012-01",
            "price": "11.50",
            "revenue": 0
        },
        "2012-02": {
            "month": "2012-02",
            "price": "11.42",
            "revenue": 0
        },
        "2012-03": {
            "month": "2012-03",
            "price": "11.08",
            "revenue": 0
        },
        "2012-04": {
            "month": "2012-04",
            "price": "10.86",
            "revenue": 16990
        },
        "2012-05": {
            "month": "2012-05",
            "price": "10.86",
            "revenue": 14248
        },
        "2012-06": {
            "month": "2012-06",
            "price": "11.38",
            "revenue": 0
        },
        "2012-07": {
            "month": "2012-07",
            "price": "11.04",
            "revenue": 0
        },
        "2012-08": {
            "month": "2012-08",
            "price": "11.19",
            "revenue": 0
        },
        "2012-09": {
            "month": "2012-09",
            "price": "11.43",
            "revenue": 0
        },
        "2012-10": {
            "month": "2012-10",
            "price": "11.59",
            "revenue": 806541
        },
        "2012-11": {
            "month": "2012-11",
            "price": "12.28",
            "revenue": 47929
        },
        "2012-12": {
            "month": "2012-12",
            "price": "12.10",
            "revenue": 0
        },
        "2013-01": {
            "month": "2013-01",
            "price": "12.51",
            "revenue": 0
        },
        "2013-02": {
            "month": "2013-02",
            "price": "12.60",
            "revenue": 514
        },
        "2013-03": {
            "month": "2013-03",
            "price": "14.94",
            "revenue": 0
        },
        "2013-04": {
            "month": "2013-04",
            "price": "17.03",
            "revenue": 0
        },
        "2013-05": {
            "month": "2013-05",
            "price": "18.12",
            "revenue": 0
        },
        "2013-06": {
            "month": "2013-06",
            "price": "17.77",
            "revenue": 0
        },
        "2013-07": {
            "month": "2013-07",
            "price": "18.36",
            "revenue": 0
        },
        "2013-08": {
            "month": "2013-08",
            "price": "19.58",
            "revenue": 0
        },
        "2013-09": {
            "month": "2013-09",
            "price": "19.92",
            "revenue": 0
        },
        "2013-10": {
            "month": "2013-10",
            "price": "20.81",
            "revenue": 0
        },
        "2013-11": {
            "month": "2013-11",
            "price": "21.19",
            "revenue": 0
        },
        "2013-12": {
            "month": "2013-12",
            "price": "22.98",
            "revenue": 0
        },
        "2014-01": {
            "month": "2014-01",
            "price": "24.27",
            "revenue": 0
        },
        "2014-02": {
            "month": "2014-02",
            "price": "31.87",
            "revenue": 0
        },
        "2014-03": {
            "month": "2014-03",
            "price": "31.41",
            "revenue": 0
        },
        "2014-04": {
            "month": "2014-04",
            "price": "30.98",
            "revenue": 0
        },
        "2014-05": {
            "month": "2014-05",
            "price": "30.67",
            "revenue": 267
        },
        "2014-06": {
            "month": "2014-06",
            "price": "30.67",
            "revenue": 1324
        },
        "2014-07": {
            "month": "2014-07",
            "price": "30.98",
            "revenue": 0
        },
        "2014-08": {
            "month": "2014-08",
            "price": "31.22",
            "revenue": 0
        },
        "2014-09": {
            "month": "2014-09",
            "price": "30.74",
            "revenue": 1542
        },
        "2014-10": {
            "month": "2014-10",
            "price": "30.81",
            "revenue": 0
        },
        "2014-11": {
            "month": "2014-11",
            "price": "31.17",
            "revenue": 0
        },
        "2014-12": {
            "month": "2014-12",
            "price": "31.24",
            "revenue": 0
        },
        "2015-01": {
            "month": "2015-01",
            "price": "30.24",
            "revenue": 0
        },
        "2015-02": {
            "month": "2015-02",
            "price": "30.20",
            "revenue": 0
        },
        "2015-03": {
            "month": "2015-03",
            "price": "29.38",
            "revenue": 0
        },
        "2015-04": {
            "month": "2015-04",
            "price": "30.47",
            "revenue": 0
        },
        "2015-05": {
            "month": "2015-05",
            "price": "30.11",
            "revenue": 0
        },
        "2015-06": {
            "month": "2015-06",
            "price": "29.59",
            "revenue": 1148676
        },
        "2015-07": {
            "month": "2015-07",
            "price": "29.47",
            "revenue": 85493
        },
        "2015-08": {
            "month": "2015-08",
            "price": "26.48",
            "revenue": 63219
        },
        "2015-09": {
            "month": "2015-09",
            "price": "24.49",
            "revenue": 6776
        },
        "2015-10": {
            "month": "2015-10",
            "price": "24.62",
            "revenue": 524
        },
        "2015-11": {
            "month": "2015-11",
            "price": "25.75",
            "revenue": 1106793
        },
        "2015-12": {
            "month": "2015-12",
            "price": "25.10",
            "revenue": 1095548
        },
        "2016-01": {
            "month": "2016-01",
            "price": "26.85",
            "revenue": 1174218
        },
        "2016-02": {
            "month": "2016-02",
            "price": "26.69",
            "revenue": 87235
        },
        "2016-03": {
            "month": "2016-03",
            "price": "27.54",
            "revenue": 72744
        },
        "2016-04": {
            "month": "2016-04",
            "price": "29.34",
            "revenue": 38620
        },
        "2016-05": {
            "month": "2016-05",
            "price": "30.42",
            "revenue": 67651
        },
        "2016-06": {
            "month": "2016-06",
            "price": "30.54",
            "revenue": 84836
        },
        "2016-07": {
            "month": "2016-07",
            "price": "30.48",
            "revenue": 173288
        },
        "2016-08": {
            "month": "2016-08",
            "price": "30.02",
            "revenue": 119235
        },
        "2016-09": {
            "month": "2016-09",
            "price": "30.71",
            "revenue": 172700
        },
        "2016-10": {
            "month": "2016-10",
            "price": "30.59",
            "revenue": 137787
        },
        "2016-11": {
            "month": "2016-11",
            "price": "30.60",
            "revenue": 136474
        },
        "2016-12": {
            "month": "2016-12",
            "price": "30.56",
            "revenue": 173886
        },
        "2017-01": {
            "month": "2017-01",
            "price": "30.39",
            "revenue": 104098
        },
        "2017-02": {
            "month": "2017-02",
            "price": "30.05",
            "revenue": 140382
        },
        "2017-03": {
            "month": "2017-03",
            "price": "30.19",
            "revenue": 177919
        },
        "2017-04": {
            "month": "2017-04",
            "price": "28.89",
            "revenue": 118474
        },
        "2017-05": {
            "month": "2017-05",
            "price": "28.13",
            "revenue": 186346
        },
        "2017-06": {
            "month": "2017-06",
            "price": "27.77",
            "revenue": 141382
        },
        "2017-07": {
            "month": "2017-07",
            "price": "27.46",
            "revenue": 130442
        },
        "2017-08": {
            "month": "2017-08",
            "price": "27.26",
            "revenue": 106670
        },
        "2017-09": {
            "month": "2017-09",
            "price": "27.20",
            "revenue": 97877
        },
        "2017-10": {
            "month": "2017-10",
            "price": "27.93",
            "revenue": 30334
        },
        "2017-11": {
            "month": "2017-11",
            "price": "27.87",
            "revenue": 70392
        },
        "2017-12": {
            "month": "2017-12",
            "price": "29.03",
            "revenue": 307589
        },
        "2018-01": {
            "month": "2018-01",
            "price": "31.29",
            "revenue": 823198
        },
        "2018-02": {
            "month": "2018-02",
            "price": "31.94",
            "revenue": 78733
        },
        "2018-03": {
            "month": "2018-03",
            "price": "31.53",
            "revenue": 1609379
        },
        "2018-04": {
            "month": "2018-04",
            "price": "32.30",
            "revenue": 1021624
        },
        "2018-05": {
            "month": "2018-05",
            "price": "44.66",
            "revenue": 97925
        },
        "2018-06": {
            "month": "2018-06",
            "price": "51.62",
            "revenue": 77846
        },
        "2018-07": {
            "month": "2018-07",
            "price": "44.99",
            "revenue": 74495
        },
        "2018-08": {
            "month": "2018-08",
            "price": "45.60",
            "revenue": 1637
        },
        "2018-09": {
            "month": "2018-09",
            "price": "44.93",
            "revenue": 237
        },
        "2018-10": {
            "month": "2018-10",
            "price": "44.37",
            "revenue": 237
        },
        "2018-11": {
            "month": "2018-11",
            "price": "43.67",
            "revenue": 237
        },
        "2018-12": {
            "month": "2018-12",
            "price": "44.04",
            "revenue": 237
        },
        "2019-01": {
            "month": "2019-01",
            "price": "41.96",
            "revenue": 238
        },
        "2019-02": {
            "month": "2019-02",
            "price": "40.98",
            "revenue": 237
        },
        "2019-03": {
            "month": "2019-03",
            "price": "41.92",
            "revenue": 237
        },
        "2019-04": {
            "month": "2019-04",
            "price": "42.89",
            "revenue": 144758
        },
        "2019-05": {
            "month": "2019-05",
            "price": "41.58",
            "revenue": 7846
        },
        "2019-06": {
            "month": "2019-06",
            "price": "39.91",
            "revenue": 237
        },
        "2019-07": {
            "month": "2019-07",
            "price": "37.24",
            "revenue": 237
        },
        "2019-08": {
            "month": "2019-08",
            "price": "38.93",
            "revenue": 237
        },
        "2019-09": {
            "month": "2019-09",
            "price": "40.53",
            "revenue": 237
        },
        "2019-10": {
            "month": "2019-10",
            "price": "43.21",
            "revenue": 237
        },
        "2019-11": {
            "month": "2019-11",
            "price": "43.99",
            "revenue": 461022
        },
        "2019-12": {
            "month": "2019-12",
            "price": "43.71",
            "revenue": 73037
        },
        "2020-01": {
            "month": "2020-01",
            "price": "43.10",
            "revenue": 157862
        },
        "2020-02": {
            "month": "2020-02",
            "price": "45.22",
            "revenue": 237
        },
        "2020-03": {
            "month": "2020-03",
            "price": "46.63",
            "revenue": 827
        },
        "2020-04": {
            "month": "2020-04",
            "price": "44.78",
            "revenue": 237
        },
        "2020-05": {
            "month": "2020-05",
            "price": "46.95",
            "revenue": 484
        },
        "2020-06": {
            "month": "2020-06",
            "price": "46.89",
            "revenue": 237
        },
        "2020-07": {
            "month": "2020-07",
            "price": "47.82",
            "revenue": 237
        },
        "2020-08": {
            "month": "2020-08",
            "price": "54.02",
            "revenue": 237
        },
        "2020-09": {
            "month": "2020-09",
            "price": "56.01",
            "revenue": 696203
        },
        "2020-10": {
            "month": "2020-10",
            "price": "59.37",
            "revenue": 27350
        },
        "2020-11": {
            "month": "2020-11",
            "price": "59.51",
            "revenue": 6254
        },
        "2020-12": {
            "month": "2020-12",
            "price": "58.56",
            "revenue": 2417733
        },
        "2021-01": {
            "month": "2021-01",
            "price": "58.29",
            "revenue": 529159
        },
        "2021-02": {
            "month": "2021-02",
            "price": "57.06",
            "revenue": 9993
        },
        "2021-03": {
            "month": "2021-03",
            "price": "57.03",
            "revenue": 237
        },
        "2021-04": {
            "month": "2021-04",
            "price": "57.79",
            "revenue": 237
        },
        "2021-05": {
            "month": "2021-05",
            "price": "60.59",
            "revenue": 238
        },
        "2021-06": {
            "month": "2021-06",
            "price": "58.80",
            "revenue": 237
        },
        "2021-07": {
            "month": "2021-07",
            "price": "58.89",
            "revenue": 1528385
        },
        "2021-08": {
            "month": "2021-08",
            "price": "59.09",
            "revenue": 230112
        },
        "2021-09": {
            "month": "2021-09",
            "price": "58.27",
            "revenue": 9544
        },
        "2021-10": {
            "month": "2021-10",
            "price": "58.03",
            "revenue": 485
        },
        "2021-11": {
            "month": "2021-11",
            "price": "57.95",
            "revenue": 237
        },
        "2021-12": {
            "month": "2021-12",
            "price": "60.53",
            "revenue": 975321
        },
        "2022-01": {
            "month": "2022-01",
            "price": "59.00",
            "revenue": 849595
        },
        "2022-02": {
            "month": "2022-02",
            "price": "59.18",
            "revenue": 4345
        },
        "2022-03": {
            "month": "2022-03",
            "price": "57.83",
            "revenue": 13146
        },
        "2022-04": {
            "month": "2022-04",
            "price": "54.43",
            "revenue": 237
        },
        "2022-05": {
            "month": "2022-05",
            "price": "53.30",
            "revenue": 237
        },
        "2022-06": {
            "month": "2022-06",
            "price": "52.65",
            "revenue": 522
        },
        "2022-07": {
            "month": "2022-07",
            "price": "48.32",
            "revenue": 225
        },
        "2022-08": {
            "month": "2022-08",
            "price": "48.69",
            "revenue": 226
        },
        "2022-09": {
            "month": "2022-09",
            "price": "49.63",
            "revenue": 225
        },
        "2022-10": {
            "month": "2022-10",
            "price": "50.07",
            "revenue": 225
        },
        "2022-11": {
            "month": "2022-11",
            "price": "50.44",
            "revenue": 226
        },
        "2022-12": {
            "month": "2022-12",
            "price": "50.84",
            "revenue": 361119
        },
        "2023-01": {
            "month": "2023-01",
            "price": "49.06",
            "revenue": 350226
        },
        "2023-02": {
            "month": "2023-02",
            "price": "49.20",
            "revenue": 9871
        },
        "2023-03": {
            "month": "2023-03",
            "price": "49.09",
            "revenue": 225
        },
        "2023-04": {
            "month": "2023-04",
            "price": "49.00",
            "revenue": 721
        },
        "2023-05": {
            "month": "2023-05",
            "price": "48.39",
            "revenue": 225
        },
        "2023-06": {
            "month": "2023-06",
            "price": "48.80",
            "revenue": 226
        },
        "2023-07": {
            "month": "2023-07",
            "price": "47.37",
            "revenue": 8501
        },
        "2023-08": {
            "month": "2023-08",
            "price": "46.17",
            "revenue": 226
        },
        "2023-09": {
            "month": "2023-09",
            "price": "49.28",
            "revenue": 225
        }
    }
}
