{
    "summary": {
        "stock_name": "聯茂",
        "stock_id": "6213",
        "category": "電子零組件",
        "main_business": "多層印刷電路基材及銅箔基板及半成品及成品之製造、加工及買賣<br>電子零組件製造業<br>電子材料批發業",
        "website_url": "http://www.iteq.com.tw",
        "ceo": "蔡馨(日彗)",
        "pe_ratio": 24,
        "report_year_from": 2002,
        "report_year_to": 2023,
        "age": 21,
        "eps_negative_percentage": 0,
        "eps_growth_avg": {
            "last_all": 18.3,
            "last_2y": -11.53,
            "last_4y": 9.27,
            "last_8y": 13.68,
            "last_12y": 10.85,
            "last_16y": 15.03,
            "last_20y": null,
            "at_2006_last_3y": 52.61,
            "at_2007_last_3y": 38.27,
            "at_2008_last_3y": 1.17,
            "at_2009_last_3y": 28.62,
            "at_2010_last_3y": 24.21,
            "at_2011_last_3y": 14.3,
            "at_2012_last_3y": 25.37,
            "at_2013_last_3y": 4.47,
            "at_2014_last_3y": -24.95,
            "at_2015_last_3y": -13.7,
            "at_2016_last_3y": 4.55,
            "at_2017_last_3y": 19.2,
            "at_2018_last_3y": 38.53,
            "at_2019_last_3y": 43.67,
            "at_2020_last_3y": 28.22,
            "at_2021_last_3y": 22.98,
            "at_2022_last_3y": 1.09,
            "at_2023_last_3y": 1.09,
            "at_2006_last_all": 52.61,
            "at_2007_last_all": 44.71,
            "at_2008_last_all": 27.98,
            "at_2009_last_all": 32.13,
            "at_2010_last_all": 38.41,
            "at_2011_last_all": 31.19,
            "at_2012_last_all": 26.94,
            "at_2013_last_all": 22.08,
            "at_2014_last_all": 17.29,
            "at_2015_last_all": 17.38,
            "at_2016_last_all": 20.54,
            "at_2017_last_all": 21.31,
            "at_2018_last_all": 22.6,
            "at_2019_last_all": 23.56,
            "at_2020_last_all": 22.25,
            "at_2021_last_all": 21.66,
            "at_2022_last_all": 18.3,
            "at_2023_last_all": 18.3
        },
        "latest_eps": 3.09,
        "latest_price": 72.7,
        "latest_roe": 5.6,
        "latest_gross_margin": 10.7,
        "latest_equity": 19199968,
        "latest_revenue": 6259655,
        "latest_gross_profit": 669869,
        "latest_net_income": 73983,
        "latest_debt_ratio": 42.78,
        "latest_current_ratio": 193.46,
        "latest_account_receivable_turnover_ratio": 0.53,
        "latest_inventory_turnover_ratio": 2.11,
        "latest_reinvestment_rate": 60.21,
        "latest_research_to_sale_ratio": 2
    },
    "eps_dividends": {
        "2000": {
            "cash": 0,
            "stock": 1,
            "eps": 0
        },
        "2001": {
            "cash": 0,
            "stock": 1.2,
            "eps": 0
        },
        "2002": {
            "cash": 0,
            "stock": 0,
            "eps": 1.05
        },
        "2003": {
            "cash": 0.2,
            "stock": 0.31,
            "eps": 1.79
        },
        "2004": {
            "cash": 0.1,
            "stock": 1.1,
            "eps": 3.45
        },
        "2005": {
            "cash": 0.57,
            "stock": 1.18,
            "eps": 1.63
        },
        "2006": {
            "cash": 0.51,
            "stock": 1.02,
            "eps": 3.67
        },
        "2007": {
            "cash": 1.32,
            "stock": 1.32,
            "eps": 4.15
        },
        "2008": {
            "cash": 2.51,
            "stock": 0.63,
            "eps": 1.84
        },
        "2009": {
            "cash": 1,
            "stock": 0,
            "eps": 2.89
        },
        "2010": {
            "cash": 1.5,
            "stock": 0,
            "eps": 5.27
        },
        "2011": {
            "cash": 3.5,
            "stock": 1.5,
            "eps": 3.87
        },
        "2012": {
            "cash": 0,
            "stock": 0,
            "eps": 3.43
        },
        "2013": {
            "cash": 2.5,
            "stock": 0,
            "eps": 2.52
        },
        "2014": {
            "cash": 2.2,
            "stock": 0,
            "eps": 1.63
        },
        "2015": {
            "cash": 1.2,
            "stock": 0,
            "eps": 1.93
        },
        "2016": {
            "cash": 1.6,
            "stock": 0,
            "eps": 3.12
        },
        "2017": {
            "cash": 2.5,
            "stock": 0,
            "eps": 4.12
        },
        "2018": {
            "cash": 3.1,
            "stock": 0,
            "eps": 5.85
        },
        "2019": {
            "cash": 3.8,
            "stock": 0,
            "eps": 8.13
        },
        "2020": {
            "cash": 5,
            "stock": 0,
            "eps": 8.12
        },
        "2021": {
            "cash": 5,
            "stock": 0,
            "eps": 9.02
        },
        "2022": {
            "cash": 5,
            "stock": 0,
            "eps": 4.91
        },
        "2023": {
            "cash": 3,
            "stock": 0,
            "eps": 0.2
        }
    },
    "dividends": {
        "2000-06-16": {
            "cash": 0,
            "stock": 1
        },
        "2001-05-25": {
            "cash": 0,
            "stock": 1.2
        },
        "2003-03-25": {
            "cash": 0.2,
            "stock": 0.31
        },
        "2004-03-17": {
            "cash": 0.1,
            "stock": 1.1
        },
        "2005-03-11": {
            "cash": 0.57,
            "stock": 1.18
        },
        "2006-03-28": {
            "cash": 0.51,
            "stock": 1.02
        },
        "2007-03-28": {
            "cash": 1.32,
            "stock": 1.32
        },
        "2008-03-25": {
            "cash": 2.51,
            "stock": 0.63
        },
        "2009-04-29": {
            "cash": 1,
            "stock": 0
        },
        "2010-04-29": {
            "cash": 1.5,
            "stock": 0
        },
        "2011-01-01": {
            "cash": 1.5,
            "stock": 1
        },
        "2011-04-28": {
            "cash": 2,
            "stock": 0.5
        },
        "2013-03-22": {
            "cash": 2.5,
            "stock": 0
        },
        "2014-09-16": {
            "cash": 2.2,
            "stock": 0
        },
        "2015-08-14": {
            "cash": 1.2,
            "stock": 0
        },
        "2016-08-05": {
            "cash": 1.6,
            "stock": 0
        },
        "2017-08-04": {
            "cash": 2.5,
            "stock": 0
        },
        "2018-08-09": {
            "cash": 3.1,
            "stock": 0
        },
        "2019-08-09": {
            "cash": 3.8,
            "stock": 0
        },
        "2020-08-07": {
            "cash": 5,
            "stock": 0
        },
        "2021-08-06": {
            "cash": 5,
            "stock": 0
        },
        "2022-08-04": {
            "cash": 5,
            "stock": 0
        },
        "2023-03-07": {
            "cash": 3,
            "stock": 0
        }
    },
    "prices": {
        "200101": "無",
        "200102": "無",
        "200103": "無",
        "200104": "無",
        "200105": "無",
        "200106": "無",
        "200107": "無",
        "200108": "無",
        "200109": "無",
        "200110": "無",
        "200111": "無",
        "200112": "無",
        "200201": "無",
        "200202": "無",
        "200203": "無",
        "200204": "無",
        "200205": "無",
        "200206": "無",
        "200207": "無",
        "200208": "無",
        "200209": "無",
        "200210": "無",
        "200211": "無",
        "200212": "13.48",
        "200301": "12.08",
        "200302": "11.98",
        "200303": "11.50",
        "200304": "11.01",
        "200305": "9.90",
        "200306": "11.54",
        "200307": "13.73",
        "200308": "17.21",
        "200309": "16.55",
        "200310": "18.01",
        "200311": "25.27",
        "200312": "26.53",
        "200401": "25.89",
        "200402": "25.90",
        "200403": "26.09",
        "200404": "26.38",
        "200405": "20.20",
        "200406": "18.96",
        "200407": "18.21",
        "200408": "18.62",
        "200409": "24.20",
        "200410": "22.62",
        "200411": "21.02",
        "200412": "22.44",
        "200501": "20.16",
        "200502": "20.97",
        "200503": "21.25",
        "200504": "19.92",
        "200505": "17.29",
        "200506": "18.70",
        "200507": "18.72",
        "200508": "16.78",
        "200509": "14.89",
        "200510": "16.70",
        "200511": "16.82",
        "200512": "22.70",
        "200601": "23.14",
        "200602": "21.12",
        "200603": "22.44",
        "200604": "25.38",
        "200605": "30.15",
        "200606": "25.90",
        "200607": "25.51",
        "200608": "23.57",
        "200609": "23.59",
        "200610": "25.18",
        "200611": "25.60",
        "200612": "26.17",
        "200701": "26.93",
        "200702": "25.87",
        "200703": "26.32",
        "200704": "29.16",
        "200705": "35.58",
        "200706": "43.89",
        "200707": "45.28",
        "200708": "44.10",
        "200709": "42.98",
        "200710": "44.20",
        "200711": "40.45",
        "200712": "34.62",
        "200801": "26.68",
        "200802": "28.25",
        "200803": "29.91",
        "200804": "35.54",
        "200805": "37.10",
        "200806": "34.08",
        "200807": "29.17",
        "200808": "29.50",
        "200809": "25.38",
        "200810": "19.28",
        "200811": "13.66",
        "200812": "11.82",
        "200901": "12.27",
        "200902": "13.80",
        "200903": "16.20",
        "200904": "18.85",
        "200905": "20.55",
        "200906": "18.53",
        "200907": "19.71",
        "200908": "22.66",
        "200909": "26.11",
        "200910": "27.48",
        "200911": "28.27",
        "200912": "30.49",
        "201001": "31.69",
        "201002": "31.04",
        "201003": "36.27",
        "201004": "43.56",
        "201005": "43.41",
        "201006": "39.06",
        "201007": "46.82",
        "201008": "47.71",
        "201009": "44.08",
        "201010": "43.66",
        "201011": "43.88",
        "201012": "45.27",
        "201101": "45.92",
        "201102": "48.44",
        "201103": "46.44",
        "201104": "47.52",
        "201105": "44.76",
        "201106": "42.03",
        "201107": "38.48",
        "201108": "34.83",
        "201109": "33.59",
        "201110": "32.19",
        "201111": "30.23",
        "201112": "26.99",
        "201201": "29.33",
        "201202": "34.77",
        "201203": "35.49",
        "201204": "32.64",
        "201205": "31.84",
        "201206": "31.77",
        "201207": "31.68",
        "201208": "30.16",
        "201209": "30.25",
        "201210": "29.27",
        "201211": "29.95",
        "201212": "29.92",
        "201301": "30.15",
        "201302": "34.29",
        "201303": "33.94",
        "201304": "33.22",
        "201305": "34.54",
        "201306": "33.93",
        "201307": "31.73",
        "201308": "30.82",
        "201309": "30.51",
        "201310": "31.72",
        "201311": "31.01",
        "201312": "30.67",
        "201401": "32.44",
        "201402": "33.29",
        "201403": "34.54",
        "201404": "34.69",
        "201405": "32.41",
        "201406": "32.08",
        "201407": "32.07",
        "201408": "29.32",
        "201409": "26.71",
        "201410": "24.26",
        "201411": "23.48",
        "201412": "23.71",
        "201501": "24.56",
        "201502": "24.90",
        "201503": "24.79",
        "201504": "25.14",
        "201505": "24.30",
        "201506": "21.48",
        "201507": "19.59",
        "201508": "18.58",
        "201509": "20.81",
        "201510": "22.47",
        "201511": "22.19",
        "201512": "21.71",
        "201601": "22.35",
        "201602": "25.46",
        "201603": "27.06",
        "201604": "28.73",
        "201605": "30.09",
        "201606": "31.30",
        "201607": "33.57",
        "201608": "34.75",
        "201609": "33.64",
        "201610": "32.04",
        "201611": "33.00",
        "201612": "33.02",
        "201701": "37.79",
        "201702": "41.35",
        "201703": "43.65",
        "201704": "44.33",
        "201705": "44.64",
        "201706": "43.31",
        "201707": "41.45",
        "201708": "54.51",
        "201709": "58.60",
        "201710": "66.16",
        "201711": "62.45",
        "201712": "64.30",
        "201801": "65.51",
        "201802": "68.49",
        "201803": "71.91",
        "201804": "68.18",
        "201805": "65.10",
        "201806": "70.05",
        "201807": "72.01",
        "201808": "69.34",
        "201809": "62.55",
        "201810": "44.68",
        "201811": "45.23",
        "201812": "50.84",
        "201901": "55.48",
        "201902": "67.88",
        "201903": "77.49",
        "201904": "95.37",
        "201905": "96.90",
        "201906": "99.24",
        "201907": "120.39",
        "201908": "137.95",
        "201909": "155.24",
        "201910": "155.17",
        "201911": "141.64",
        "201912": "133.45",
        "202001": "135.13",
        "202002": "136.84",
        "202003": "133.64",
        "202004": "141.72",
        "202005": "138.02",
        "202006": "145.02",
        "202007": "145.39",
        "202008": "124.21",
        "202009": "125.75",
        "202010": "125.82",
        "202011": "135.24",
        "202012": "136.09",
        "202101": "141.12",
        "202102": "137.88",
        "202103": "136.64",
        "202104": "143.68",
        "202105": "125.50",
        "202106": "133.90",
        "202107": "144.73",
        "202108": "132.02",
        "202109": "146.18",
        "202110": "132.88",
        "202111": "128.57",
        "202112": "130.91",
        "202201": "132.56",
        "202202": "129.93",
        "202203": "121.57",
        "202204": "108.89",
        "202205": "101.68",
        "202206": "92.24",
        "202207": "72.02",
        "202208": "66.37",
        "202209": "66.33",
        "202210": "55.76",
        "202211": "70.93",
        "202212": "74.19",
        "202301": "75.04",
        "202302": "78.29",
        "202303": "76.27",
        "202304": "74.64",
        "202305": "69.01"
    },
    "quarters": {
        "20011": {
            "year_quarter": 20011,
            "year": 2001,
            "quarter": 1,
            "eps": null,
            "eps_growth_year": null,
            "eps_4q": null,
            "eps_4q_growth_year": null,
            "roe": null,
            "roe_4q": 0,
            "gross_profit": null,
            "gross_margin": null,
            "gross_margin_4q_avg": 0,
            "net_income": null,
            "revenue": null,
            "common_shares": null,
            "book_valuer_per_share": null,
            "book_valuer_per_share_4q_avg": 0,
            "equity": null,
            "current_ratio": null,
            "debt_ratio": null,
            "inventory_turnover_ratio": null,
            "account_receivable_turnover_ratio": null,
            "reinvestment_rate": null,
            "research_to_sale_ratio": null,
            "price_fair": 0,
            "eps_avg_yearly": 0,
            "eps_latest_yearly": 0,
            "eps_growth_yearly": 0
        },
        "20012": {
            "year_quarter": 20012,
            "year": 2001,
            "quarter": 2,
            "eps": null,
            "eps_growth_year": null,
            "eps_4q": null,
            "eps_4q_growth_year": null,
            "roe": null,
            "roe_4q": 0,
            "gross_profit": null,
            "gross_margin": null,
            "gross_margin_4q_avg": 0,
            "net_income": null,
            "revenue": null,
            "common_shares": null,
            "book_valuer_per_share": null,
            "book_valuer_per_share_4q_avg": 0,
            "equity": null,
            "current_ratio": null,
            "debt_ratio": null,
            "inventory_turnover_ratio": null,
            "account_receivable_turnover_ratio": null,
            "reinvestment_rate": null,
            "research_to_sale_ratio": null,
            "price_fair": 0,
            "eps_avg_yearly": 0,
            "eps_latest_yearly": 0,
            "eps_growth_yearly": 0
        },
        "20013": {
            "year_quarter": 20013,
            "year": 2001,
            "quarter": 3,
            "eps": null,
            "eps_growth_year": null,
            "eps_4q": null,
            "eps_4q_growth_year": null,
            "roe": null,
            "roe_4q": 0,
            "gross_profit": null,
            "gross_margin": null,
            "gross_margin_4q_avg": 0,
            "net_income": null,
            "revenue": null,
            "common_shares": null,
            "book_valuer_per_share": null,
            "book_valuer_per_share_4q_avg": 0,
            "equity": null,
            "current_ratio": null,
            "debt_ratio": null,
            "inventory_turnover_ratio": null,
            "account_receivable_turnover_ratio": null,
            "reinvestment_rate": null,
            "research_to_sale_ratio": null,
            "price_fair": 0,
            "eps_avg_yearly": 0,
            "eps_latest_yearly": 0,
            "eps_growth_yearly": 0
        },
        "20014": {
            "year_quarter": 20014,
            "year": 2001,
            "quarter": 4,
            "eps": null,
            "eps_growth_year": null,
            "eps_4q": null,
            "eps_4q_growth_year": null,
            "roe": null,
            "roe_4q": 0,
            "gross_profit": null,
            "gross_margin": null,
            "gross_margin_4q_avg": 0,
            "net_income": null,
            "revenue": null,
            "common_shares": 711440,
            "book_valuer_per_share": 11.11,
            "book_valuer_per_share_4q_avg": 2.78,
            "equity": 790101,
            "current_ratio": 87.68,
            "debt_ratio": 56.8,
            "inventory_turnover_ratio": null,
            "account_receivable_turnover_ratio": null,
            "reinvestment_rate": null,
            "research_to_sale_ratio": null,
            "price_fair": 0,
            "eps_avg_yearly": 0,
            "eps_latest_yearly": 0,
            "eps_growth_yearly": 0
        },
        "20021": {
            "year_quarter": 20021,
            "year": 2002,
            "quarter": 1,
            "eps": 0.28,
            "eps_growth_year": null,
            "eps_4q": null,
            "eps_4q_growth_year": null,
            "roe": 2.41,
            "roe_4q": 2.41,
            "gross_profit": 93296,
            "gross_margin": 23.73,
            "gross_margin_4q_avg": 5.93,
            "net_income": 20549,
            "revenue": 393114,
            "common_shares": 811440,
            "book_valuer_per_share": 11.3,
            "book_valuer_per_share_4q_avg": 5.6,
            "equity": 916853,
            "current_ratio": 99.47,
            "debt_ratio": 54.57,
            "inventory_turnover_ratio": 2.12,
            "account_receivable_turnover_ratio": null,
            "reinvestment_rate": null,
            "research_to_sale_ratio": null,
            "price_fair": 0,
            "eps_avg_yearly": 0,
            "eps_latest_yearly": 0,
            "eps_growth_yearly": 0
        },
        "20022": {
            "year_quarter": 20022,
            "year": 2002,
            "quarter": 2,
            "eps": 0.18,
            "eps_growth_year": null,
            "eps_4q": null,
            "eps_4q_growth_year": null,
            "roe": 1.53,
            "roe_4q": 3.9400000000000004,
            "gross_profit": 89993,
            "gross_margin": 21.59,
            "gross_margin_4q_avg": 11.33,
            "net_income": 14046,
            "revenue": 416843,
            "common_shares": 811440,
            "book_valuer_per_share": 11.36,
            "book_valuer_per_share_4q_avg": 8.44,
            "equity": 922069,
            "current_ratio": 85.85,
            "debt_ratio": 58.59,
            "inventory_turnover_ratio": 1.77,
            "account_receivable_turnover_ratio": null,
            "reinvestment_rate": null,
            "research_to_sale_ratio": null,
            "price_fair": 2.16,
            "eps_avg_yearly": 0.72,
            "eps_latest_yearly": 0.72,
            "eps_growth_yearly": -142.86
        },
        "20023": {
            "year_quarter": 20023,
            "year": 2002,
            "quarter": 3,
            "eps": 0.42,
            "eps_growth_year": null,
            "eps_4q": null,
            "eps_4q_growth_year": null,
            "roe": 3.56,
            "roe_4q": 7.5,
            "gross_profit": 98334,
            "gross_margin": 23.11,
            "gross_margin_4q_avg": 17.11,
            "net_income": 33384,
            "revenue": 425466,
            "common_shares": 811440,
            "book_valuer_per_share": 11.77,
            "book_valuer_per_share_4q_avg": 11.39,
            "equity": 955453,
            "current_ratio": 96.74,
            "debt_ratio": 57.13,
            "inventory_turnover_ratio": 1.57,
            "account_receivable_turnover_ratio": null,
            "reinvestment_rate": null,
            "research_to_sale_ratio": null,
            "price_fair": 42,
            "eps_avg_yearly": 1.2,
            "eps_latest_yearly": 1.68,
            "eps_growth_yearly": 195.24
        },
        "20024": {
            "year_quarter": 20024,
            "year": 2002,
            "quarter": 4,
            "eps": 0.17,
            "eps_growth_year": null,
            "eps_4q": 1.01,
            "eps_4q_growth_year": null,
            "roe": 1.35,
            "roe_4q": 8.850000000000001,
            "gross_profit": 89859,
            "gross_margin": 18.8,
            "gross_margin_4q_avg": 21.81,
            "net_income": 13714,
            "revenue": 477864,
            "common_shares": 811440,
            "book_valuer_per_share": 11.95,
            "book_valuer_per_share_4q_avg": 11.6,
            "equity": 1069742,
            "current_ratio": 129.11,
            "debt_ratio": 58.05,
            "inventory_turnover_ratio": 1.78,
            "account_receivable_turnover_ratio": null,
            "reinvestment_rate": null,
            "research_to_sale_ratio": null,
            "price_fair": 35.93,
            "eps_avg_yearly": 1.03,
            "eps_latest_yearly": 0.68,
            "eps_growth_yearly": 50.79
        },
        "20031": {
            "year_quarter": 20031,
            "year": 2003,
            "quarter": 1,
            "eps": 0.28,
            "eps_growth_year": 0,
            "eps_4q": 1.03,
            "eps_4q_growth_year": null,
            "roe": 2.24,
            "roe_4q": 8.68,
            "gross_profit": 80765,
            "gross_margin": 15.04,
            "gross_margin_4q_avg": 19.64,
            "net_income": 22933,
            "revenue": 537174,
            "common_shares": 811440,
            "book_valuer_per_share": 12.02,
            "book_valuer_per_share_4q_avg": 11.78,
            "equity": 974969,
            "current_ratio": 128.12,
            "debt_ratio": 62.18,
            "inventory_turnover_ratio": 1.88,
            "account_receivable_turnover_ratio": null,
            "reinvestment_rate": null,
            "research_to_sale_ratio": null,
            "price_fair": 36.75,
            "eps_avg_yearly": 1.05,
            "eps_latest_yearly": 1.12,
            "eps_growth_yearly": 102.8
        },
        "20032": {
            "year_quarter": 20032,
            "year": 2003,
            "quarter": 2,
            "eps": 0.23,
            "eps_growth_year": 27.78,
            "eps_4q": 1.09,
            "eps_4q_growth_year": null,
            "roe": 1.92,
            "roe_4q": 9.07,
            "gross_profit": 109061,
            "gross_margin": 18.92,
            "gross_margin_4q_avg": 18.97,
            "net_income": 18720,
            "revenue": 576311,
            "common_shares": 811440,
            "book_valuer_per_share": 12.04,
            "book_valuer_per_share_4q_avg": 11.95,
            "equity": 976756,
            "current_ratio": 121.37,
            "debt_ratio": 64.09,
            "inventory_turnover_ratio": 1.8,
            "account_receivable_turnover_ratio": null,
            "reinvestment_rate": null,
            "research_to_sale_ratio": null,
            "price_fair": 35.84,
            "eps_avg_yearly": 1.02,
            "eps_latest_yearly": 0.92,
            "eps_growth_yearly": 67.96
        },
        "20033": {
            "year_quarter": 20033,
            "year": 2003,
            "quarter": 3,
            "eps": 0.84,
            "eps_growth_year": 100,
            "eps_4q": 1.51,
            "eps_4q_growth_year": null,
            "roe": 6.86,
            "roe_4q": 12.370000000000001,
            "gross_profit": 142331,
            "gross_margin": 18.58,
            "gross_margin_4q_avg": 17.84,
            "net_income": 69228,
            "revenue": 766201,
            "common_shares": 835783,
            "book_valuer_per_share": 12.46,
            "book_valuer_per_share_4q_avg": 12.12,
            "equity": 1041673,
            "current_ratio": 145.67,
            "debt_ratio": 64.16,
            "inventory_turnover_ratio": 2.23,
            "account_receivable_turnover_ratio": null,
            "reinvestment_rate": null,
            "research_to_sale_ratio": null,
            "price_fair": 49.47,
            "eps_avg_yearly": 1.41,
            "eps_latest_yearly": 3.36,
            "eps_growth_yearly": 233.44
        },
        "20034": {
            "year_quarter": 20034,
            "year": 2003,
            "quarter": 4,
            "eps": 0.44,
            "eps_growth_year": 158.82,
            "eps_4q": 1.75,
            "eps_4q_growth_year": 72.34,
            "roe": 3.05,
            "roe_4q": 14.07,
            "gross_profit": 111651,
            "gross_margin": 11.2,
            "gross_margin_4q_avg": 15.94,
            "net_income": 37379,
            "revenue": 996769,
            "common_shares": 1025306,
            "book_valuer_per_share": 12.73,
            "book_valuer_per_share_4q_avg": 12.31,
            "equity": 1411624,
            "current_ratio": 115.44,
            "debt_ratio": 65.51,
            "inventory_turnover_ratio": 2.25,
            "account_receivable_turnover_ratio": null,
            "reinvestment_rate": null,
            "research_to_sale_ratio": null,
            "price_fair": 51.2,
            "eps_avg_yearly": 1.46,
            "eps_latest_yearly": 1.76,
            "eps_growth_yearly": 172.88
        },
        "20041": {
            "year_quarter": 20041,
            "year": 2004,
            "quarter": 1,
            "eps": 0.5,
            "eps_growth_year": 78.57,
            "eps_4q": 1.69,
            "eps_4q_growth_year": 64.48,
            "roe": 3.58,
            "roe_4q": 15.41,
            "gross_profit": 113945,
            "gross_margin": 12.36,
            "gross_margin_4q_avg": 15.27,
            "net_income": 52728,
            "revenue": 922029,
            "common_shares": 1126258,
            "book_valuer_per_share": 13.62,
            "book_valuer_per_share_4q_avg": 12.71,
            "equity": 1533783,
            "current_ratio": 159.05,
            "debt_ratio": 58.95,
            "inventory_turnover_ratio": 2.07,
            "account_receivable_turnover_ratio": null,
            "reinvestment_rate": null,
            "research_to_sale_ratio": null,
            "price_fair": 53.55,
            "eps_avg_yearly": 1.53,
            "eps_latest_yearly": 2,
            "eps_growth_yearly": 158.09
        },
        "20042": {
            "year_quarter": 20042,
            "year": 2004,
            "quarter": 2,
            "eps": 1.14,
            "eps_growth_year": 395.65,
            "eps_4q": 2.6,
            "eps_4q_growth_year": 138.27,
            "roe": 7.82,
            "roe_4q": 21.31,
            "gross_profit": 166555,
            "gross_margin": 12.76,
            "gross_margin_4q_avg": 13.73,
            "net_income": 124571,
            "revenue": 1305356,
            "common_shares": 1126258,
            "book_valuer_per_share": 14.66,
            "book_valuer_per_share_4q_avg": 13.37,
            "equity": 1650566,
            "current_ratio": 144.7,
            "debt_ratio": 61.34,
            "inventory_turnover_ratio": 3.91,
            "account_receivable_turnover_ratio": null,
            "reinvestment_rate": null,
            "research_to_sale_ratio": null,
            "price_fair": 65.33,
            "eps_avg_yearly": 1.87,
            "eps_latest_yearly": 4.56,
            "eps_growth_yearly": 197.41
        },
        "20043": {
            "year_quarter": 20043,
            "year": 2004,
            "quarter": 3,
            "eps": 1.5,
            "eps_growth_year": 78.57,
            "eps_4q": 3.23,
            "eps_4q_growth_year": 113.63,
            "roe": 9.71,
            "roe_4q": 24.16,
            "gross_profit": 217080,
            "gross_margin": 13.04,
            "gross_margin_4q_avg": 12.34,
            "net_income": 186176,
            "revenue": 1664443,
            "common_shares": 1462762,
            "book_valuer_per_share": 14.93,
            "book_valuer_per_share_4q_avg": 13.99,
            "equity": 2183870,
            "current_ratio": 163.5,
            "debt_ratio": 54.15,
            "inventory_turnover_ratio": 5.05,
            "account_receivable_turnover_ratio": null,
            "reinvestment_rate": null,
            "research_to_sale_ratio": null,
            "price_fair": 79.8,
            "eps_avg_yearly": 2.28,
            "eps_latest_yearly": 6,
            "eps_growth_yearly": 190.3
        },
        "20044": {
            "year_quarter": 20044,
            "year": 2004,
            "quarter": 4,
            "eps": 0.31,
            "eps_growth_year": -29.55,
            "eps_4q": 3.1,
            "eps_4q_growth_year": 77.37,
            "roe": 1.76,
            "roe_4q": 22.869999999999997,
            "gross_profit": 176082,
            "gross_margin": 11.22,
            "gross_margin_4q_avg": 12.35,
            "net_income": 40452,
            "revenue": 1568689,
            "common_shares": 1517966,
            "book_valuer_per_share": 14.93,
            "book_valuer_per_share_4q_avg": 14.54,
            "equity": 2420103,
            "current_ratio": 123.65,
            "debt_ratio": 59.82,
            "inventory_turnover_ratio": 2.83,
            "account_receivable_turnover_ratio": null,
            "reinvestment_rate": null,
            "research_to_sale_ratio": null,
            "price_fair": 76.49,
            "eps_avg_yearly": 2.19,
            "eps_latest_yearly": 1.24,
            "eps_growth_yearly": 144.15
        },
        "20051": {
            "year_quarter": 20051,
            "year": 2005,
            "quarter": 1,
            "eps": 0.36,
            "eps_growth_year": -28,
            "eps_4q": 2.67,
            "eps_4q_growth_year": 58.01,
            "roe": 2.3,
            "roe_4q": 21.59,
            "gross_profit": 115927,
            "gross_margin": 8.73,
            "gross_margin_4q_avg": 11.44,
            "net_income": 54781,
            "revenue": 1328587,
            "common_shares": 1534516,
            "book_valuer_per_share": 15.3,
            "book_valuer_per_share_4q_avg": 14.96,
            "equity": 2348226,
            "current_ratio": 232.45,
            "debt_ratio": 51.27,
            "inventory_turnover_ratio": 2.47,
            "account_receivable_turnover_ratio": null,
            "reinvestment_rate": null,
            "research_to_sale_ratio": null,
            "price_fair": 74.32,
            "eps_avg_yearly": 2.12,
            "eps_latest_yearly": 1.44,
            "eps_growth_yearly": 137.52
        },
        "20052": {
            "year_quarter": 20052,
            "year": 2005,
            "quarter": 2,
            "eps": 0.34,
            "eps_growth_year": -70.18,
            "eps_4q": 2.17,
            "eps_4q_growth_year": -16.59,
            "roe": 2.25,
            "roe_4q": 16.02,
            "gross_profit": 100245,
            "gross_margin": 7.27,
            "gross_margin_4q_avg": 10.07,
            "net_income": 52363,
            "revenue": 1378517,
            "common_shares": 1535218,
            "book_valuer_per_share": 15.03,
            "book_valuer_per_share_4q_avg": 15.05,
            "equity": 2308194,
            "current_ratio": 233.44,
            "debt_ratio": 52.59,
            "inventory_turnover_ratio": 4.62,
            "account_receivable_turnover_ratio": null,
            "reinvestment_rate": null,
            "research_to_sale_ratio": null,
            "price_fair": 72.26,
            "eps_avg_yearly": 2.06,
            "eps_latest_yearly": 1.36,
            "eps_growth_yearly": 125.23
        },
        "20053": {
            "year_quarter": 20053,
            "year": 2005,
            "quarter": 3,
            "eps": 0.58,
            "eps_growth_year": -61.33,
            "eps_4q": 1.43,
            "eps_4q_growth_year": -55.67,
            "roe": 4.09,
            "roe_4q": 10.4,
            "gross_profit": 108053,
            "gross_margin": 7.75,
            "gross_margin_4q_avg": 8.74,
            "net_income": 100507,
            "revenue": 1394676,
            "common_shares": 1845899,
            "book_valuer_per_share": 14.13,
            "book_valuer_per_share_4q_avg": 14.85,
            "equity": 2609003,
            "current_ratio": 245.15,
            "debt_ratio": 47.25,
            "inventory_turnover_ratio": 4.69,
            "account_receivable_turnover_ratio": null,
            "reinvestment_rate": null,
            "research_to_sale_ratio": null,
            "price_fair": 72.9,
            "eps_avg_yearly": 2.08,
            "eps_latest_yearly": 2.32,
            "eps_growth_yearly": 136.45
        },
        "20054": {
            "year_quarter": 20054,
            "year": 2005,
            "quarter": 4,
            "eps": 0.35,
            "eps_growth_year": 12.9,
            "eps_4q": 1.5,
            "eps_4q_growth_year": -51.67,
            "roe": 2.31,
            "roe_4q": 10.95,
            "gross_profit": 145687,
            "gross_margin": 8.77,
            "gross_margin_4q_avg": 8.13,
            "net_income": 63413,
            "revenue": 1660721,
            "common_shares": 1914654,
            "book_valuer_per_share": 14.65,
            "book_valuer_per_share_4q_avg": 14.78,
            "equity": 2877673,
            "current_ratio": 124.97,
            "debt_ratio": 59.25,
            "inventory_turnover_ratio": 2.18,
            "account_receivable_turnover_ratio": null,
            "reinvestment_rate": 165.28,
            "research_to_sale_ratio": null,
            "price_fair": 71.31,
            "eps_avg_yearly": 2.04,
            "eps_latest_yearly": 1.4,
            "eps_growth_yearly": 116.78
        },
        "20061": {
            "year_quarter": 20061,
            "year": 2006,
            "quarter": 1,
            "eps": 0.71,
            "eps_growth_year": 97.22,
            "eps_4q": 1.83,
            "eps_4q_growth_year": -31.45,
            "roe": 4.69,
            "roe_4q": 13.34,
            "gross_profit": 121011,
            "gross_margin": 7.38,
            "gross_margin_4q_avg": 7.79,
            "net_income": 137251,
            "revenue": 1639590,
            "common_shares": 1935054,
            "book_valuer_per_share": 15.35,
            "book_valuer_per_share_4q_avg": 14.79,
            "equity": 2971229,
            "current_ratio": 207.79,
            "debt_ratio": 40.27,
            "inventory_turnover_ratio": 2.13,
            "account_receivable_turnover_ratio": null,
            "reinvestment_rate": -20.08,
            "research_to_sale_ratio": null,
            "price_fair": 73.06,
            "eps_avg_yearly": 2.09,
            "eps_latest_yearly": 2.84,
            "eps_growth_yearly": 135.2
        },
        "20062": {
            "year_quarter": 20062,
            "year": 2006,
            "quarter": 2,
            "eps": 0.94,
            "eps_growth_year": 176.47,
            "eps_4q": 2.49,
            "eps_4q_growth_year": 14.86,
            "roe": 5.99,
            "roe_4q": 17.08,
            "gross_profit": 151190,
            "gross_margin": 7.37,
            "gross_margin_4q_avg": 7.82,
            "net_income": 182729,
            "revenue": 2050081,
            "common_shares": 1986252,
            "book_valuer_per_share": 15.77,
            "book_valuer_per_share_4q_avg": 14.98,
            "equity": 3132795,
            "current_ratio": 148.91,
            "debt_ratio": 46.04,
            "inventory_turnover_ratio": 5.63,
            "account_receivable_turnover_ratio": null,
            "reinvestment_rate": -18.31,
            "research_to_sale_ratio": null,
            "price_fair": 79.71,
            "eps_avg_yearly": 2.28,
            "eps_latest_yearly": 3.76,
            "eps_growth_yearly": 152.22
        },
        "20063": {
            "year_quarter": 20063,
            "year": 2006,
            "quarter": 3,
            "eps": 1.17,
            "eps_growth_year": 101.72,
            "eps_4q": 2.93,
            "eps_4q_growth_year": 104.94,
            "roe": 7.71,
            "roe_4q": 20.7,
            "gross_profit": 191192,
            "gross_margin": 9.03,
            "gross_margin_4q_avg": 8.14,
            "net_income": 254262,
            "revenue": 2116469,
            "common_shares": 2214410,
            "book_valuer_per_share": 15.63,
            "book_valuer_per_share_4q_avg": 15.35,
            "equity": 3461330,
            "current_ratio": 159.2,
            "debt_ratio": 41.3,
            "inventory_turnover_ratio": 5.44,
            "account_receivable_turnover_ratio": null,
            "reinvestment_rate": -12.97,
            "research_to_sale_ratio": null,
            "price_fair": 86.28,
            "eps_avg_yearly": 2.47,
            "eps_latest_yearly": 4.68,
            "eps_growth_yearly": 125.01
        },
        "20064": {
            "year_quarter": 20064,
            "year": 2006,
            "quarter": 4,
            "eps": 0.85,
            "eps_growth_year": 142.86,
            "eps_4q": 3.44,
            "eps_4q_growth_year": 129.61,
            "roe": 5.08,
            "roe_4q": 23.470000000000002,
            "gross_profit": 231110,
            "gross_margin": 10.46,
            "gross_margin_4q_avg": 8.56,
            "net_income": 188810,
            "revenue": 2210048,
            "common_shares": 2343410,
            "book_valuer_per_share": 16.65,
            "book_valuer_per_share_4q_avg": 15.85,
            "equity": 3974805,
            "current_ratio": 134.91,
            "debt_ratio": 56.54,
            "inventory_turnover_ratio": 2.98,
            "account_receivable_turnover_ratio": null,
            "reinvestment_rate": 95,
            "research_to_sale_ratio": null,
            "price_fair": 92.23,
            "eps_avg_yearly": 2.64,
            "eps_latest_yearly": 3.4,
            "eps_growth_yearly": 133.05
        },
        "20071": {
            "year_quarter": 20071,
            "year": 2007,
            "quarter": 1,
            "eps": 0.86,
            "eps_growth_year": 21.13,
            "eps_4q": 3.55,
            "eps_4q_growth_year": 93.92,
            "roe": 4.94,
            "roe_4q": 23.72,
            "gross_profit": 177007,
            "gross_margin": 9.34,
            "gross_margin_4q_avg": 9.05,
            "net_income": 200331,
            "revenue": 1895685,
            "common_shares": 2345810,
            "book_valuer_per_share": 17.62,
            "book_valuer_per_share_4q_avg": 16.42,
            "equity": 4133868,
            "current_ratio": 181.39,
            "debt_ratio": 35.77,
            "inventory_turnover_ratio": 2.75,
            "account_receivable_turnover_ratio": null,
            "reinvestment_rate": -7.77,
            "research_to_sale_ratio": null,
            "price_fair": 97.3,
            "eps_avg_yearly": 2.78,
            "eps_latest_yearly": 3.44,
            "eps_growth_yearly": 117.17
        },
        "20072": {
            "year_quarter": 20072,
            "year": 2007,
            "quarter": 2,
            "eps": 1.05,
            "eps_growth_year": 11.7,
            "eps_4q": 3.8,
            "eps_4q_growth_year": 52.58,
            "roe": 5.93,
            "roe_4q": 23.66,
            "gross_profit": 187554,
            "gross_margin": 9.68,
            "gross_margin_4q_avg": 9.63,
            "net_income": 245825,
            "revenue": 1938320,
            "common_shares": 2389187,
            "book_valuer_per_share": 17.39,
            "book_valuer_per_share_4q_avg": 16.82,
            "equity": 4154039,
            "current_ratio": 147.55,
            "debt_ratio": 40.6,
            "inventory_turnover_ratio": 5.06,
            "account_receivable_turnover_ratio": null,
            "reinvestment_rate": -8.48,
            "research_to_sale_ratio": null,
            "price_fair": 104.48,
            "eps_avg_yearly": 2.99,
            "eps_latest_yearly": 4.2,
            "eps_growth_yearly": 127.16
        },
        "20073": {
            "year_quarter": 20073,
            "year": 2007,
            "quarter": 3,
            "eps": 1.3,
            "eps_growth_year": 11.11,
            "eps_4q": 3.64,
            "eps_4q_growth_year": 23.93,
            "roe": 8.14,
            "roe_4q": 24.090000000000003,
            "gross_profit": 237950,
            "gross_margin": 11.2,
            "gross_margin_4q_avg": 10.17,
            "net_income": 353326,
            "revenue": 2124852,
            "common_shares": 2757182,
            "book_valuer_per_share": 16.42,
            "book_valuer_per_share_4q_avg": 17.02,
            "equity": 4526224,
            "current_ratio": 150.91,
            "debt_ratio": 35.33,
            "inventory_turnover_ratio": 5.48,
            "account_receivable_turnover_ratio": null,
            "reinvestment_rate": -6.55,
            "research_to_sale_ratio": null,
            "price_fair": 108.5,
            "eps_avg_yearly": 3.1,
            "eps_latest_yearly": 5.2,
            "eps_growth_yearly": 66.8
        },
        "20074": {
            "year_quarter": 20074,
            "year": 2007,
            "quarter": 4,
            "eps": 0.94,
            "eps_growth_year": 10.59,
            "eps_4q": 3.86,
            "eps_4q_growth_year": 12.36,
            "roe": 5.58,
            "roe_4q": 24.59,
            "gross_profit": 171832,
            "gross_margin": 9.96,
            "gross_margin_4q_avg": 10.05,
            "net_income": 257387,
            "revenue": 1725534,
            "common_shares": 2760231,
            "book_valuer_per_share": 17.05,
            "book_valuer_per_share_4q_avg": 17.12,
            "equity": 4705293,
            "current_ratio": 129.3,
            "debt_ratio": 55.02,
            "inventory_turnover_ratio": 2.39,
            "account_receivable_turnover_ratio": null,
            "reinvestment_rate": 66.83,
            "research_to_sale_ratio": null,
            "price_fair": 112.88,
            "eps_avg_yearly": 3.23,
            "eps_latest_yearly": 3.76,
            "eps_growth_yearly": 71.79
        },
        "20081": {
            "year_quarter": 20081,
            "year": 2008,
            "quarter": 1,
            "eps": 0.86,
            "eps_growth_year": 0,
            "eps_4q": 3.99,
            "eps_4q_growth_year": 12.58,
            "roe": 4.93,
            "roe_4q": 24.58,
            "gross_profit": 459066,
            "gross_margin": 13.59,
            "gross_margin_4q_avg": 11.11,
            "net_income": 235138,
            "revenue": 3379109,
            "common_shares": 2722581,
            "book_valuer_per_share": 17.78,
            "book_valuer_per_share_4q_avg": 17.16,
            "equity": 4839825,
            "current_ratio": 123.99,
            "debt_ratio": 56.58,
            "inventory_turnover_ratio": 2.56,
            "account_receivable_turnover_ratio": null,
            "reinvestment_rate": 101.37,
            "research_to_sale_ratio": null,
            "price_fair": 116.03,
            "eps_avg_yearly": 3.32,
            "eps_latest_yearly": 3.44,
            "eps_growth_yearly": 66.25
        },
        "20082": {
            "year_quarter": 20082,
            "year": 2008,
            "quarter": 2,
            "eps": 0.93,
            "eps_growth_year": -11.43,
            "eps_4q": 4.03,
            "eps_4q_growth_year": 6.08,
            "roe": 5.48,
            "roe_4q": 24.130000000000003,
            "gross_profit": 536573,
            "gross_margin": 14.04,
            "gross_margin_4q_avg": 12.2,
            "net_income": 253829,
            "revenue": 3821144,
            "common_shares": 2722581,
            "book_valuer_per_share": 16.23,
            "book_valuer_per_share_4q_avg": 16.87,
            "equity": 4418393,
            "current_ratio": 121.26,
            "debt_ratio": 59.7,
            "inventory_turnover_ratio": 2.77,
            "account_receivable_turnover_ratio": null,
            "reinvestment_rate": 94.03,
            "research_to_sale_ratio": null,
            "price_fair": 114.19,
            "eps_avg_yearly": 3.26,
            "eps_latest_yearly": 3.72,
            "eps_growth_yearly": 36.28
        },
        "20083": {
            "year_quarter": 20083,
            "year": 2008,
            "quarter": 3,
            "eps": 0.98,
            "eps_growth_year": -24.62,
            "eps_4q": 3.51,
            "eps_4q_growth_year": -3.58,
            "roe": 6.17,
            "roe_4q": 22.159999999999997,
            "gross_profit": 593569,
            "gross_margin": 13.86,
            "gross_margin_4q_avg": 12.86,
            "net_income": 289557,
            "revenue": 4281791,
            "common_shares": 2946792,
            "book_valuer_per_share": 16.87,
            "book_valuer_per_share_4q_avg": 16.98,
            "equity": 4970927,
            "current_ratio": 129.45,
            "debt_ratio": 60.94,
            "inventory_turnover_ratio": 3.53,
            "account_receivable_turnover_ratio": null,
            "reinvestment_rate": 102.57,
            "research_to_sale_ratio": null,
            "price_fair": 109.64,
            "eps_avg_yearly": 3.13,
            "eps_latest_yearly": 3.92,
            "eps_growth_yearly": 29.73
        },
        "20084": {
            "year_quarter": 20084,
            "year": 2008,
            "quarter": 4,
            "eps": -0.93,
            "eps_growth_year": -198.94,
            "eps_4q": 1.74,
            "eps_4q_growth_year": -54.92,
            "roe": -5.74,
            "roe_4q": 10.84,
            "gross_profit": 102880,
            "gross_margin": 4.42,
            "gross_margin_4q_avg": 11.48,
            "net_income": -270301,
            "revenue": 2329630,
            "common_shares": 2946792,
            "book_valuer_per_share": 15.11,
            "book_valuer_per_share_4q_avg": 16.5,
            "equity": 4451498,
            "current_ratio": 133.18,
            "debt_ratio": 51.99,
            "inventory_turnover_ratio": 3.61,
            "account_receivable_turnover_ratio": 1.72,
            "reinvestment_rate": 54.43,
            "research_to_sale_ratio": null,
            "price_fair": 114.05,
            "eps_avg_yearly": 3.26,
            "eps_latest_yearly": 3.92,
            "eps_growth_yearly": 52.87
        },
        "20091": {
            "year_quarter": 20091,
            "year": 2009,
            "quarter": 1,
            "eps": 0.53,
            "eps_growth_year": -38.37,
            "eps_4q": 1.51,
            "eps_4q_growth_year": -62.17,
            "roe": 3.2,
            "roe_4q": 9.11,
            "gross_profit": 409587,
            "gross_margin": 16.87,
            "gross_margin_4q_avg": 12.3,
            "net_income": 147609,
            "revenue": 2427969,
            "common_shares": 2866792,
            "book_valuer_per_share": 16.66,
            "book_valuer_per_share_4q_avg": 16.22,
            "equity": 4775347,
            "current_ratio": 133.43,
            "debt_ratio": 49.31,
            "inventory_turnover_ratio": 5.38,
            "account_receivable_turnover_ratio": 0.86,
            "reinvestment_rate": 90.82,
            "research_to_sale_ratio": null,
            "price_fair": 118.6,
            "eps_avg_yearly": 3.39,
            "eps_latest_yearly": 3.92,
            "eps_growth_yearly": 52.04
        },
        "20092": {
            "year_quarter": 20092,
            "year": 2009,
            "quarter": 2,
            "eps": 0.69,
            "eps_growth_year": -25.81,
            "eps_4q": 1.29,
            "eps_4q_growth_year": -68.04,
            "roe": 4.19,
            "roe_4q": 7.82,
            "gross_profit": 475067,
            "gross_margin": 17.21,
            "gross_margin_4q_avg": 13.09,
            "net_income": 192626,
            "revenue": 2761160,
            "common_shares": 2866792,
            "book_valuer_per_share": 15.41,
            "book_valuer_per_share_4q_avg": 16.01,
            "equity": 4417268,
            "current_ratio": 122.73,
            "debt_ratio": 52.83,
            "inventory_turnover_ratio": 4.18,
            "account_receivable_turnover_ratio": 0.9,
            "reinvestment_rate": 88.6,
            "research_to_sale_ratio": null,
            "price_fair": 122.1,
            "eps_avg_yearly": 3.49,
            "eps_latest_yearly": 2.76,
            "eps_growth_yearly": 62.25
        },
        "20093": {
            "year_quarter": 20093,
            "year": 2009,
            "quarter": 3,
            "eps": 1.02,
            "eps_growth_year": 4.08,
            "eps_4q": 1.27,
            "eps_4q_growth_year": -63.69,
            "roe": 6.22,
            "roe_4q": 7.869999999999999,
            "gross_profit": 505410,
            "gross_margin": 13.82,
            "gross_margin_4q_avg": 13.08,
            "net_income": 282013,
            "revenue": 3657416,
            "common_shares": 2866792,
            "book_valuer_per_share": 16.24,
            "book_valuer_per_share_4q_avg": 15.86,
            "equity": 4654300,
            "current_ratio": 131.59,
            "debt_ratio": 56.76,
            "inventory_turnover_ratio": 4.27,
            "account_receivable_turnover_ratio": 1.03,
            "reinvestment_rate": 85.34,
            "research_to_sale_ratio": null,
            "price_fair": 126.5,
            "eps_avg_yearly": 3.61,
            "eps_latest_yearly": 4.08,
            "eps_growth_yearly": 55.75
        },
        "20094": {
            "year_quarter": 20094,
            "year": 2009,
            "quarter": 4,
            "eps": 0.65,
            "eps_growth_year": null,
            "eps_4q": 2.93,
            "eps_4q_growth_year": 68.34,
            "roe": 3.8,
            "roe_4q": 17.41,
            "gross_profit": 444971,
            "gross_margin": 12.96,
            "gross_margin_4q_avg": 15.22,
            "net_income": 180659,
            "revenue": 3433557,
            "common_shares": 2866792,
            "book_valuer_per_share": 17.7,
            "book_valuer_per_share_4q_avg": 16.5,
            "equity": 4851329,
            "current_ratio": 132.25,
            "debt_ratio": 56.48,
            "inventory_turnover_ratio": 3.1,
            "account_receivable_turnover_ratio": 1.87,
            "reinvestment_rate": 183.52,
            "research_to_sale_ratio": null,
            "price_fair": 129.5,
            "eps_avg_yearly": 3.7,
            "eps_latest_yearly": 2.6,
            "eps_growth_yearly": 56.71
        },
        "20101": {
            "year_quarter": 20101,
            "year": 2010,
            "quarter": 1,
            "eps": 1.27,
            "eps_growth_year": 139.62,
            "eps_4q": 3.66,
            "eps_4q_growth_year": 142.43,
            "roe": 6.96,
            "roe_4q": 21.17,
            "gross_profit": 661802,
            "gross_margin": 14.97,
            "gross_margin_4q_avg": 14.74,
            "net_income": 348659,
            "revenue": 4421731,
            "common_shares": 2866792,
            "book_valuer_per_share": 18.84,
            "book_valuer_per_share_4q_avg": 17.05,
            "equity": 5164737,
            "current_ratio": 125.14,
            "debt_ratio": 62.02,
            "inventory_turnover_ratio": 2.66,
            "account_receivable_turnover_ratio": 0.98,
            "reinvestment_rate": 86.63,
            "research_to_sale_ratio": null,
            "price_fair": 135.1,
            "eps_avg_yearly": 3.86,
            "eps_latest_yearly": 5.08,
            "eps_growth_yearly": 54.58
        },
        "20102": {
            "year_quarter": 20102,
            "year": 2010,
            "quarter": 2,
            "eps": 1.8,
            "eps_growth_year": 160.92,
            "eps_4q": 4.76,
            "eps_4q_growth_year": 269.62,
            "roe": 9.42,
            "roe_4q": 26.4,
            "gross_profit": 924433,
            "gross_margin": 16.36,
            "gross_margin_4q_avg": 14.53,
            "net_income": 493567,
            "revenue": 5650393,
            "common_shares": 2866792,
            "book_valuer_per_share": 19.38,
            "book_valuer_per_share_4q_avg": 18.04,
            "equity": 5312413,
            "current_ratio": 127.62,
            "debt_ratio": 59.33,
            "inventory_turnover_ratio": 3.53,
            "account_receivable_turnover_ratio": 1.07,
            "reinvestment_rate": 80.83,
            "research_to_sale_ratio": null,
            "price_fair": 143.7,
            "eps_avg_yearly": 4.11,
            "eps_latest_yearly": 7.2,
            "eps_growth_yearly": 57.25
        },
        "20103": {
            "year_quarter": 20103,
            "year": 2010,
            "quarter": 3,
            "eps": 1.5,
            "eps_growth_year": 47.27,
            "eps_4q": 5.23,
            "eps_4q_growth_year": 311.11,
            "roe": 7.55,
            "roe_4q": 27.73,
            "gross_profit": 758858,
            "gross_margin": 15.02,
            "gross_margin_4q_avg": 14.83,
            "net_income": 411809,
            "revenue": 5053794,
            "common_shares": 2866792,
            "book_valuer_per_share": 20.43,
            "book_valuer_per_share_4q_avg": 19.09,
            "equity": 5601560,
            "current_ratio": 130.62,
            "debt_ratio": 60.33,
            "inventory_turnover_ratio": 4.05,
            "account_receivable_turnover_ratio": 0.99,
            "reinvestment_rate": 83.7,
            "research_to_sale_ratio": null,
            "price_fair": 147,
            "eps_avg_yearly": 4.2,
            "eps_latest_yearly": 6,
            "eps_growth_yearly": 45.49
        },
        "20104": {
            "year_quarter": 20104,
            "year": 2010,
            "quarter": 4,
            "eps": 0.7,
            "eps_growth_year": 8.04,
            "eps_4q": 5.08,
            "eps_4q_growth_year": 73.6,
            "roe": 3.55,
            "roe_4q": 27.48,
            "gross_profit": 607593,
            "gross_margin": 12.64,
            "gross_margin_4q_avg": 14.75,
            "net_income": 200939,
            "revenue": 4808679,
            "common_shares": 2866792,
            "book_valuer_per_share": 19.94,
            "book_valuer_per_share_4q_avg": 19.65,
            "equity": 5706207,
            "current_ratio": 126.67,
            "debt_ratio": 60.75,
            "inventory_turnover_ratio": 2.97,
            "account_receivable_turnover_ratio": 0.97,
            "reinvestment_rate": 176.05,
            "research_to_sale_ratio": null,
            "price_fair": 145.5,
            "eps_avg_yearly": 4.16,
            "eps_latest_yearly": 2.8,
            "eps_growth_yearly": 38.07
        },
        "20111": {
            "year_quarter": 20111,
            "year": 2011,
            "quarter": 1,
            "eps": 1.41,
            "eps_growth_year": 11.02,
            "eps_4q": 5.31,
            "eps_4q_growth_year": 45,
            "roe": 6.83,
            "roe_4q": 27.35,
            "gross_profit": 746989,
            "gross_margin": 14.67,
            "gross_margin_4q_avg": 14.67,
            "net_income": 400033,
            "revenue": 5090759,
            "common_shares": 2866787,
            "book_valuer_per_share": 21.19,
            "book_valuer_per_share_4q_avg": 20.24,
            "equity": 6011102,
            "current_ratio": 126.45,
            "debt_ratio": 61.27,
            "inventory_turnover_ratio": 2.56,
            "account_receivable_turnover_ratio": 0.92,
            "reinvestment_rate": 81.14,
            "research_to_sale_ratio": null,
            "price_fair": 151,
            "eps_avg_yearly": 4.31,
            "eps_latest_yearly": 5.64,
            "eps_growth_yearly": 66.71
        },
        "20112": {
            "year_quarter": 20112,
            "year": 2011,
            "quarter": 2,
            "eps": 0.74,
            "eps_growth_year": -59.12,
            "eps_4q": 4.13,
            "eps_4q_growth_year": -13.22,
            "roe": 3.8,
            "roe_4q": 21.73,
            "gross_profit": 559724,
            "gross_margin": 11.13,
            "gross_margin_4q_avg": 13.37,
            "net_income": 219620,
            "revenue": 5029196,
            "common_shares": 2866787,
            "book_valuer_per_share": 19.62,
            "book_valuer_per_share_4q_avg": 20.3,
            "equity": 5537282,
            "current_ratio": 115,
            "debt_ratio": 62.43,
            "inventory_turnover_ratio": 3.11,
            "account_receivable_turnover_ratio": 0.81,
            "reinvestment_rate": 78.58,
            "research_to_sale_ratio": null,
            "price_fair": 147.9,
            "eps_avg_yearly": 4.23,
            "eps_latest_yearly": 2.96,
            "eps_growth_yearly": 46.83
        },
        "20113": {
            "year_quarter": 20113,
            "year": 2011,
            "quarter": 3,
            "eps": 1.09,
            "eps_growth_year": -27.33,
            "eps_4q": 3.87,
            "eps_4q_growth_year": -25.96,
            "roe": 5.51,
            "roe_4q": 19.69,
            "gross_profit": 632900,
            "gross_margin": 12.1,
            "gross_margin_4q_avg": 12.64,
            "net_income": 321894,
            "revenue": 5229158,
            "common_shares": 3028775,
            "book_valuer_per_share": 20.85,
            "book_valuer_per_share_4q_avg": 20.4,
            "equity": 6147234,
            "current_ratio": 114.1,
            "debt_ratio": 62.31,
            "inventory_turnover_ratio": 3.68,
            "account_receivable_turnover_ratio": 0.78,
            "reinvestment_rate": 87.8,
            "research_to_sale_ratio": null,
            "price_fair": 145.8,
            "eps_avg_yearly": 4.17,
            "eps_latest_yearly": 4.36,
            "eps_growth_yearly": 53.54
        },
        "20114": {
            "year_quarter": 20114,
            "year": 2011,
            "quarter": 4,
            "eps": 0.63,
            "eps_growth_year": -9.93,
            "eps_4q": 3.83,
            "eps_4q_growth_year": -24.77,
            "roe": 3,
            "roe_4q": 19.14,
            "gross_profit": 428234,
            "gross_margin": 9.16,
            "gross_margin_4q_avg": 11.77,
            "net_income": 186514,
            "revenue": 4674893,
            "common_shares": 3028775,
            "book_valuer_per_share": 21.3,
            "book_valuer_per_share_4q_avg": 20.74,
            "equity": 6281803,
            "current_ratio": 124.66,
            "debt_ratio": 57.94,
            "inventory_turnover_ratio": 3.91,
            "account_receivable_turnover_ratio": 0.75,
            "reinvestment_rate": 209.12,
            "research_to_sale_ratio": null,
            "price_fair": 142.7,
            "eps_avg_yearly": 4.08,
            "eps_latest_yearly": 2.52,
            "eps_growth_yearly": 49.39
        },
        "20121": {
            "year_quarter": 20121,
            "year": 2012,
            "quarter": 1,
            "eps": 0.95,
            "eps_growth_year": -32.62,
            "eps_4q": 3.42,
            "eps_4q_growth_year": -35.6,
            "roe": 4.39,
            "roe_4q": 16.7,
            "gross_profit": 632211,
            "gross_margin": 12.95,
            "gross_margin_4q_avg": 11.34,
            "net_income": 280292,
            "revenue": 4882869,
            "common_shares": 3028775,
            "book_valuer_per_share": 22.04,
            "book_valuer_per_share_4q_avg": 20.95,
            "equity": 6497734,
            "current_ratio": 129.06,
            "debt_ratio": 57.24,
            "inventory_turnover_ratio": 4.71,
            "account_receivable_turnover_ratio": 0.86,
            "reinvestment_rate": 9.71,
            "research_to_sale_ratio": null,
            "price_fair": 143.6,
            "eps_avg_yearly": 4.1,
            "eps_latest_yearly": 3.8,
            "eps_growth_yearly": 66.34
        },
        "20122": {
            "year_quarter": 20122,
            "year": 2012,
            "quarter": 2,
            "eps": 0.82,
            "eps_growth_year": 10.79,
            "eps_4q": 3.25,
            "eps_4q_growth_year": -21.39,
            "roe": 4.12,
            "roe_4q": 17.02,
            "gross_profit": 650541,
            "gross_margin": 12.8,
            "gross_margin_4q_avg": 11.75,
            "net_income": 264518,
            "revenue": 5083269,
            "common_shares": 3028775,
            "book_valuer_per_share": 21.51,
            "book_valuer_per_share_4q_avg": 21.43,
            "equity": 6344102,
            "current_ratio": 129.95,
            "debt_ratio": 57.18,
            "inventory_turnover_ratio": 5.11,
            "account_receivable_turnover_ratio": 0.84,
            "reinvestment_rate": 8,
            "research_to_sale_ratio": null,
            "price_fair": 142.5,
            "eps_avg_yearly": 4.07,
            "eps_latest_yearly": 3.28,
            "eps_growth_yearly": 60.1
        },
        "20123": {
            "year_quarter": 20123,
            "year": 2012,
            "quarter": 3,
            "eps": 1.09,
            "eps_growth_year": 0,
            "eps_4q": 3.35,
            "eps_4q_growth_year": -13.63,
            "roe": 5.5,
            "roe_4q": 17.01,
            "gross_profit": 693303,
            "gross_margin": 14.38,
            "gross_margin_4q_avg": 12.32,
            "net_income": 354096,
            "revenue": 4820356,
            "common_shares": 3323652,
            "book_valuer_per_share": 20.16,
            "book_valuer_per_share_4q_avg": 21.25,
            "equity": 6538656,
            "current_ratio": 133.93,
            "debt_ratio": 56.93,
            "inventory_turnover_ratio": 4.72,
            "account_receivable_turnover_ratio": 0.77,
            "reinvestment_rate": -5,
            "research_to_sale_ratio": null,
            "price_fair": 143.6,
            "eps_avg_yearly": 4.1,
            "eps_latest_yearly": 4.36,
            "eps_growth_yearly": 67.97
        },
        "20124": {
            "year_quarter": 20124,
            "year": 2012,
            "quarter": 4,
            "eps": 0.57,
            "eps_growth_year": -10.01,
            "eps_4q": 3.34,
            "eps_4q_growth_year": -12.68,
            "roe": 2.79,
            "roe_4q": 16.8,
            "gross_profit": 552238,
            "gross_margin": 12.18,
            "gross_margin_4q_avg": 13.08,
            "net_income": 184625,
            "revenue": 4534118,
            "common_shares": 3323652,
            "book_valuer_per_share": 20.6,
            "book_valuer_per_share_4q_avg": 21.08,
            "equity": 6681229,
            "current_ratio": 149.12,
            "debt_ratio": 55.15,
            "inventory_turnover_ratio": 4.31,
            "account_receivable_turnover_ratio": 0.74,
            "reinvestment_rate": 181.24,
            "research_to_sale_ratio": null,
            "price_fair": 139.35,
            "eps_avg_yearly": 3.98,
            "eps_latest_yearly": 2.28,
            "eps_growth_yearly": 50.72
        },
        "20131": {
            "year_quarter": 20131,
            "year": 2013,
            "quarter": 1,
            "eps": 0.82,
            "eps_growth_year": -13.68,
            "eps_4q": 3.29,
            "eps_4q_growth_year": -3.65,
            "roe": 3.85,
            "roe_4q": 16.26,
            "gross_profit": 604067,
            "gross_margin": 12.18,
            "gross_margin_4q_avg": 12.89,
            "net_income": 265382,
            "revenue": 4958655,
            "common_shares": 3323652,
            "book_valuer_per_share": 21.93,
            "book_valuer_per_share_4q_avg": 21.05,
            "equity": 7114945,
            "current_ratio": 146.06,
            "debt_ratio": 56.89,
            "inventory_turnover_ratio": 4.83,
            "account_receivable_turnover_ratio": 0.75,
            "reinvestment_rate": 4.02,
            "research_to_sale_ratio": 1.02,
            "price_fair": 137.81,
            "eps_avg_yearly": 3.94,
            "eps_latest_yearly": 3.28,
            "eps_growth_yearly": 58.51
        },
        "20132": {
            "year_quarter": 20132,
            "year": 2013,
            "quarter": 2,
            "eps": 0.36,
            "eps_growth_year": -55.86,
            "eps_4q": 2.84,
            "eps_4q_growth_year": -12.59,
            "roe": 1.71,
            "roe_4q": 13.850000000000001,
            "gross_profit": 666545,
            "gross_margin": 13.75,
            "gross_margin_4q_avg": 13.12,
            "net_income": 116521,
            "revenue": 4846118,
            "common_shares": 3323652,
            "book_valuer_per_share": 20.14,
            "book_valuer_per_share_4q_avg": 20.71,
            "equity": 6533238,
            "current_ratio": 124.02,
            "debt_ratio": 58.42,
            "inventory_turnover_ratio": 4.39,
            "account_receivable_turnover_ratio": 0.71,
            "reinvestment_rate": 2.25,
            "research_to_sale_ratio": 1.32,
            "price_fair": 134.93,
            "eps_avg_yearly": 3.86,
            "eps_latest_yearly": 1.44,
            "eps_growth_yearly": 36.94
        },
        "20133": {
            "year_quarter": 20133,
            "year": 2013,
            "quarter": 3,
            "eps": 0.77,
            "eps_growth_year": -29.47,
            "eps_4q": 2.52,
            "eps_4q_growth_year": -24.68,
            "roe": 3.79,
            "roe_4q": 12.14,
            "gross_profit": 694724,
            "gross_margin": 13.91,
            "gross_margin_4q_avg": 13.01,
            "net_income": 251047,
            "revenue": 4994624,
            "common_shares": 3323652,
            "book_valuer_per_share": 20.66,
            "book_valuer_per_share_4q_avg": 20.83,
            "equity": 6701946,
            "current_ratio": 130.19,
            "debt_ratio": 58.55,
            "inventory_turnover_ratio": 4.1,
            "account_receivable_turnover_ratio": 0.75,
            "reinvestment_rate": 2.23,
            "research_to_sale_ratio": 1.15,
            "price_fair": 132.74,
            "eps_avg_yearly": 3.79,
            "eps_latest_yearly": 3.08,
            "eps_growth_yearly": 53.46
        },
        "20134": {
            "year_quarter": 20134,
            "year": 2013,
            "quarter": 4,
            "eps": 0.57,
            "eps_growth_year": -0.32,
            "eps_4q": 2.52,
            "eps_4q_growth_year": -24.6,
            "roe": 2.67,
            "roe_4q": 12.02,
            "gross_profit": 627047,
            "gross_margin": 12.7,
            "gross_margin_4q_avg": 13.14,
            "net_income": 184034,
            "revenue": 4935535,
            "common_shares": 3323652,
            "book_valuer_per_share": 21.87,
            "book_valuer_per_share_4q_avg": 21.15,
            "equity": 7093625,
            "current_ratio": 140.29,
            "debt_ratio": 55.88,
            "inventory_turnover_ratio": 4.1,
            "account_receivable_turnover_ratio": 0.7,
            "reinvestment_rate": -106.15,
            "research_to_sale_ratio": 1.34,
            "price_fair": 132.04,
            "eps_avg_yearly": 3.77,
            "eps_latest_yearly": 2.28,
            "eps_growth_yearly": 56.03
        },
        "20141": {
            "year_quarter": 20141,
            "year": 2014,
            "quarter": 1,
            "eps": 0.44,
            "eps_growth_year": -46.34,
            "eps_4q": 2.13,
            "eps_4q_growth_year": -35.46,
            "roe": 1.99,
            "roe_4q": 10.16,
            "gross_profit": 569636,
            "gross_margin": 11.63,
            "gross_margin_4q_avg": 13,
            "net_income": 144435,
            "revenue": 4899589,
            "common_shares": 3323652,
            "book_valuer_per_share": 22.62,
            "book_valuer_per_share_4q_avg": 21.32,
            "equity": 7403503,
            "current_ratio": 141.72,
            "debt_ratio": 56.69,
            "inventory_turnover_ratio": 4.05,
            "account_receivable_turnover_ratio": 0.68,
            "reinvestment_rate": 0.27,
            "research_to_sale_ratio": 1.08,
            "price_fair": 124.78,
            "eps_avg_yearly": 3.57,
            "eps_latest_yearly": 1.76,
            "eps_growth_yearly": 26.48
        },
        "20142": {
            "year_quarter": 20142,
            "year": 2014,
            "quarter": 2,
            "eps": 0.42,
            "eps_growth_year": 16.67,
            "eps_4q": 2.19,
            "eps_4q_growth_year": -22.92,
            "roe": 1.94,
            "roe_4q": 10.39,
            "gross_profit": 555592,
            "gross_margin": 10.93,
            "gross_margin_4q_avg": 12.29,
            "net_income": 136620,
            "revenue": 5081495,
            "common_shares": 3323652,
            "book_valuer_per_share": 20.44,
            "book_valuer_per_share_4q_avg": 21.4,
            "equity": 6690050,
            "current_ratio": 131.97,
            "debt_ratio": 59.1,
            "inventory_turnover_ratio": 4.16,
            "account_receivable_turnover_ratio": 0.71,
            "reinvestment_rate": 18.85,
            "research_to_sale_ratio": 1.01,
            "price_fair": 80.23,
            "eps_avg_yearly": 3.22,
            "eps_latest_yearly": 1.68,
            "eps_growth_yearly": 14.92
        },
        "20143": {
            "year_quarter": 20143,
            "year": 2014,
            "quarter": 3,
            "eps": 0.3,
            "eps_growth_year": -61.04,
            "eps_4q": 1.72,
            "eps_4q_growth_year": -31.57,
            "roe": 1.47,
            "roe_4q": 8.07,
            "gross_profit": 497057,
            "gross_margin": 9.87,
            "gross_margin_4q_avg": 11.28,
            "net_income": 99512,
            "revenue": 5038361,
            "common_shares": 3273652,
            "book_valuer_per_share": 20.87,
            "book_valuer_per_share_4q_avg": 21.45,
            "equity": 6833497,
            "current_ratio": 139.97,
            "debt_ratio": 60.09,
            "inventory_turnover_ratio": 4.26,
            "account_receivable_turnover_ratio": 0.71,
            "reinvestment_rate": 15.85,
            "research_to_sale_ratio": 1.17,
            "price_fair": 64.06,
            "eps_avg_yearly": 2.92,
            "eps_latest_yearly": 1.2,
            "eps_growth_yearly": 11.94
        },
        "20144": {
            "year_quarter": 20144,
            "year": 2014,
            "quarter": 4,
            "eps": 0.47,
            "eps_growth_year": -17.35,
            "eps_4q": 1.67,
            "eps_4q_growth_year": -33.86,
            "roe": 2.14,
            "roe_4q": 7.540000000000001,
            "gross_profit": 563461,
            "gross_margin": 10.99,
            "gross_margin_4q_avg": 10.86,
            "net_income": 149101,
            "revenue": 5126322,
            "common_shares": 3273652,
            "book_valuer_per_share": 22.29,
            "book_valuer_per_share_4q_avg": 21.56,
            "equity": 7085965,
            "current_ratio": 144.93,
            "debt_ratio": 59.47,
            "inventory_turnover_ratio": 4.18,
            "account_receivable_turnover_ratio": 0.69,
            "reinvestment_rate": -137.86,
            "research_to_sale_ratio": 1.01,
            "price_fair": 100.19,
            "eps_avg_yearly": 2.86,
            "eps_latest_yearly": 1.88,
            "eps_growth_yearly": 39.44
        },
        "20151": {
            "year_quarter": 20151,
            "year": 2015,
            "quarter": 1,
            "eps": 0.38,
            "eps_growth_year": -13.64,
            "eps_4q": 1.59,
            "eps_4q_growth_year": -25.25,
            "roe": 1.69,
            "roe_4q": 7.24,
            "gross_profit": 513586,
            "gross_margin": 11.29,
            "gross_margin_4q_avg": 10.77,
            "net_income": 119500,
            "revenue": 4549838,
            "common_shares": 3179572,
            "book_valuer_per_share": 22.3,
            "book_valuer_per_share_4q_avg": 21.48,
            "equity": 7083833,
            "current_ratio": 147.45,
            "debt_ratio": 58.24,
            "inventory_turnover_ratio": 4.13,
            "account_receivable_turnover_ratio": 0.59,
            "reinvestment_rate": 9.14,
            "research_to_sale_ratio": 0.97,
            "price_fair": 50.26,
            "eps_avg_yearly": 2.61,
            "eps_latest_yearly": 1.52,
            "eps_growth_yearly": 9.29
        },
        "20152": {
            "year_quarter": 20152,
            "year": 2015,
            "quarter": 2,
            "eps": 0.23,
            "eps_growth_year": -45.24,
            "eps_4q": 1.4,
            "eps_4q_growth_year": -35.83,
            "roe": 1.05,
            "roe_4q": 6.3500000000000005,
            "gross_profit": 469614,
            "gross_margin": 10.81,
            "gross_margin_4q_avg": 10.74,
            "net_income": 71216,
            "revenue": 4344747,
            "common_shares": 3179572,
            "book_valuer_per_share": 20.9,
            "book_valuer_per_share_4q_avg": 21.59,
            "equity": 6539497,
            "current_ratio": 143.76,
            "debt_ratio": 59.01,
            "inventory_turnover_ratio": 4.18,
            "account_receivable_turnover_ratio": 0.61,
            "reinvestment_rate": 7.53,
            "research_to_sale_ratio": 1.18,
            "price_fair": 52.78,
            "eps_avg_yearly": 2.48,
            "eps_latest_yearly": 0.92,
            "eps_growth_yearly": 11.31
        },
        "20153": {
            "year_quarter": 20153,
            "year": 2015,
            "quarter": 3,
            "eps": 0.57,
            "eps_growth_year": 90,
            "eps_4q": 1.69,
            "eps_4q_growth_year": -2.29,
            "roe": 2.68,
            "roe_4q": 7.5600000000000005,
            "gross_profit": 663257,
            "gross_margin": 13.21,
            "gross_margin_4q_avg": 11.58,
            "net_income": 179596,
            "revenue": 5021291,
            "common_shares": 3129572,
            "book_valuer_per_share": 22.31,
            "book_valuer_per_share_4q_avg": 21.95,
            "equity": 6876671,
            "current_ratio": 141.2,
            "debt_ratio": 60.41,
            "inventory_turnover_ratio": 4.34,
            "account_receivable_turnover_ratio": 0.74,
            "reinvestment_rate": -21.34,
            "research_to_sale_ratio": 1.06,
            "price_fair": 82.16,
            "eps_avg_yearly": 2.35,
            "eps_latest_yearly": 2.28,
            "eps_growth_yearly": 36.44
        },
        "20154": {
            "year_quarter": 20154,
            "year": 2015,
            "quarter": 4,
            "eps": 0.75,
            "eps_growth_year": 59.09,
            "eps_4q": 1.95,
            "eps_4q_growth_year": 16.97,
            "roe": 3.32,
            "roe_4q": 8.74,
            "gross_profit": 728184,
            "gross_margin": 14.11,
            "gross_margin_4q_avg": 12.36,
            "net_income": 229742,
            "revenue": 5161402,
            "common_shares": 3079572,
            "book_valuer_per_share": 22.64,
            "book_valuer_per_share_4q_avg": 22.04,
            "equity": 6972776,
            "current_ratio": 146.94,
            "debt_ratio": 59.2,
            "inventory_turnover_ratio": 4.31,
            "account_receivable_turnover_ratio": 0.71,
            "reinvestment_rate": -265.39,
            "research_to_sale_ratio": 1.09,
            "price_fair": 83.21,
            "eps_avg_yearly": 2.38,
            "eps_latest_yearly": 3,
            "eps_growth_yearly": 54.88
        },
        "20161": {
            "year_quarter": 20161,
            "year": 2016,
            "quarter": 1,
            "eps": 0.85,
            "eps_growth_year": 123.68,
            "eps_4q": 2.45,
            "eps_4q_growth_year": 53.95,
            "roe": 3.72,
            "roe_4q": 10.770000000000001,
            "gross_profit": 744437,
            "gross_margin": 16.02,
            "gross_margin_4q_avg": 13.54,
            "net_income": 260676,
            "revenue": 4646044,
            "common_shares": 3029572,
            "book_valuer_per_share": 23.25,
            "book_valuer_per_share_4q_avg": 22.28,
            "equity": 7042855,
            "current_ratio": 148.9,
            "debt_ratio": 59.27,
            "inventory_turnover_ratio": 3.64,
            "account_receivable_turnover_ratio": 0.63,
            "reinvestment_rate": -26.13,
            "research_to_sale_ratio": 1.13,
            "price_fair": 82.34,
            "eps_avg_yearly": 2.35,
            "eps_latest_yearly": 3.4,
            "eps_growth_yearly": 45.52
        },
        "20162": {
            "year_quarter": 20162,
            "year": 2016,
            "quarter": 2,
            "eps": 0.69,
            "eps_growth_year": 200,
            "eps_4q": 2.91,
            "eps_4q_growth_year": 107.02,
            "roe": 3.08,
            "roe_4q": 12.8,
            "gross_profit": 670538,
            "gross_margin": 13.92,
            "gross_margin_4q_avg": 14.32,
            "net_income": 210428,
            "revenue": 4818045,
            "common_shares": 3029572,
            "book_valuer_per_share": 21.91,
            "book_valuer_per_share_4q_avg": 22.53,
            "equity": 6636697,
            "current_ratio": 148.94,
            "debt_ratio": 61.44,
            "inventory_turnover_ratio": 3.52,
            "account_receivable_turnover_ratio": 0.67,
            "reinvestment_rate": -29.76,
            "research_to_sale_ratio": 1.46,
            "price_fair": 81.2,
            "eps_avg_yearly": 2.32,
            "eps_latest_yearly": 2.76,
            "eps_growth_yearly": 44.23
        },
        "20163": {
            "year_quarter": 20163,
            "year": 2016,
            "quarter": 3,
            "eps": 0.83,
            "eps_growth_year": 45.61,
            "eps_4q": 3.15,
            "eps_4q_growth_year": 86.82,
            "roe": 3.8,
            "roe_4q": 13.92,
            "gross_profit": 739014,
            "gross_margin": 14.7,
            "gross_margin_4q_avg": 14.69,
            "net_income": 252953,
            "revenue": 5027266,
            "common_shares": 3029572,
            "book_valuer_per_share": 22.09,
            "book_valuer_per_share_4q_avg": 22.47,
            "equity": 6692920,
            "current_ratio": 146.07,
            "debt_ratio": 62.48,
            "inventory_turnover_ratio": 3.38,
            "account_receivable_turnover_ratio": 0.71,
            "reinvestment_rate": -31.8,
            "research_to_sale_ratio": 1.08,
            "price_fair": 78.93,
            "eps_avg_yearly": 2.26,
            "eps_latest_yearly": 3.32,
            "eps_growth_yearly": 41.07
        },
        "20164": {
            "year_quarter": 20164,
            "year": 2016,
            "quarter": 4,
            "eps": 0.75,
            "eps_growth_year": 0.84,
            "eps_4q": 3.14,
            "eps_4q_growth_year": 61.26,
            "roe": 3.35,
            "roe_4q": 13.950000000000001,
            "gross_profit": 712569,
            "gross_margin": 13.73,
            "gross_margin_4q_avg": 14.59,
            "net_income": 227901,
            "revenue": 5190283,
            "common_shares": 3029572,
            "book_valuer_per_share": 22.81,
            "book_valuer_per_share_4q_avg": 22.52,
            "equity": 6909351,
            "current_ratio": 148.47,
            "debt_ratio": 61.65,
            "inventory_turnover_ratio": 3.45,
            "account_receivable_turnover_ratio": 0.7,
            "reinvestment_rate": -307.54,
            "research_to_sale_ratio": 1.12,
            "price_fair": 80.5,
            "eps_avg_yearly": 2.3,
            "eps_latest_yearly": 3,
            "eps_growth_yearly": 50.59
        },
        "20171": {
            "year_quarter": 20171,
            "year": 2017,
            "quarter": 1,
            "eps": 0.98,
            "eps_growth_year": 15.29,
            "eps_4q": 3.26,
            "eps_4q_growth_year": 33.14,
            "roe": 4.27,
            "roe_4q": 14.499999999999998,
            "gross_profit": 807186,
            "gross_margin": 15.75,
            "gross_margin_4q_avg": 14.53,
            "net_income": 295577,
            "revenue": 5123924,
            "common_shares": 3029572,
            "book_valuer_per_share": 22.85,
            "book_valuer_per_share_4q_avg": 22.42,
            "equity": 6923559,
            "current_ratio": 151.38,
            "debt_ratio": 60.72,
            "inventory_turnover_ratio": 3.3,
            "account_receivable_turnover_ratio": 0.68,
            "reinvestment_rate": -34.29,
            "research_to_sale_ratio": 0.97,
            "price_fair": 81.9,
            "eps_avg_yearly": 2.34,
            "eps_latest_yearly": 3.92,
            "eps_growth_yearly": 47.29
        },
        "20172": {
            "year_quarter": 20172,
            "year": 2017,
            "quarter": 2,
            "eps": 0.89,
            "eps_growth_year": 28.99,
            "eps_4q": 3.45,
            "eps_4q_growth_year": 18.84,
            "roe": 4.01,
            "roe_4q": 15.43,
            "gross_profit": 730493,
            "gross_margin": 15.06,
            "gross_margin_4q_avg": 14.81,
            "net_income": 269904,
            "revenue": 4851227,
            "common_shares": 3029572,
            "book_valuer_per_share": 21.61,
            "book_valuer_per_share_4q_avg": 22.34,
            "equity": 6548068,
            "current_ratio": 147.82,
            "debt_ratio": 62.32,
            "inventory_turnover_ratio": 2.82,
            "account_receivable_turnover_ratio": 0.63,
            "reinvestment_rate": -29.79,
            "research_to_sale_ratio": 1.16,
            "price_fair": 86.54,
            "eps_avg_yearly": 2.47,
            "eps_latest_yearly": 3.56,
            "eps_growth_yearly": 59.02
        },
        "20173": {
            "year_quarter": 20173,
            "year": 2017,
            "quarter": 3,
            "eps": 1.2,
            "eps_growth_year": 44.58,
            "eps_4q": 3.81,
            "eps_4q_growth_year": 21.14,
            "roe": 5.34,
            "roe_4q": 16.97,
            "gross_profit": 820624,
            "gross_margin": 14.75,
            "gross_margin_4q_avg": 14.82,
            "net_income": 362054,
            "revenue": 5561707,
            "common_shares": 3029572,
            "book_valuer_per_share": 23.17,
            "book_valuer_per_share_4q_avg": 22.61,
            "equity": 7018663,
            "current_ratio": 156.34,
            "debt_ratio": 61.72,
            "inventory_turnover_ratio": 2.95,
            "account_receivable_turnover_ratio": 0.71,
            "reinvestment_rate": -27.54,
            "research_to_sale_ratio": 0.98,
            "price_fair": 90.3,
            "eps_avg_yearly": 2.58,
            "eps_latest_yearly": 4.8,
            "eps_growth_yearly": 39.26
        },
        "20174": {
            "year_quarter": 20174,
            "year": 2017,
            "quarter": 4,
            "eps": 1.05,
            "eps_growth_year": 39.17,
            "eps_4q": 4.11,
            "eps_4q_growth_year": 30.75,
            "roe": 4.43,
            "roe_4q": 18.049999999999997,
            "gross_profit": 741374,
            "gross_margin": 13.06,
            "gross_margin_4q_avg": 14.66,
            "net_income": 317167,
            "revenue": 5677475,
            "common_shares": 3029572,
            "book_valuer_per_share": 24.05,
            "book_valuer_per_share_4q_avg": 22.92,
            "equity": 7285834,
            "current_ratio": 153.79,
            "debt_ratio": 59.61,
            "inventory_turnover_ratio": 3.08,
            "account_receivable_turnover_ratio": 0.7,
            "reinvestment_rate": -21.71,
            "research_to_sale_ratio": 1.05,
            "price_fair": 94.5,
            "eps_avg_yearly": 2.7,
            "eps_latest_yearly": 4.2,
            "eps_growth_yearly": 42.63
        },
        "20181": {
            "year_quarter": 20181,
            "year": 2018,
            "quarter": 1,
            "eps": 1.19,
            "eps_growth_year": 21.43,
            "eps_4q": 4.32,
            "eps_4q_growth_year": 32.7,
            "roe": 4.79,
            "roe_4q": 18.57,
            "gross_profit": 780792,
            "gross_margin": 13.71,
            "gross_margin_4q_avg": 14.15,
            "net_income": 360396,
            "revenue": 5693674,
            "common_shares": 3029572,
            "book_valuer_per_share": 25.6,
            "book_valuer_per_share_4q_avg": 23.61,
            "equity": 7755908,
            "current_ratio": 155.27,
            "debt_ratio": 59.78,
            "inventory_turnover_ratio": 2.85,
            "account_receivable_turnover_ratio": 0.69,
            "reinvestment_rate": -30.3,
            "research_to_sale_ratio": 1.38,
            "price_fair": 101.06,
            "eps_avg_yearly": 2.89,
            "eps_latest_yearly": 4.76,
            "eps_growth_yearly": 51.66
        },
        "20182": {
            "year_quarter": 20182,
            "year": 2018,
            "quarter": 2,
            "eps": 1.62,
            "eps_growth_year": 82.02,
            "eps_4q": 5.05,
            "eps_4q_growth_year": 46.21,
            "roe": 6.53,
            "roe_4q": 21.09,
            "gross_profit": 826358,
            "gross_margin": 14.5,
            "gross_margin_4q_avg": 14.01,
            "net_income": 490197,
            "revenue": 5697423,
            "common_shares": 3029572,
            "book_valuer_per_share": 23.98,
            "book_valuer_per_share_4q_avg": 24.2,
            "equity": 7266404,
            "current_ratio": 155.07,
            "debt_ratio": 61.24,
            "inventory_turnover_ratio": 2.38,
            "account_receivable_turnover_ratio": 0.67,
            "reinvestment_rate": -51.55,
            "research_to_sale_ratio": 1.32,
            "price_fair": 111.56,
            "eps_avg_yearly": 3.19,
            "eps_latest_yearly": 6.48,
            "eps_growth_yearly": 61.83
        },
        "20183": {
            "year_quarter": 20183,
            "year": 2018,
            "quarter": 3,
            "eps": 1.31,
            "eps_growth_year": 9.17,
            "eps_4q": 5.17,
            "eps_4q_growth_year": 35.59,
            "roe": 5.44,
            "roe_4q": 21.19,
            "gross_profit": 927158,
            "gross_margin": 15.82,
            "gross_margin_4q_avg": 14.27,
            "net_income": 398947,
            "revenue": 5861875,
            "common_shares": 3029572,
            "book_valuer_per_share": 24.43,
            "book_valuer_per_share_4q_avg": 24.52,
            "equity": 7400620,
            "current_ratio": 154.06,
            "debt_ratio": 61.05,
            "inventory_turnover_ratio": 2.28,
            "account_receivable_turnover_ratio": 0.67,
            "reinvestment_rate": -50.74,
            "research_to_sale_ratio": 1.36,
            "price_fair": 120.4,
            "eps_avg_yearly": 3.44,
            "eps_latest_yearly": 5.24,
            "eps_growth_yearly": 64.19
        },
        "20184": {
            "year_quarter": 20184,
            "year": 2018,
            "quarter": 4,
            "eps": 1.73,
            "eps_growth_year": 65.53,
            "eps_4q": 5.86,
            "eps_4q_growth_year": 42.57,
            "roe": 6.82,
            "roe_4q": 23.580000000000002,
            "gross_profit": 721254,
            "gross_margin": 14.01,
            "gross_margin_4q_avg": 14.51,
            "net_income": 525017,
            "revenue": 5148750,
            "common_shares": 3029572,
            "book_valuer_per_share": 26.38,
            "book_valuer_per_share_4q_avg": 25.1,
            "equity": 7991972,
            "current_ratio": 160.75,
            "debt_ratio": 57.25,
            "inventory_turnover_ratio": 2.37,
            "account_receivable_turnover_ratio": 0.58,
            "reinvestment_rate": -47.82,
            "research_to_sale_ratio": 1.92,
            "price_fair": 131.43,
            "eps_avg_yearly": 3.76,
            "eps_latest_yearly": 6.92,
            "eps_growth_yearly": 58.04
        },
        "20191": {
            "year_quarter": 20191,
            "year": 2019,
            "quarter": 1,
            "eps": 1.67,
            "eps_growth_year": 40.34,
            "eps_4q": 6.34,
            "eps_4q_growth_year": 46.63,
            "roe": 6.07,
            "roe_4q": 24.860000000000003,
            "gross_profit": 972069,
            "gross_margin": 18.36,
            "gross_margin_4q_avg": 15.67,
            "net_income": 505925,
            "revenue": 5294352,
            "common_shares": 3029572,
            "book_valuer_per_share": 28.63,
            "book_valuer_per_share_4q_avg": 25.86,
            "equity": 8675043,
            "current_ratio": 165.64,
            "debt_ratio": 56.15,
            "inventory_turnover_ratio": 2.51,
            "account_receivable_turnover_ratio": 0.59,
            "reinvestment_rate": -41.37,
            "research_to_sale_ratio": 1.49,
            "price_fair": 142.71,
            "eps_avg_yearly": 4.08,
            "eps_latest_yearly": 6.68,
            "eps_growth_yearly": 61.96
        },
        "20192": {
            "year_quarter": 20192,
            "year": 2019,
            "quarter": 2,
            "eps": 1.91,
            "eps_growth_year": 17.9,
            "eps_4q": 6.63,
            "eps_4q_growth_year": 31.21,
            "roe": 6.93,
            "roe_4q": 25.26,
            "gross_profit": 1158531,
            "gross_margin": 19.42,
            "gross_margin_4q_avg": 16.9,
            "net_income": 577382,
            "revenue": 5965381,
            "common_shares": 3029572,
            "book_valuer_per_share": 26.37,
            "book_valuer_per_share_4q_avg": 26.45,
            "equity": 7989853,
            "current_ratio": 149.78,
            "debt_ratio": 60.97,
            "inventory_turnover_ratio": 2.62,
            "account_receivable_turnover_ratio": 0.63,
            "reinvestment_rate": -36.37,
            "research_to_sale_ratio": 1.51,
            "price_fair": 157.41,
            "eps_avg_yearly": 4.5,
            "eps_latest_yearly": 7.64,
            "eps_growth_yearly": 75.42
        },
        "20193": {
            "year_quarter": 20193,
            "year": 2019,
            "quarter": 3,
            "eps": 2.36,
            "eps_growth_year": 80.15,
            "eps_4q": 7.67,
            "eps_4q_growth_year": 48.31,
            "roe": 8.7,
            "roe_4q": 28.52,
            "gross_profit": 1358177,
            "gross_margin": 21.29,
            "gross_margin_4q_avg": 18.27,
            "net_income": 715335,
            "revenue": 6378737,
            "common_shares": 3029572,
            "book_valuer_per_share": 27.9,
            "book_valuer_per_share_4q_avg": 27.32,
            "equity": 8452601,
            "current_ratio": 139.94,
            "debt_ratio": 61.45,
            "inventory_turnover_ratio": 2.56,
            "account_receivable_turnover_ratio": 0.62,
            "reinvestment_rate": -26.5,
            "research_to_sale_ratio": 1.38,
            "price_fair": 173.08,
            "eps_avg_yearly": 4.95,
            "eps_latest_yearly": 9.44,
            "eps_growth_yearly": 44.35
        },
        "20194": {
            "year_quarter": 20194,
            "year": 2019,
            "quarter": 4,
            "eps": 2.19,
            "eps_growth_year": 26.6,
            "eps_4q": 8.13,
            "eps_4q_growth_year": 38.81,
            "roe": 7.65,
            "roe_4q": 29.35,
            "gross_profit": 1290795,
            "gross_margin": 20.98,
            "gross_margin_4q_avg": 20.01,
            "net_income": 664658,
            "revenue": 6152845,
            "common_shares": 3029572,
            "book_valuer_per_share": 29.46,
            "book_valuer_per_share_4q_avg": 28.09,
            "equity": 8925531,
            "current_ratio": 143.35,
            "debt_ratio": 61.99,
            "inventory_turnover_ratio": 2.04,
            "account_receivable_turnover_ratio": 0.58,
            "reinvestment_rate": 0.68,
            "research_to_sale_ratio": 1.47,
            "price_fair": 185.68,
            "eps_avg_yearly": 5.31,
            "eps_latest_yearly": 8.76,
            "eps_growth_yearly": 34.66
        },
        "20201": {
            "year_quarter": 20201,
            "year": 2020,
            "quarter": 1,
            "eps": 1.24,
            "eps_growth_year": -25.75,
            "eps_4q": 7.01,
            "eps_4q_growth_year": 10.64,
            "roe": 3.51,
            "roe_4q": 26.79,
            "gross_profit": 1058450,
            "gross_margin": 18.84,
            "gross_margin_4q_avg": 20.13,
            "net_income": 377418,
            "revenue": 5618217,
            "common_shares": 3329572,
            "book_valuer_per_share": 37.72,
            "book_valuer_per_share_4q_avg": 30.36,
            "equity": 12558812,
            "current_ratio": 169.94,
            "debt_ratio": 53.76,
            "inventory_turnover_ratio": 1.49,
            "account_receivable_turnover_ratio": 0.55,
            "reinvestment_rate": 10.7,
            "research_to_sale_ratio": 1.72,
            "price_fair": 164.66,
            "eps_avg_yearly": 5.4,
            "eps_latest_yearly": 4.96,
            "eps_growth_yearly": 20.48
        },
        "20202": {
            "year_quarter": 20202,
            "year": 2020,
            "quarter": 2,
            "eps": 2.6,
            "eps_growth_year": 36.13,
            "eps_4q": 7.88,
            "eps_4q_growth_year": 18.9,
            "roe": 7.17,
            "roe_4q": 27.029999999999998,
            "gross_profit": 1566500,
            "gross_margin": 20.96,
            "gross_margin_4q_avg": 20.52,
            "net_income": 865603,
            "revenue": 7471988,
            "common_shares": 3329572,
            "book_valuer_per_share": 34.75,
            "book_valuer_per_share_4q_avg": 32.46,
            "equity": 11571572,
            "current_ratio": 169.33,
            "debt_ratio": 52.64,
            "inventory_turnover_ratio": 1.78,
            "account_receivable_turnover_ratio": 0.69,
            "reinvestment_rate": 11.62,
            "research_to_sale_ratio": 1.22,
            "price_fair": 205.8,
            "eps_avg_yearly": 5.88,
            "eps_latest_yearly": 10.4,
            "eps_growth_yearly": 52.6
        },
        "20203": {
            "year_quarter": 20203,
            "year": 2020,
            "quarter": 3,
            "eps": 1.94,
            "eps_growth_year": -17.8,
            "eps_4q": 7.67,
            "eps_4q_growth_year": -0.05,
            "roe": 5.37,
            "roe_4q": 23.699999999999996,
            "gross_profit": 1173077,
            "gross_margin": 18.86,
            "gross_margin_4q_avg": 19.91,
            "net_income": 644871,
            "revenue": 6219961,
            "common_shares": 3329572,
            "book_valuer_per_share": 37.32,
            "book_valuer_per_share_4q_avg": 34.81,
            "equity": 12426160,
            "current_ratio": 173.04,
            "debt_ratio": 52.12,
            "inventory_turnover_ratio": 1.55,
            "account_receivable_turnover_ratio": 0.54,
            "reinvestment_rate": 15.1,
            "research_to_sale_ratio": 1.64,
            "price_fair": 215.51,
            "eps_avg_yearly": 6.16,
            "eps_latest_yearly": 7.76,
            "eps_growth_yearly": 41.19
        },
        "20204": {
            "year_quarter": 20204,
            "year": 2020,
            "quarter": 4,
            "eps": 2.34,
            "eps_growth_year": 6.46,
            "eps_4q": 8.01,
            "eps_4q_growth_year": -1.54,
            "roe": 6.02,
            "roe_4q": 22.07,
            "gross_profit": 1152587,
            "gross_margin": 18.86,
            "gross_margin_4q_avg": 19.38,
            "net_income": 777673,
            "revenue": 6111521,
            "common_shares": 3329572,
            "book_valuer_per_share": 40.23,
            "book_valuer_per_share_4q_avg": 37.51,
            "equity": 13393654,
            "current_ratio": 186.44,
            "debt_ratio": 47.85,
            "inventory_turnover_ratio": 1.51,
            "account_receivable_turnover_ratio": 0.56,
            "reinvestment_rate": 19.69,
            "research_to_sale_ratio": 1.69,
            "price_fair": 229.43,
            "eps_avg_yearly": 6.56,
            "eps_latest_yearly": 9.36,
            "eps_growth_yearly": 48.75
        },
        "20211": {
            "year_quarter": 20211,
            "year": 2021,
            "quarter": 1,
            "eps": 1.93,
            "eps_growth_year": 55.65,
            "eps_4q": 8.8,
            "eps_4q_growth_year": 25.52,
            "roe": 4.7,
            "roe_4q": 23.259999999999998,
            "gross_profit": 1370054,
            "gross_margin": 18.52,
            "gross_margin_4q_avg": 19.3,
            "net_income": 642541,
            "revenue": 7396536,
            "common_shares": 3329572,
            "book_valuer_per_share": 41.96,
            "book_valuer_per_share_4q_avg": 38.57,
            "equity": 13971519,
            "current_ratio": 153.34,
            "debt_ratio": 52.4,
            "inventory_turnover_ratio": 1.69,
            "account_receivable_turnover_ratio": 0.67,
            "reinvestment_rate": 39.12,
            "research_to_sale_ratio": 1.38,
            "price_fair": 237.74,
            "eps_avg_yearly": 6.79,
            "eps_latest_yearly": 7.72,
            "eps_growth_yearly": 36.7
        },
        "20212": {
            "year_quarter": 20212,
            "year": 2021,
            "quarter": 2,
            "eps": 2.58,
            "eps_growth_year": -0.77,
            "eps_4q": 8.79,
            "eps_4q_growth_year": 11.51,
            "roe": 5.99,
            "roe_4q": 22.080000000000002,
            "gross_profit": 1625430,
            "gross_margin": 19.9,
            "gross_margin_4q_avg": 19.04,
            "net_income": 859954,
            "revenue": 8167579,
            "common_shares": 3329572,
            "book_valuer_per_share": 44.26,
            "book_valuer_per_share_4q_avg": 40.94,
            "equity": 14737945,
            "current_ratio": 141.01,
            "debt_ratio": 54.93,
            "inventory_turnover_ratio": 1.63,
            "account_receivable_turnover_ratio": 0.67,
            "reinvestment_rate": 41.54,
            "research_to_sale_ratio": 1,
            "price_fair": 252.53,
            "eps_avg_yearly": 7.22,
            "eps_latest_yearly": 10.32,
            "eps_growth_yearly": 47.42
        },
        "20213": {
            "year_quarter": 20213,
            "year": 2021,
            "quarter": 3,
            "eps": 2.4,
            "eps_growth_year": 23.71,
            "eps_4q": 8.13,
            "eps_4q_growth_year": 6.11,
            "roe": 4.76,
            "roe_4q": 21.47,
            "gross_profit": 1737811,
            "gross_margin": 19.46,
            "gross_margin_4q_avg": 19.19,
            "net_income": 835187,
            "revenue": 8929775,
            "common_shares": 3829572,
            "book_valuer_per_share": 53.15,
            "book_valuer_per_share_4q_avg": 44.9,
            "equity": 20354462,
            "current_ratio": 167.09,
            "debt_ratio": 43.52,
            "inventory_turnover_ratio": 1.54,
            "account_receivable_turnover_ratio": 0.65,
            "reinvestment_rate": 38.72,
            "research_to_sale_ratio": 1.86,
            "price_fair": 263.03,
            "eps_avg_yearly": 7.52,
            "eps_latest_yearly": 9.6,
            "eps_growth_yearly": 36.97
        },
        "20214": {
            "year_quarter": 20214,
            "year": 2021,
            "quarter": 4,
            "eps": 2.11,
            "eps_growth_year": -9.76,
            "eps_4q": 8.21,
            "eps_4q_growth_year": 2.58,
            "roe": 3.87,
            "roe_4q": 19.32,
            "gross_profit": 1246254,
            "gross_margin": 15.52,
            "gross_margin_4q_avg": 18.35,
            "net_income": 807121,
            "revenue": 8030798,
            "common_shares": 3829572,
            "book_valuer_per_share": 55.66,
            "book_valuer_per_share_4q_avg": 48.76,
            "equity": 21314738,
            "current_ratio": 170.88,
            "debt_ratio": 41.18,
            "inventory_turnover_ratio": 1.31,
            "account_receivable_turnover_ratio": 0.59,
            "reinvestment_rate": 36.55,
            "research_to_sale_ratio": 2,
            "price_fair": 272.3,
            "eps_avg_yearly": 7.78,
            "eps_latest_yearly": 8.44,
            "eps_growth_yearly": 37.07
        },
        "20221": {
            "year_quarter": 20221,
            "year": 2022,
            "quarter": 1,
            "eps": 2.11,
            "eps_growth_year": 9.33,
            "eps_4q": 8.65,
            "eps_4q_growth_year": -1.76,
            "roe": 3.84,
            "roe_4q": 18.46,
            "gross_profit": 1248703,
            "gross_margin": 15.1,
            "gross_margin_4q_avg": 17.5,
            "net_income": 809113,
            "revenue": 8269058,
            "common_shares": 3829572,
            "book_valuer_per_share": 54.27,
            "book_valuer_per_share_4q_avg": 51.84,
            "equity": 20783855,
            "current_ratio": 175.14,
            "debt_ratio": 41.64,
            "inventory_turnover_ratio": 1.41,
            "account_receivable_turnover_ratio": 0.6,
            "reinvestment_rate": 39.53,
            "research_to_sale_ratio": 2.33,
            "price_fair": 280.35,
            "eps_avg_yearly": 8.01,
            "eps_latest_yearly": 8.44,
            "eps_growth_yearly": 33.74
        },
        "20222": {
            "year_quarter": 20222,
            "year": 2022,
            "quarter": 2,
            "eps": 1.14,
            "eps_growth_year": -55.81,
            "eps_4q": 7.54,
            "eps_4q_growth_year": -14.21,
            "roe": 2.08,
            "roe_4q": 14.549999999999999,
            "gross_profit": 936016,
            "gross_margin": 12.24,
            "gross_margin_4q_avg": 15.58,
            "net_income": 434702,
            "revenue": 7645655,
            "common_shares": 3829572,
            "book_valuer_per_share": 54.71,
            "book_valuer_per_share_4q_avg": 54.45,
            "equity": 20951281,
            "current_ratio": 185.49,
            "debt_ratio": 38.46,
            "inventory_turnover_ratio": 1.54,
            "account_receivable_turnover_ratio": 0.54,
            "reinvestment_rate": 38.4,
            "research_to_sale_ratio": 1.21,
            "price_fair": 183.13,
            "eps_avg_yearly": 7.89,
            "eps_latest_yearly": 4.56,
            "eps_growth_yearly": 13.21
        },
        "20223": {
            "year_quarter": 20223,
            "year": 2022,
            "quarter": 3,
            "eps": 0.74,
            "eps_growth_year": -69.17,
            "eps_4q": 6.41,
            "eps_4q_growth_year": -21.15,
            "roe": 1.35,
            "roe_4q": 11.14,
            "gross_profit": 731299,
            "gross_margin": 11.51,
            "gross_margin_4q_avg": 13.59,
            "net_income": 277360,
            "revenue": 6352008,
            "common_shares": 3829572,
            "book_valuer_per_share": 55.1,
            "book_valuer_per_share_4q_avg": 54.94,
            "equity": 19997532,
            "current_ratio": 199.83,
            "debt_ratio": 38.51,
            "inventory_turnover_ratio": 1.74,
            "account_receivable_turnover_ratio": 0.49,
            "reinvestment_rate": 41.06,
            "research_to_sale_ratio": 1.94,
            "price_fair": 148.93,
            "eps_avg_yearly": 7.75,
            "eps_latest_yearly": 2.96,
            "eps_growth_yearly": 9.22
        },
        "20224": {
            "year_quarter": 20224,
            "year": 2022,
            "quarter": 4,
            "eps": 0.92,
            "eps_growth_year": -56.34,
            "eps_4q": 5.11,
            "eps_4q_growth_year": -37.76,
            "roe": 1.67,
            "roe_4q": 8.94,
            "gross_profit": 1023885,
            "gross_margin": 14.92,
            "gross_margin_4q_avg": 13.44,
            "net_income": 333998,
            "revenue": 6862989,
            "common_shares": 3629572,
            "book_valuer_per_share": 55.41,
            "book_valuer_per_share_4q_avg": 54.87,
            "equity": 20110986,
            "current_ratio": 197.27,
            "debt_ratio": 39.76,
            "inventory_turnover_ratio": 2.2,
            "account_receivable_turnover_ratio": 0.56,
            "reinvestment_rate": 41.03,
            "research_to_sale_ratio": 1.78,
            "price_fair": 130.44,
            "eps_avg_yearly": 7.55,
            "eps_latest_yearly": 3.68,
            "eps_growth_yearly": 7.29
        },
        "20231": {
            "year_quarter": 20231,
            "year": 2023,
            "quarter": 1,
            "eps": 0.2,
            "eps_growth_year": -90.52,
            "eps_4q": 3.09,
            "eps_4q_growth_year": -64.31,
            "roe": 0.38,
            "roe_4q": 5.48,
            "gross_profit": 669869,
            "gross_margin": 10.7,
            "gross_margin_4q_avg": 12.34,
            "net_income": 73983,
            "revenue": 6259655,
            "common_shares": 3629572,
            "book_valuer_per_share": 52.9,
            "book_valuer_per_share_4q_avg": 54.53,
            "equity": 19199968,
            "current_ratio": 193.46,
            "debt_ratio": 42.78,
            "inventory_turnover_ratio": 2.11,
            "account_receivable_turnover_ratio": 0.53,
            "reinvestment_rate": 60.21,
            "research_to_sale_ratio": 2,
            "price_fair": 21.53,
            "eps_avg_yearly": 7.18,
            "eps_latest_yearly": 0.8,
            "eps_growth_yearly": -11.41
        }
    },
    "months": {
        "2002-12": {
            "month": "2002-12",
            "price": "13.48",
            "revenue": 155431
        },
        "2003-01": {
            "month": "2003-01",
            "price": "12.08",
            "revenue": 177293
        },
        "2003-02": {
            "month": "2003-02",
            "price": "11.98",
            "revenue": 162558
        },
        "2003-03": {
            "month": "2003-03",
            "price": "11.50",
            "revenue": 197439
        },
        "2003-04": {
            "month": "2003-04",
            "price": "11.01",
            "revenue": 181689
        },
        "2003-05": {
            "month": "2003-05",
            "price": "9.90",
            "revenue": 188589
        },
        "2003-06": {
            "month": "2003-06",
            "price": "11.54",
            "revenue": 205371
        },
        "2003-07": {
            "month": "2003-07",
            "price": "13.73",
            "revenue": 246636
        },
        "2003-08": {
            "month": "2003-08",
            "price": "17.21",
            "revenue": 245881
        },
        "2003-09": {
            "month": "2003-09",
            "price": "16.55",
            "revenue": 278262
        },
        "2003-10": {
            "month": "2003-10",
            "price": "18.01",
            "revenue": 338645
        },
        "2003-11": {
            "month": "2003-11",
            "price": "25.27",
            "revenue": 326555
        },
        "2003-12": {
            "month": "2003-12",
            "price": "26.53",
            "revenue": 331926
        },
        "2004-01": {
            "month": "2004-01",
            "price": "25.89",
            "revenue": 280051
        },
        "2004-02": {
            "month": "2004-02",
            "price": "25.90",
            "revenue": 284368
        },
        "2004-03": {
            "month": "2004-03",
            "price": "26.09",
            "revenue": 357609
        },
        "2004-04": {
            "month": "2004-04",
            "price": "26.38",
            "revenue": 396594
        },
        "2004-05": {
            "month": "2004-05",
            "price": "20.20",
            "revenue": 426884
        },
        "2004-06": {
            "month": "2004-06",
            "price": "18.96",
            "revenue": 484625
        },
        "2004-07": {
            "month": "2004-07",
            "price": "18.21",
            "revenue": 518682
        },
        "2004-08": {
            "month": "2004-08",
            "price": "18.62",
            "revenue": 530124
        },
        "2004-09": {
            "month": "2004-09",
            "price": "24.20",
            "revenue": 615636
        },
        "2004-10": {
            "month": "2004-10",
            "price": "22.62",
            "revenue": 581820
        },
        "2004-11": {
            "month": "2004-11",
            "price": "21.02",
            "revenue": 543827
        },
        "2004-12": {
            "month": "2004-12",
            "price": "22.44",
            "revenue": 443039
        },
        "2005-01": {
            "month": "2005-01",
            "price": "20.16",
            "revenue": 469839
        },
        "2005-02": {
            "month": "2005-02",
            "price": "20.97",
            "revenue": 346645
        },
        "2005-03": {
            "month": "2005-03",
            "price": "21.25",
            "revenue": 512103
        },
        "2005-04": {
            "month": "2005-04",
            "price": "19.92",
            "revenue": 505945
        },
        "2005-05": {
            "month": "2005-05",
            "price": "17.29",
            "revenue": 464897
        },
        "2005-06": {
            "month": "2005-06",
            "price": "18.70",
            "revenue": 407676
        },
        "2005-07": {
            "month": "2005-07",
            "price": "18.72",
            "revenue": 478842
        },
        "2005-08": {
            "month": "2005-08",
            "price": "16.78",
            "revenue": 562694
        },
        "2005-09": {
            "month": "2005-09",
            "price": "14.89",
            "revenue": 638227
        },
        "2005-10": {
            "month": "2005-10",
            "price": "16.70",
            "revenue": 735155
        },
        "2005-11": {
            "month": "2005-11",
            "price": "16.82",
            "revenue": 710022
        },
        "2005-12": {
            "month": "2005-12",
            "price": "22.70",
            "revenue": 653964
        },
        "2006-01": {
            "month": "2006-01",
            "price": "23.14",
            "revenue": 632620
        },
        "2006-02": {
            "month": "2006-02",
            "price": "21.12",
            "revenue": 679646
        },
        "2006-03": {
            "month": "2006-03",
            "price": "22.44",
            "revenue": 810300
        },
        "2006-04": {
            "month": "2006-04",
            "price": "25.38",
            "revenue": 829554
        },
        "2006-05": {
            "month": "2006-05",
            "price": "30.15",
            "revenue": 927048
        },
        "2006-06": {
            "month": "2006-06",
            "price": "25.90",
            "revenue": 980859
        },
        "2006-07": {
            "month": "2006-07",
            "price": "25.51",
            "revenue": 941403
        },
        "2006-08": {
            "month": "2006-08",
            "price": "23.57",
            "revenue": 1085104
        },
        "2006-09": {
            "month": "2006-09",
            "price": "23.59",
            "revenue": 1090465
        },
        "2006-10": {
            "month": "2006-10",
            "price": "25.18",
            "revenue": 1178982
        },
        "2006-11": {
            "month": "2006-11",
            "price": "25.60",
            "revenue": 1050151
        },
        "2006-12": {
            "month": "2006-12",
            "price": "26.17",
            "revenue": 981108
        },
        "2007-01": {
            "month": "2007-01",
            "price": "26.93",
            "revenue": 979927
        },
        "2007-02": {
            "month": "2007-02",
            "price": "25.87",
            "revenue": 849019
        },
        "2007-03": {
            "month": "2007-03",
            "price": "26.32",
            "revenue": 999200
        },
        "2007-04": {
            "month": "2007-04",
            "price": "29.16",
            "revenue": 1047488
        },
        "2007-05": {
            "month": "2007-05",
            "price": "35.58",
            "revenue": 1054020
        },
        "2007-06": {
            "month": "2007-06",
            "price": "43.89",
            "revenue": 1091765
        },
        "2007-07": {
            "month": "2007-07",
            "price": "45.28",
            "revenue": 1239995
        },
        "2007-08": {
            "month": "2007-08",
            "price": "44.10",
            "revenue": 1363366
        },
        "2007-09": {
            "month": "2007-09",
            "price": "42.98",
            "revenue": 1353242
        },
        "2007-10": {
            "month": "2007-10",
            "price": "44.20",
            "revenue": 1416568
        },
        "2007-11": {
            "month": "2007-11",
            "price": "40.45",
            "revenue": 1295687
        },
        "2007-12": {
            "month": "2007-12",
            "price": "34.62",
            "revenue": 1017766
        },
        "2008-01": {
            "month": "2008-01",
            "price": "26.68",
            "revenue": 1151158
        },
        "2008-02": {
            "month": "2008-02",
            "price": "28.25",
            "revenue": 1010646
        },
        "2008-03": {
            "month": "2008-03",
            "price": "29.91",
            "revenue": 1239891
        },
        "2008-04": {
            "month": "2008-04",
            "price": "35.54",
            "revenue": 1264640
        },
        "2008-05": {
            "month": "2008-05",
            "price": "37.10",
            "revenue": 1324012
        },
        "2008-06": {
            "month": "2008-06",
            "price": "34.08",
            "revenue": 1221087
        },
        "2008-07": {
            "month": "2008-07",
            "price": "29.17",
            "revenue": 1397812
        },
        "2008-08": {
            "month": "2008-08",
            "price": "29.50",
            "revenue": 1402505
        },
        "2008-09": {
            "month": "2008-09",
            "price": "25.38",
            "revenue": 1401264
        },
        "2008-10": {
            "month": "2008-10",
            "price": "19.28",
            "revenue": 1094486
        },
        "2008-11": {
            "month": "2008-11",
            "price": "13.66",
            "revenue": 574998
        },
        "2008-12": {
            "month": "2008-12",
            "price": "11.82",
            "revenue": 498767
        },
        "2009-01": {
            "month": "2009-01",
            "price": "12.27",
            "revenue": 542585
        },
        "2009-02": {
            "month": "2009-02",
            "price": "13.80",
            "revenue": 874067
        },
        "2009-03": {
            "month": "2009-03",
            "price": "16.20",
            "revenue": 1012810
        },
        "2009-04": {
            "month": "2009-04",
            "price": "18.85",
            "revenue": 987805
        },
        "2009-05": {
            "month": "2009-05",
            "price": "20.55",
            "revenue": 991458
        },
        "2009-06": {
            "month": "2009-06",
            "price": "18.53",
            "revenue": 935212
        },
        "2009-07": {
            "month": "2009-07",
            "price": "19.71",
            "revenue": 1100370
        },
        "2009-08": {
            "month": "2009-08",
            "price": "22.66",
            "revenue": 1148315
        },
        "2009-09": {
            "month": "2009-09",
            "price": "26.11",
            "revenue": 1220834
        },
        "2009-10": {
            "month": "2009-10",
            "price": "27.48",
            "revenue": 1090249
        },
        "2009-11": {
            "month": "2009-11",
            "price": "28.27",
            "revenue": 1036500
        },
        "2009-12": {
            "month": "2009-12",
            "price": "30.49",
            "revenue": 1172773
        },
        "2010-01": {
            "month": "2010-01",
            "price": "31.69",
            "revenue": 1397775
        },
        "2010-02": {
            "month": "2010-02",
            "price": "31.04",
            "revenue": 1337359
        },
        "2010-03": {
            "month": "2010-03",
            "price": "36.27",
            "revenue": 1681191
        },
        "2010-04": {
            "month": "2010-04",
            "price": "43.56",
            "revenue": 1831588
        },
        "2010-05": {
            "month": "2010-05",
            "price": "43.41",
            "revenue": 1897043
        },
        "2010-06": {
            "month": "2010-06",
            "price": "39.06",
            "revenue": 1883201
        },
        "2010-07": {
            "month": "2010-07",
            "price": "46.82",
            "revenue": 1772946
        },
        "2010-08": {
            "month": "2010-08",
            "price": "47.71",
            "revenue": 1629987
        },
        "2010-09": {
            "month": "2010-09",
            "price": "44.08",
            "revenue": 1644020
        },
        "2010-10": {
            "month": "2010-10",
            "price": "43.66",
            "revenue": 1674981
        },
        "2010-11": {
            "month": "2010-11",
            "price": "43.88",
            "revenue": 1493687
        },
        "2010-12": {
            "month": "2010-12",
            "price": "45.27",
            "revenue": 1556151
        },
        "2011-01": {
            "month": "2011-01",
            "price": "45.92",
            "revenue": 1749391
        },
        "2011-02": {
            "month": "2011-02",
            "price": "48.44",
            "revenue": 1465571
        },
        "2011-03": {
            "month": "2011-03",
            "price": "46.44",
            "revenue": 1875597
        },
        "2011-04": {
            "month": "2011-04",
            "price": "47.52",
            "revenue": 1738333
        },
        "2011-05": {
            "month": "2011-05",
            "price": "44.76",
            "revenue": 1724465
        },
        "2011-06": {
            "month": "2011-06",
            "price": "42.03",
            "revenue": 1574924
        },
        "2011-07": {
            "month": "2011-07",
            "price": "38.48",
            "revenue": 1705164
        },
        "2011-08": {
            "month": "2011-08",
            "price": "34.83",
            "revenue": 1831405
        },
        "2011-09": {
            "month": "2011-09",
            "price": "33.59",
            "revenue": 1710866
        },
        "2011-10": {
            "month": "2011-10",
            "price": "32.19",
            "revenue": 1547123
        },
        "2011-11": {
            "month": "2011-11",
            "price": "30.23",
            "revenue": 1557485
        },
        "2011-12": {
            "month": "2011-12",
            "price": "26.99",
            "revenue": 1579308
        },
        "2012-01": {
            "month": "2012-01",
            "price": "29.33",
            "revenue": 1312884
        },
        "2012-02": {
            "month": "2012-02",
            "price": "34.77",
            "revenue": 1713544
        },
        "2012-03": {
            "month": "2012-03",
            "price": "35.49",
            "revenue": 1862704
        },
        "2012-04": {
            "month": "2012-04",
            "price": "32.64",
            "revenue": 1720168
        },
        "2012-05": {
            "month": "2012-05",
            "price": "31.84",
            "revenue": 1716048
        },
        "2012-06": {
            "month": "2012-06",
            "price": "31.77",
            "revenue": 1534166
        },
        "2012-07": {
            "month": "2012-07",
            "price": "31.68",
            "revenue": 1640338
        },
        "2012-08": {
            "month": "2012-08",
            "price": "30.16",
            "revenue": 1618447
        },
        "2012-09": {
            "month": "2012-09",
            "price": "30.25",
            "revenue": 1554950
        },
        "2012-10": {
            "month": "2012-10",
            "price": "29.27",
            "revenue": 1598413
        },
        "2012-11": {
            "month": "2012-11",
            "price": "29.95",
            "revenue": 1499042
        },
        "2012-12": {
            "month": "2012-12",
            "price": "29.92",
            "revenue": 1491208
        },
        "2013-01": {
            "month": "2013-01",
            "price": "30.15",
            "revenue": 1746019
        },
        "2013-02": {
            "month": "2013-02",
            "price": "34.29",
            "revenue": 1490765
        },
        "2013-03": {
            "month": "2013-03",
            "price": "33.94",
            "revenue": 1758338
        },
        "2013-04": {
            "month": "2013-04",
            "price": "33.22",
            "revenue": 1760728
        },
        "2013-05": {
            "month": "2013-05",
            "price": "34.54",
            "revenue": 1582983
        },
        "2013-06": {
            "month": "2013-06",
            "price": "33.93",
            "revenue": 1537954
        },
        "2013-07": {
            "month": "2013-07",
            "price": "31.73",
            "revenue": 1605256
        },
        "2013-08": {
            "month": "2013-08",
            "price": "30.82",
            "revenue": 1730045
        },
        "2013-09": {
            "month": "2013-09",
            "price": "30.51",
            "revenue": 1694269
        },
        "2013-10": {
            "month": "2013-10",
            "price": "31.72",
            "revenue": 1587823
        },
        "2013-11": {
            "month": "2013-11",
            "price": "31.01",
            "revenue": 1590784
        },
        "2013-12": {
            "month": "2013-12",
            "price": "30.67",
            "revenue": 1773654
        },
        "2014-01": {
            "month": "2014-01",
            "price": "32.44",
            "revenue": 1708598
        },
        "2014-02": {
            "month": "2014-02",
            "price": "33.29",
            "revenue": 1518560
        },
        "2014-03": {
            "month": "2014-03",
            "price": "34.54",
            "revenue": 1713345
        },
        "2014-04": {
            "month": "2014-04",
            "price": "34.69",
            "revenue": 1762519
        },
        "2014-05": {
            "month": "2014-05",
            "price": "32.41",
            "revenue": 1762906
        },
        "2014-06": {
            "month": "2014-06",
            "price": "32.08",
            "revenue": 1582596
        },
        "2014-07": {
            "month": "2014-07",
            "price": "32.07",
            "revenue": 1701175
        },
        "2014-08": {
            "month": "2014-08",
            "price": "29.32",
            "revenue": 1651654
        },
        "2014-09": {
            "month": "2014-09",
            "price": "26.71",
            "revenue": 1714359
        },
        "2014-10": {
            "month": "2014-10",
            "price": "24.26",
            "revenue": 1679279
        },
        "2014-11": {
            "month": "2014-11",
            "price": "23.48",
            "revenue": 1641975
        },
        "2014-12": {
            "month": "2014-12",
            "price": "23.71",
            "revenue": 1735261
        },
        "2015-01": {
            "month": "2015-01",
            "price": "24.56",
            "revenue": 1765337
        },
        "2015-02": {
            "month": "2015-02",
            "price": "24.90",
            "revenue": 1283717
        },
        "2015-03": {
            "month": "2015-03",
            "price": "24.79",
            "revenue": 1500046
        },
        "2015-04": {
            "month": "2015-04",
            "price": "25.14",
            "revenue": 1486441
        },
        "2015-05": {
            "month": "2015-05",
            "price": "24.30",
            "revenue": 1488995
        },
        "2015-06": {
            "month": "2015-06",
            "price": "21.48",
            "revenue": 1378300
        },
        "2015-07": {
            "month": "2015-07",
            "price": "19.59",
            "revenue": 1622303
        },
        "2015-08": {
            "month": "2015-08",
            "price": "18.58",
            "revenue": 1732380
        },
        "2015-09": {
            "month": "2015-09",
            "price": "20.81",
            "revenue": 1673334
        },
        "2015-10": {
            "month": "2015-10",
            "price": "22.47",
            "revenue": 1629661
        },
        "2015-11": {
            "month": "2015-11",
            "price": "22.19",
            "revenue": 1600483
        },
        "2015-12": {
            "month": "2015-12",
            "price": "21.71",
            "revenue": 1738525
        },
        "2016-01": {
            "month": "2016-01",
            "price": "22.35",
            "revenue": 1711126
        },
        "2016-02": {
            "month": "2016-02",
            "price": "25.46",
            "revenue": 1282586
        },
        "2016-03": {
            "month": "2016-03",
            "price": "27.06",
            "revenue": 1655576
        },
        "2016-04": {
            "month": "2016-04",
            "price": "28.73",
            "revenue": 1548336
        },
        "2016-05": {
            "month": "2016-05",
            "price": "30.09",
            "revenue": 1636193
        },
        "2016-06": {
            "month": "2016-06",
            "price": "31.30",
            "revenue": 1626468
        },
        "2016-07": {
            "month": "2016-07",
            "price": "33.57",
            "revenue": 1641494
        },
        "2016-08": {
            "month": "2016-08",
            "price": "34.75",
            "revenue": 1737168
        },
        "2016-09": {
            "month": "2016-09",
            "price": "33.64",
            "revenue": 1634174
        },
        "2016-10": {
            "month": "2016-10",
            "price": "32.04",
            "revenue": 1693281
        },
        "2016-11": {
            "month": "2016-11",
            "price": "33.00",
            "revenue": 1679294
        },
        "2016-12": {
            "month": "2016-12",
            "price": "33.02",
            "revenue": 1832337
        },
        "2017-01": {
            "month": "2017-01",
            "price": "37.79",
            "revenue": 1527558
        },
        "2017-02": {
            "month": "2017-02",
            "price": "41.35",
            "revenue": 1618001
        },
        "2017-03": {
            "month": "2017-03",
            "price": "43.65",
            "revenue": 1974738
        },
        "2017-04": {
            "month": "2017-04",
            "price": "44.33",
            "revenue": 1737696
        },
        "2017-05": {
            "month": "2017-05",
            "price": "44.64",
            "revenue": 1509261
        },
        "2017-06": {
            "month": "2017-06",
            "price": "43.31",
            "revenue": 1603593
        },
        "2017-07": {
            "month": "2017-07",
            "price": "41.45",
            "revenue": 1706731
        },
        "2017-08": {
            "month": "2017-08",
            "price": "54.51",
            "revenue": 1911978
        },
        "2017-09": {
            "month": "2017-09",
            "price": "58.60",
            "revenue": 1938182
        },
        "2017-10": {
            "month": "2017-10",
            "price": "66.16",
            "revenue": 1806808
        },
        "2017-11": {
            "month": "2017-11",
            "price": "62.45",
            "revenue": 1934502
        },
        "2017-12": {
            "month": "2017-12",
            "price": "64.30",
            "revenue": 1900053
        },
        "2018-01": {
            "month": "2018-01",
            "price": "65.51",
            "revenue": 2080711
        },
        "2018-02": {
            "month": "2018-02",
            "price": "68.49",
            "revenue": 1609645
        },
        "2018-03": {
            "month": "2018-03",
            "price": "71.91",
            "revenue": 2001990
        },
        "2018-04": {
            "month": "2018-04",
            "price": "68.18",
            "revenue": 1943693
        },
        "2018-05": {
            "month": "2018-05",
            "price": "65.10",
            "revenue": 2000070
        },
        "2018-06": {
            "month": "2018-06",
            "price": "70.05",
            "revenue": 1752132
        },
        "2018-07": {
            "month": "2018-07",
            "price": "72.01",
            "revenue": 2000164
        },
        "2018-08": {
            "month": "2018-08",
            "price": "69.34",
            "revenue": 2087490
        },
        "2018-09": {
            "month": "2018-09",
            "price": "62.55",
            "revenue": 1780659
        },
        "2018-10": {
            "month": "2018-10",
            "price": "44.68",
            "revenue": 1680873
        },
        "2018-11": {
            "month": "2018-11",
            "price": "45.23",
            "revenue": 1731293
        },
        "2018-12": {
            "month": "2018-12",
            "price": "50.84",
            "revenue": 1719204
        },
        "2019-01": {
            "month": "2019-01",
            "price": "55.48",
            "revenue": 1906342
        },
        "2019-02": {
            "month": "2019-02",
            "price": "67.88",
            "revenue": 1454327
        },
        "2019-03": {
            "month": "2019-03",
            "price": "77.49",
            "revenue": 1932820
        },
        "2019-04": {
            "month": "2019-04",
            "price": "95.37",
            "revenue": 1968906
        },
        "2019-05": {
            "month": "2019-05",
            "price": "96.90",
            "revenue": 2020380
        },
        "2019-06": {
            "month": "2019-06",
            "price": "99.24",
            "revenue": 1975161
        },
        "2019-07": {
            "month": "2019-07",
            "price": "120.39",
            "revenue": 2115085
        },
        "2019-08": {
            "month": "2019-08",
            "price": "137.95",
            "revenue": 2172880
        },
        "2019-09": {
            "month": "2019-09",
            "price": "155.24",
            "revenue": 2082328
        },
        "2019-10": {
            "month": "2019-10",
            "price": "155.17",
            "revenue": 2129664
        },
        "2019-11": {
            "month": "2019-11",
            "price": "141.64",
            "revenue": 2017713
        },
        "2019-12": {
            "month": "2019-12",
            "price": "133.45",
            "revenue": 2021977
        },
        "2020-01": {
            "month": "2020-01",
            "price": "135.13",
            "revenue": 1608888
        },
        "2020-02": {
            "month": "2020-02",
            "price": "136.84",
            "revenue": 1591747
        },
        "2020-03": {
            "month": "2020-03",
            "price": "133.64",
            "revenue": 2416720
        },
        "2020-04": {
            "month": "2020-04",
            "price": "141.72",
            "revenue": 2429739
        },
        "2020-05": {
            "month": "2020-05",
            "price": "138.02",
            "revenue": 2510213
        },
        "2020-06": {
            "month": "2020-06",
            "price": "145.02",
            "revenue": 2537891
        },
        "2020-07": {
            "month": "2020-07",
            "price": "145.39",
            "revenue": 2118656
        },
        "2020-08": {
            "month": "2020-08",
            "price": "124.21",
            "revenue": 1972193
        },
        "2020-09": {
            "month": "2020-09",
            "price": "125.75",
            "revenue": 2122141
        },
        "2020-10": {
            "month": "2020-10",
            "price": "125.82",
            "revenue": 1966142
        },
        "2020-11": {
            "month": "2020-11",
            "price": "135.24",
            "revenue": 2026881
        },
        "2020-12": {
            "month": "2020-12",
            "price": "136.09",
            "revenue": 2117359
        },
        "2021-01": {
            "month": "2021-01",
            "price": "141.12",
            "revenue": 2490950
        },
        "2021-02": {
            "month": "2021-02",
            "price": "137.88",
            "revenue": 2150481
        },
        "2021-03": {
            "month": "2021-03",
            "price": "136.64",
            "revenue": 2752195
        },
        "2021-04": {
            "month": "2021-04",
            "price": "143.68",
            "revenue": 2689223
        },
        "2021-05": {
            "month": "2021-05",
            "price": "125.50",
            "revenue": 2670958
        },
        "2021-06": {
            "month": "2021-06",
            "price": "133.90",
            "revenue": 2798606
        },
        "2021-07": {
            "month": "2021-07",
            "price": "144.73",
            "revenue": 2951956
        },
        "2021-08": {
            "month": "2021-08",
            "price": "132.02",
            "revenue": 3166757
        },
        "2021-09": {
            "month": "2021-09",
            "price": "146.18",
            "revenue": 2820591
        },
        "2021-10": {
            "month": "2021-10",
            "price": "132.88",
            "revenue": 2678166
        },
        "2021-11": {
            "month": "2021-11",
            "price": "128.57",
            "revenue": 2595260
        },
        "2021-12": {
            "month": "2021-12",
            "price": "130.91",
            "revenue": 2752191
        },
        "2022-01": {
            "month": "2022-01",
            "price": "132.56",
            "revenue": 3097231
        },
        "2022-02": {
            "month": "2022-02",
            "price": "129.93",
            "revenue": 2415718
        },
        "2022-03": {
            "month": "2022-03",
            "price": "121.57",
            "revenue": 2757011
        },
        "2022-04": {
            "month": "2022-04",
            "price": "108.89",
            "revenue": 2665121
        },
        "2022-05": {
            "month": "2022-05",
            "price": "101.68",
            "revenue": 2451020
        },
        "2022-06": {
            "month": "2022-06",
            "price": "92.24",
            "revenue": 2531425
        },
        "2022-07": {
            "month": "2022-07",
            "price": "72.02",
            "revenue": 2203124
        },
        "2022-08": {
            "month": "2022-08",
            "price": "66.37",
            "revenue": 2055410
        },
        "2022-09": {
            "month": "2022-09",
            "price": "66.33",
            "revenue": 2092450
        },
        "2022-10": {
            "month": "2022-10",
            "price": "55.76",
            "revenue": 2099872
        },
        "2022-11": {
            "month": "2022-11",
            "price": "70.93",
            "revenue": 2411035
        },
        "2022-12": {
            "month": "2022-12",
            "price": "74.19",
            "revenue": 2346873
        },
        "2023-01": {
            "month": "2023-01",
            "price": "75.04",
            "revenue": 1956474
        },
        "2023-02": {
            "month": "2023-02",
            "price": "78.29",
            "revenue": 2063298
        },
        "2023-03": {
            "month": "2023-03",
            "price": "76.27",
            "revenue": 2238666
        },
        "2023-04": {
            "month": "2023-04",
            "price": "74.64",
            "revenue": 1929402
        }
    }
}
