{
    "summary": {
        "stock_name": "精誠",
        "stock_id": "6214",
        "category": "資訊服務",
        "main_business": "資訊軟體服務業、電子資訊供應服務業<br>資料處理服務業、電腦及事務性機器設備零售業<br>資訊軟體零售業",
        "website_url": "http://www.systex.com",
        "ceo": "林隆奮",
        "pe_ratio": 24,
        "report_year_from": 2001,
        "report_year_to": 2023,
        "age": 22,
        "eps_negative_percentage": 5,
        "eps_growth_avg": {
            "last_all": -2.75,
            "last_2y": -15.22,
            "last_4y": 2.89,
            "last_8y": 8.82,
            "last_12y": 12.89,
            "last_16y": 2.35,
            "last_20y": null,
            "at_2006_last_3y": -25.01,
            "at_2007_last_3y": -19.95,
            "at_2008_last_3y": -41.22,
            "at_2009_last_3y": -43.31,
            "at_2010_last_3y": -48.54,
            "at_2011_last_3y": -70.6,
            "at_2012_last_3y": -3.93,
            "at_2013_last_3y": 22.05,
            "at_2014_last_3y": 25.46,
            "at_2015_last_3y": 40.71,
            "at_2016_last_3y": 39.73,
            "at_2017_last_3y": 16.23,
            "at_2018_last_3y": 16.69,
            "at_2019_last_3y": 40.54,
            "at_2020_last_3y": 14.5,
            "at_2021_last_3y": 6.26,
            "at_2022_last_3y": 6.22,
            "at_2023_last_3y": 6.22,
            "at_2006_last_all": -25.01,
            "at_2007_last_all": -23.95,
            "at_2008_last_all": -36.62,
            "at_2009_last_all": -36.62,
            "at_2010_last_all": -35.1,
            "at_2011_last_all": -41.44,
            "at_2012_last_all": -25.72,
            "at_2013_last_all": -13.15,
            "at_2014_last_all": -13.08,
            "at_2015_last_all": -14.06,
            "at_2016_last_all": -5.58,
            "at_2017_last_all": -4.76,
            "at_2018_last_all": -5.14,
            "at_2019_last_all": -0.41,
            "at_2020_last_all": -0.86,
            "at_2021_last_all": -2.31,
            "at_2022_last_all": -2.75,
            "at_2023_last_all": -2.75
        },
        "latest_eps": 4.91,
        "latest_price": 117,
        "latest_roe": 8.86,
        "latest_gross_margin": 22.86,
        "latest_equity": 15091106,
        "latest_revenue": 8228720,
        "latest_gross_profit": 1880976,
        "latest_net_income": 486146,
        "latest_debt_ratio": 46.31,
        "latest_current_ratio": 208.8,
        "latest_account_receivable_turnover_ratio": 1.48,
        "latest_inventory_turnover_ratio": 1.39,
        "latest_reinvestment_rate": 22.78,
        "latest_research_to_sale_ratio": 1.41
    },
    "eps_dividends": {
        "2000": {
            "cash": 0,
            "stock": 1.5,
            "eps": 0
        },
        "2001": {
            "cash": 0,
            "stock": 0,
            "eps": 0
        },
        "2002": {
            "cash": 1,
            "stock": 1,
            "eps": 12.6
        },
        "2003": {
            "cash": 1,
            "stock": 3,
            "eps": 7.57
        },
        "2004": {
            "cash": 2,
            "stock": 1,
            "eps": 6.44
        },
        "2005": {
            "cash": 0.75,
            "stock": 1.25,
            "eps": 4.19
        },
        "2006": {
            "cash": 2,
            "stock": 0.5,
            "eps": 3.76
        },
        "2007": {
            "cash": 1,
            "stock": 0,
            "eps": 3.02
        },
        "2008": {
            "cash": 1,
            "stock": 0,
            "eps": -2.67
        },
        "2009": {
            "cash": 0,
            "stock": 0,
            "eps": 5.82
        },
        "2010": {
            "cash": 2,
            "stock": 0,
            "eps": 4.31
        },
        "2011": {
            "cash": 4,
            "stock": 0,
            "eps": 0.61
        },
        "2012": {
            "cash": 0,
            "stock": 0,
            "eps": 1.28
        },
        "2013": {
            "cash": 2,
            "stock": 0,
            "eps": 3.49
        },
        "2014": {
            "cash": 3,
            "stock": 0,
            "eps": 3.06
        },
        "2015": {
            "cash": 5,
            "stock": 0,
            "eps": 2.3
        },
        "2016": {
            "cash": 5,
            "stock": 0,
            "eps": 4.51
        },
        "2017": {
            "cash": 5,
            "stock": 0,
            "eps": 4.78
        },
        "2018": {
            "cash": 5,
            "stock": 0,
            "eps": 4.28
        },
        "2019": {
            "cash": 5,
            "stock": 0,
            "eps": 7.3
        },
        "2020": {
            "cash": 5,
            "stock": 0,
            "eps": 6.71
        },
        "2021": {
            "cash": 5,
            "stock": 0,
            "eps": 4.9
        },
        "2022": {
            "cash": 5,
            "stock": 0,
            "eps": 4.38
        },
        "2023": {
            "cash": 5,
            "stock": 0,
            "eps": 1.84
        }
    },
    "dividends": {
        "2000-04-18": {
            "cash": 0,
            "stock": 1.5
        },
        "2002-03-28": {
            "cash": 1,
            "stock": 1
        },
        "2003-01-28": {
            "cash": 1,
            "stock": 3
        },
        "2004-04-28": {
            "cash": 2,
            "stock": 1
        },
        "2005-03-01": {
            "cash": 0.75,
            "stock": 1.25
        },
        "2006-03-14": {
            "cash": 2,
            "stock": 0.5
        },
        "2007-03-19": {
            "cash": 1,
            "stock": 0
        },
        "2008-03-20": {
            "cash": 1,
            "stock": 0
        },
        "2010-03-19": {
            "cash": 2,
            "stock": 0
        },
        "2011-01-01": {
            "cash": 2,
            "stock": 0
        },
        "2011-03-24": {
            "cash": 2,
            "stock": 0
        },
        "2013-03-21": {
            "cash": 2,
            "stock": 0
        },
        "2014-06-20": {
            "cash": 3,
            "stock": 0
        },
        "2015-07-24": {
            "cash": 5,
            "stock": 0
        },
        "2016-07-27": {
            "cash": 5,
            "stock": 0
        },
        "2017-07-26": {
            "cash": 5,
            "stock": 0
        },
        "2018-07-27": {
            "cash": 5,
            "stock": 0
        },
        "2019-07-25": {
            "cash": 5,
            "stock": 0
        },
        "2020-07-24": {
            "cash": 5,
            "stock": 0
        },
        "2021-07-29": {
            "cash": 5,
            "stock": 0
        },
        "2022-07-08": {
            "cash": 5,
            "stock": 0
        },
        "2023-07-07": {
            "cash": 5,
            "stock": 0
        }
    },
    "prices": {
        "200101": "無",
        "200102": "無",
        "200103": "無",
        "200104": "無",
        "200105": "無",
        "200106": "無",
        "200107": "無",
        "200108": "無",
        "200109": "無",
        "200110": "無",
        "200111": "無",
        "200112": "無",
        "200201": "無",
        "200202": "無",
        "200203": "無",
        "200204": "無",
        "200205": "無",
        "200206": "無",
        "200207": "無",
        "200208": "無",
        "200209": "無",
        "200210": "無",
        "200211": "無",
        "200212": "無",
        "200301": "61.62",
        "200302": "63.25",
        "200303": "59.14",
        "200304": "59.32",
        "200305": "58.24",
        "200306": "64.68",
        "200307": "59.85",
        "200308": "61.45",
        "200309": "64.43",
        "200310": "67.68",
        "200311": "63.38",
        "200312": "61.72",
        "200401": "61.77",
        "200402": "64.45",
        "200403": "59.13",
        "200404": "55.91",
        "200405": "48.51",
        "200406": "45.37",
        "200407": "37.49",
        "200408": "31.85",
        "200409": "40.70",
        "200410": "38.14",
        "200411": "38.11",
        "200412": "37.29",
        "200501": "36.07",
        "200502": "38.73",
        "200503": "38.58",
        "200504": "37.20",
        "200505": "35.61",
        "200506": "36.48",
        "200507": "35.28",
        "200508": "34.76",
        "200509": "35.27",
        "200510": "35.72",
        "200511": "33.35",
        "200512": "36.85",
        "200601": "36.25",
        "200602": "33.55",
        "200603": "29.68",
        "200604": "30.74",
        "200605": "32.14",
        "200606": "30.32",
        "200607": "30.59",
        "200608": "28.10",
        "200609": "27.51",
        "200610": "28.07",
        "200611": "29.16",
        "200612": "36.60",
        "200701": "35.47",
        "200702": "34.76",
        "200703": "32.73",
        "200704": "36.24",
        "200705": "34.83",
        "200706": "39.46",
        "200707": "44.70",
        "200708": "43.31",
        "200709": "43.74",
        "200710": "43.02",
        "200711": "36.56",
        "200712": "32.07",
        "200801": "29.98",
        "200802": "31.18",
        "200803": "31.24",
        "200804": "32.23",
        "200805": "32.45",
        "200806": "28.66",
        "200807": "25.28",
        "200808": "26.02",
        "200809": "22.46",
        "200810": "18.71",
        "200811": "18.29",
        "200812": "18.72",
        "200901": "17.68",
        "200902": "17.88",
        "200903": "19.31",
        "200904": "20.54",
        "200905": "27.72",
        "200906": "28.32",
        "200907": "31.30",
        "200908": "31.04",
        "200909": "38.71",
        "200910": "40.25",
        "200911": "42.74",
        "200912": "47.01",
        "201001": "47.51",
        "201002": "40.47",
        "201003": "47.34",
        "201004": "49.27",
        "201005": "43.07",
        "201006": "43.08",
        "201007": "46.24",
        "201008": "44.11",
        "201009": "40.61",
        "201010": "43.27",
        "201011": "41.07",
        "201012": "46.30",
        "201101": "45.24",
        "201102": "41.51",
        "201103": "40.18",
        "201104": "42.21",
        "201105": "41.37",
        "201106": "41.48",
        "201107": "39.94",
        "201108": "35.52",
        "201109": "35.17",
        "201110": "34.56",
        "201111": "31.46",
        "201112": "31.37",
        "201201": "31.10",
        "201202": "33.54",
        "201203": "32.87",
        "201204": "31.18",
        "201205": "31.00",
        "201206": "30.13",
        "201207": "29.49",
        "201208": "30.28",
        "201209": "30.65",
        "201210": "32.80",
        "201211": "31.00",
        "201212": "32.26",
        "201301": "33.90",
        "201302": "34.87",
        "201303": "36.07",
        "201304": "35.14",
        "201305": "35.81",
        "201306": "36.03",
        "201307": "35.72",
        "201308": "42.57",
        "201309": "48.22",
        "201310": "55.00",
        "201311": "55.16",
        "201312": "66.29",
        "201401": "67.91",
        "201402": "66.99",
        "201403": "70.52",
        "201404": "67.70",
        "201405": "57.24",
        "201406": "58.10",
        "201407": "53.37",
        "201408": "48.03",
        "201409": "55.20",
        "201410": "53.17",
        "201411": "53.50",
        "201412": "56.75",
        "201501": "59.56",
        "201502": "56.13",
        "201503": "55.73",
        "201504": "58.36",
        "201505": "63.23",
        "201506": "76.14",
        "201507": "60.31",
        "201508": "51.57",
        "201509": "53.92",
        "201510": "59.40",
        "201511": "60.09",
        "201512": "54.71",
        "201601": "50.08",
        "201602": "52.33",
        "201603": "56.80",
        "201604": "56.81",
        "201605": "52.76",
        "201606": "55.41",
        "201607": "54.88",
        "201608": "51.96",
        "201609": "51.56",
        "201610": "53.06",
        "201611": "53.37",
        "201612": "57.44",
        "201701": "58.96",
        "201702": "61.41",
        "201703": "65.52",
        "201704": "61.79",
        "201705": "61.76",
        "201706": "63.73",
        "201707": "60.70",
        "201708": "57.77",
        "201709": "58.08",
        "201710": "58.37",
        "201711": "59.24",
        "201712": "58.64",
        "201801": "60.27",
        "201802": "59.22",
        "201803": "61.50",
        "201804": "63.65",
        "201805": "64.35",
        "201806": "66.42",
        "201807": "63.78",
        "201808": "63.21",
        "201809": "64.45",
        "201810": "62.25",
        "201811": "62.44",
        "201812": "61.68",
        "201901": "62.96",
        "201902": "65.08",
        "201903": "66.25",
        "201904": "67.58",
        "201905": "71.94",
        "201906": "74.65",
        "201907": "74.38",
        "201908": "72.75",
        "201909": "73.04",
        "201910": "73.18",
        "201911": "75.28",
        "201912": "74.90",
        "202001": "76.88",
        "202002": "80.15",
        "202003": "75.29",
        "202004": "77.97",
        "202005": "79.08",
        "202006": "80.46",
        "202007": "83.20",
        "202008": "83.70",
        "202009": "83.70",
        "202010": "81.96",
        "202011": "82.96",
        "202012": "86.31",
        "202101": "85.99",
        "202102": "85.34",
        "202103": "87.00",
        "202104": "89.19",
        "202105": "87.72",
        "202106": "88.37",
        "202107": "88.65",
        "202108": "85.87",
        "202109": "86.55",
        "202110": "86.44",
        "202111": "86.57",
        "202112": "84.78",
        "202201": "84.78",
        "202202": "83.70",
        "202203": "81.29",
        "202204": "80.96",
        "202205": "78.21",
        "202206": "75.90",
        "202207": "72.14",
        "202208": "72.72",
        "202209": "71.12",
        "202210": "66.30",
        "202211": "67.12",
        "202212": "69.70",
        "202301": "72.28",
        "202302": "75.23",
        "202303": "77.26",
        "202304": "80.20",
        "202305": "92.97",
        "202306": "105.23"
    },
    "quarters": {
        "20011": {
            "year_quarter": 20011,
            "year": 2001,
            "quarter": 1,
            "eps": null,
            "eps_growth_year": null,
            "eps_4q": null,
            "eps_4q_growth_year": null,
            "roe": null,
            "roe_4q": 0,
            "gross_profit": null,
            "gross_margin": null,
            "gross_margin_4q_avg": 0,
            "net_income": null,
            "revenue": null,
            "common_shares": null,
            "book_valuer_per_share": null,
            "book_valuer_per_share_4q_avg": 0,
            "equity": null,
            "current_ratio": null,
            "debt_ratio": null,
            "inventory_turnover_ratio": null,
            "account_receivable_turnover_ratio": null,
            "reinvestment_rate": null,
            "research_to_sale_ratio": null,
            "price_fair": 0,
            "eps_avg_yearly": 0,
            "eps_latest_yearly": 0,
            "eps_growth_yearly": 0
        },
        "20012": {
            "year_quarter": 20012,
            "year": 2001,
            "quarter": 2,
            "eps": null,
            "eps_growth_year": null,
            "eps_4q": null,
            "eps_4q_growth_year": null,
            "roe": null,
            "roe_4q": 0,
            "gross_profit": null,
            "gross_margin": null,
            "gross_margin_4q_avg": 0,
            "net_income": null,
            "revenue": null,
            "common_shares": null,
            "book_valuer_per_share": null,
            "book_valuer_per_share_4q_avg": 0,
            "equity": null,
            "current_ratio": null,
            "debt_ratio": null,
            "inventory_turnover_ratio": null,
            "account_receivable_turnover_ratio": null,
            "reinvestment_rate": null,
            "research_to_sale_ratio": null,
            "price_fair": 0,
            "eps_avg_yearly": 0,
            "eps_latest_yearly": 0,
            "eps_growth_yearly": 0
        },
        "20013": {
            "year_quarter": 20013,
            "year": 2001,
            "quarter": 3,
            "eps": null,
            "eps_growth_year": null,
            "eps_4q": null,
            "eps_4q_growth_year": null,
            "roe": null,
            "roe_4q": 0,
            "gross_profit": null,
            "gross_margin": null,
            "gross_margin_4q_avg": 0,
            "net_income": null,
            "revenue": null,
            "common_shares": null,
            "book_valuer_per_share": null,
            "book_valuer_per_share_4q_avg": 0,
            "equity": null,
            "current_ratio": null,
            "debt_ratio": null,
            "inventory_turnover_ratio": null,
            "account_receivable_turnover_ratio": null,
            "reinvestment_rate": null,
            "research_to_sale_ratio": null,
            "price_fair": 0,
            "eps_avg_yearly": 0,
            "eps_latest_yearly": 0,
            "eps_growth_yearly": 0
        },
        "20014": {
            "year_quarter": 20014,
            "year": 2001,
            "quarter": 4,
            "eps": null,
            "eps_growth_year": null,
            "eps_4q": null,
            "eps_4q_growth_year": null,
            "roe": null,
            "roe_4q": 0,
            "gross_profit": null,
            "gross_margin": null,
            "gross_margin_4q_avg": 0,
            "net_income": null,
            "revenue": null,
            "common_shares": 324645,
            "book_valuer_per_share": 51.22,
            "book_valuer_per_share_4q_avg": 12.81,
            "equity": 1662936,
            "current_ratio": 563.44,
            "debt_ratio": 14.97,
            "inventory_turnover_ratio": null,
            "account_receivable_turnover_ratio": null,
            "reinvestment_rate": null,
            "research_to_sale_ratio": null,
            "price_fair": 0,
            "eps_avg_yearly": 0,
            "eps_latest_yearly": 0,
            "eps_growth_yearly": 0
        },
        "20021": {
            "year_quarter": 20021,
            "year": 2002,
            "quarter": 1,
            "eps": 0.23,
            "eps_growth_year": null,
            "eps_4q": null,
            "eps_4q_growth_year": null,
            "roe": 0.52,
            "roe_4q": 0.52,
            "gross_profit": 70404,
            "gross_margin": 30.97,
            "gross_margin_4q_avg": 7.74,
            "net_income": 8553,
            "revenue": 227361,
            "common_shares": 324645,
            "book_valuer_per_share": 51,
            "book_valuer_per_share_4q_avg": 25.56,
            "equity": 1655814,
            "current_ratio": 353.84,
            "debt_ratio": 13.29,
            "inventory_turnover_ratio": 1.8,
            "account_receivable_turnover_ratio": null,
            "reinvestment_rate": null,
            "research_to_sale_ratio": null,
            "price_fair": 0,
            "eps_avg_yearly": 0,
            "eps_latest_yearly": 0,
            "eps_growth_yearly": 0
        },
        "20022": {
            "year_quarter": 20022,
            "year": 2002,
            "quarter": 2,
            "eps": 0.78,
            "eps_growth_year": null,
            "eps_4q": null,
            "eps_4q_growth_year": null,
            "roe": 1.49,
            "roe_4q": 2.01,
            "gross_profit": 94135,
            "gross_margin": 31.15,
            "gross_margin_4q_avg": 15.53,
            "net_income": 24775,
            "revenue": 302190,
            "common_shares": 324645,
            "book_valuer_per_share": 51.24,
            "book_valuer_per_share_4q_avg": 38.37,
            "equity": 1663567,
            "current_ratio": 288.4,
            "debt_ratio": 17.15,
            "inventory_turnover_ratio": 2.08,
            "account_receivable_turnover_ratio": null,
            "reinvestment_rate": null,
            "research_to_sale_ratio": null,
            "price_fair": 109.2,
            "eps_avg_yearly": 3.12,
            "eps_latest_yearly": 3.12,
            "eps_growth_yearly": 956.52
        },
        "20023": {
            "year_quarter": 20023,
            "year": 2002,
            "quarter": 3,
            "eps": 6.64,
            "eps_growth_year": null,
            "eps_4q": null,
            "eps_4q_growth_year": null,
            "roe": 12.15,
            "roe_4q": 14.16,
            "gross_profit": 92354,
            "gross_margin": 32.53,
            "gross_margin_4q_avg": 23.66,
            "net_income": 211261,
            "revenue": 283886,
            "common_shares": 324645,
            "book_valuer_per_share": 55.91,
            "book_valuer_per_share_4q_avg": 52.34,
            "equity": 1814952,
            "current_ratio": 358.34,
            "debt_ratio": 13.1,
            "inventory_turnover_ratio": 1.86,
            "account_receivable_turnover_ratio": null,
            "reinvestment_rate": null,
            "research_to_sale_ratio": null,
            "price_fair": 519.4,
            "eps_avg_yearly": 14.84,
            "eps_latest_yearly": 26.56,
            "eps_growth_yearly": 1980.82
        },
        "20024": {
            "year_quarter": 20024,
            "year": 2002,
            "quarter": 4,
            "eps": 4.95,
            "eps_growth_year": null,
            "eps_4q": 11.52,
            "eps_4q_growth_year": null,
            "roe": 9.9,
            "roe_4q": 24.06,
            "gross_profit": 88514,
            "gross_margin": 26.4,
            "gross_margin_4q_avg": 30.26,
            "net_income": 184333,
            "revenue": 335251,
            "common_shares": 372310,
            "book_valuer_per_share": 51.25,
            "book_valuer_per_share_4q_avg": 52.35,
            "equity": 1908163,
            "current_ratio": 385.7,
            "debt_ratio": 23.36,
            "inventory_turnover_ratio": 2.21,
            "account_receivable_turnover_ratio": null,
            "reinvestment_rate": null,
            "research_to_sale_ratio": null,
            "price_fair": 577.27,
            "eps_avg_yearly": 16.49,
            "eps_latest_yearly": 19.8,
            "eps_growth_yearly": 1286.61
        },
        "20031": {
            "year_quarter": 20031,
            "year": 2003,
            "quarter": 1,
            "eps": 2.19,
            "eps_growth_year": 852.17,
            "eps_4q": 13.49,
            "eps_4q_growth_year": null,
            "roe": 4.2,
            "roe_4q": 27.74,
            "gross_profit": 92209,
            "gross_margin": 27.32,
            "gross_margin_4q_avg": 29.35,
            "net_income": 81448,
            "revenue": 337513,
            "common_shares": 372310,
            "book_valuer_per_share": 52.96,
            "book_valuer_per_share_4q_avg": 52.84,
            "equity": 1971699,
            "current_ratio": 340.58,
            "debt_ratio": 12.89,
            "inventory_turnover_ratio": 2.3,
            "account_receivable_turnover_ratio": null,
            "reinvestment_rate": null,
            "research_to_sale_ratio": null,
            "price_fair": 509.6,
            "eps_avg_yearly": 14.56,
            "eps_latest_yearly": 8.76,
            "eps_growth_yearly": 909.2
        },
        "20032": {
            "year_quarter": 20032,
            "year": 2003,
            "quarter": 2,
            "eps": 4.77,
            "eps_growth_year": 511.54,
            "eps_4q": 14.34,
            "eps_4q_growth_year": null,
            "roe": 11.74,
            "roe_4q": 37.99,
            "gross_profit": 99942,
            "gross_margin": 33.08,
            "gross_margin_4q_avg": 29.83,
            "net_income": 237780,
            "revenue": 302085,
            "common_shares": 499003,
            "book_valuer_per_share": 41.68,
            "book_valuer_per_share_4q_avg": 50.45,
            "equity": 2079922,
            "current_ratio": 267.43,
            "debt_ratio": 15,
            "inventory_turnover_ratio": 1.88,
            "account_receivable_turnover_ratio": null,
            "reinvestment_rate": null,
            "research_to_sale_ratio": null,
            "price_fair": 541.24,
            "eps_avg_yearly": 15.46,
            "eps_latest_yearly": 19.08,
            "eps_growth_yearly": 821.61
        },
        "20033": {
            "year_quarter": 20033,
            "year": 2003,
            "quarter": 3,
            "eps": -0.11,
            "eps_growth_year": -101.66,
            "eps_4q": 9.98,
            "eps_4q_growth_year": null,
            "roe": -0.28,
            "roe_4q": 25.560000000000002,
            "gross_profit": 114093,
            "gross_margin": 30.5,
            "gross_margin_4q_avg": 29.33,
            "net_income": -5734,
            "revenue": 374058,
            "common_shares": 499003,
            "book_valuer_per_share": 40.91,
            "book_valuer_per_share_4q_avg": 46.7,
            "equity": 2041319,
            "current_ratio": 285.15,
            "debt_ratio": 14.05,
            "inventory_turnover_ratio": 2.11,
            "account_receivable_turnover_ratio": null,
            "reinvestment_rate": null,
            "research_to_sale_ratio": null,
            "price_fair": 541.24,
            "eps_avg_yearly": 15.46,
            "eps_latest_yearly": 19.08,
            "eps_growth_yearly": 821.61
        },
        "20034": {
            "year_quarter": 20034,
            "year": 2003,
            "quarter": 4,
            "eps": 0.72,
            "eps_growth_year": -85.45,
            "eps_4q": 6.99,
            "eps_4q_growth_year": -39.27,
            "roe": 1.75,
            "roe_4q": 17.41,
            "gross_profit": 114198,
            "gross_margin": 26.52,
            "gross_margin_4q_avg": 29.36,
            "net_income": 35974,
            "revenue": 430628,
            "common_shares": 499003,
            "book_valuer_per_share": 41.68,
            "book_valuer_per_share_4q_avg": 44.31,
            "equity": 2079609,
            "current_ratio": 503.27,
            "debt_ratio": 17.28,
            "inventory_turnover_ratio": 2.11,
            "account_receivable_turnover_ratio": null,
            "reinvestment_rate": null,
            "research_to_sale_ratio": null,
            "price_fair": 541.24,
            "eps_avg_yearly": 15.46,
            "eps_latest_yearly": 19.08,
            "eps_growth_yearly": 821.61
        },
        "20041": {
            "year_quarter": 20041,
            "year": 2004,
            "quarter": 1,
            "eps": 2.8,
            "eps_growth_year": 27.85,
            "eps_4q": 8.17,
            "eps_4q_growth_year": -39.45,
            "roe": 6.58,
            "roe_4q": 19.79,
            "gross_profit": 136745,
            "gross_margin": 28.67,
            "gross_margin_4q_avg": 29.69,
            "net_income": 139748,
            "revenue": 476972,
            "common_shares": 499003,
            "book_valuer_per_share": 43.43,
            "book_valuer_per_share_4q_avg": 41.93,
            "equity": 2167005,
            "current_ratio": 252.64,
            "debt_ratio": 15.58,
            "inventory_turnover_ratio": 1.82,
            "account_receivable_turnover_ratio": null,
            "reinvestment_rate": null,
            "research_to_sale_ratio": null,
            "price_fair": 516.37,
            "eps_avg_yearly": 14.75,
            "eps_latest_yearly": 11.2,
            "eps_growth_yearly": 877.27
        },
        "20042": {
            "year_quarter": 20042,
            "year": 2004,
            "quarter": 2,
            "eps": 3.12,
            "eps_growth_year": -34.59,
            "eps_4q": 6.51,
            "eps_4q_growth_year": -54.63,
            "roe": 6.62,
            "roe_4q": 14.67,
            "gross_profit": 179876,
            "gross_margin": 35.44,
            "gross_margin_4q_avg": 30.28,
            "net_income": 156633,
            "revenue": 507571,
            "common_shares": 600503,
            "book_valuer_per_share": 42.71,
            "book_valuer_per_share_4q_avg": 42.18,
            "equity": 2564535,
            "current_ratio": 185.74,
            "debt_ratio": 18.53,
            "inventory_turnover_ratio": 1.63,
            "account_receivable_turnover_ratio": null,
            "reinvestment_rate": null,
            "research_to_sale_ratio": null,
            "price_fair": 505,
            "eps_avg_yearly": 14.43,
            "eps_latest_yearly": 12.48,
            "eps_growth_yearly": 758.47
        },
        "20043": {
            "year_quarter": 20043,
            "year": 2004,
            "quarter": 3,
            "eps": 1.11,
            "eps_growth_year": null,
            "eps_4q": 6.44,
            "eps_4q_growth_year": -35.4,
            "roe": 2.67,
            "roe_4q": 17.619999999999997,
            "gross_profit": 135868,
            "gross_margin": 34.64,
            "gross_margin_4q_avg": 31.32,
            "net_income": 69151,
            "revenue": 392183,
            "common_shares": 688767,
            "book_valuer_per_share": 37.94,
            "book_valuer_per_share_4q_avg": 41.44,
            "equity": 2613500,
            "current_ratio": 238.14,
            "debt_ratio": 17.78,
            "inventory_turnover_ratio": 1.09,
            "account_receivable_turnover_ratio": null,
            "reinvestment_rate": null,
            "research_to_sale_ratio": null,
            "price_fair": 461.3,
            "eps_avg_yearly": 13.18,
            "eps_latest_yearly": 4.44,
            "eps_growth_yearly": 631.45
        },
        "20044": {
            "year_quarter": 20044,
            "year": 2004,
            "quarter": 4,
            "eps": -0.59,
            "eps_growth_year": -181.94,
            "eps_4q": 5.16,
            "eps_4q_growth_year": -26.23,
            "roe": -1.47,
            "roe_4q": 14.4,
            "gross_profit": 120382,
            "gross_margin": 31.59,
            "gross_margin_4q_avg": 32.59,
            "net_income": -37743,
            "revenue": 381038,
            "common_shares": 688767,
            "book_valuer_per_share": 36.43,
            "book_valuer_per_share_4q_avg": 40.13,
            "equity": 2508951,
            "current_ratio": 310.34,
            "debt_ratio": 25.75,
            "inventory_turnover_ratio": 0.97,
            "account_receivable_turnover_ratio": null,
            "reinvestment_rate": null,
            "research_to_sale_ratio": null,
            "price_fair": 461.3,
            "eps_avg_yearly": 13.18,
            "eps_latest_yearly": 4.44,
            "eps_growth_yearly": 631.45
        },
        "20051": {
            "year_quarter": 20051,
            "year": 2005,
            "quarter": 1,
            "eps": 1.28,
            "eps_growth_year": -54.29,
            "eps_4q": 4.02,
            "eps_4q_growth_year": -50.85,
            "roe": 3.45,
            "roe_4q": 11.27,
            "gross_profit": 188173,
            "gross_margin": 26.03,
            "gross_margin_4q_avg": 31.93,
            "net_income": 87997,
            "revenue": 722966,
            "common_shares": 688767,
            "book_valuer_per_share": 37.58,
            "book_valuer_per_share_4q_avg": 38.67,
            "equity": 2588612,
            "current_ratio": 202.05,
            "debt_ratio": 22.28,
            "inventory_turnover_ratio": 1.86,
            "account_receivable_turnover_ratio": null,
            "reinvestment_rate": null,
            "research_to_sale_ratio": null,
            "price_fair": 461.3,
            "eps_avg_yearly": 13.18,
            "eps_latest_yearly": 4.44,
            "eps_growth_yearly": 631.45
        },
        "20052": {
            "year_quarter": 20052,
            "year": 2005,
            "quarter": 2,
            "eps": 1.12,
            "eps_growth_year": -64.1,
            "eps_4q": 2.64,
            "eps_4q_growth_year": -59.49,
            "roe": 3.41,
            "roe_4q": 8.06,
            "gross_profit": 253181,
            "gross_margin": 28.6,
            "gross_margin_4q_avg": 30.22,
            "net_income": 88238,
            "revenue": 885299,
            "common_shares": 688767,
            "book_valuer_per_share": 37.6,
            "book_valuer_per_share_4q_avg": 37.39,
            "equity": 2589664,
            "current_ratio": 169.67,
            "debt_ratio": 31.71,
            "inventory_turnover_ratio": 2,
            "account_receivable_turnover_ratio": null,
            "reinvestment_rate": null,
            "research_to_sale_ratio": null,
            "price_fair": 427.47,
            "eps_avg_yearly": 12.21,
            "eps_latest_yearly": 4.48,
            "eps_growth_yearly": 555.74
        },
        "20053": {
            "year_quarter": 20053,
            "year": 2005,
            "quarter": 3,
            "eps": 0.94,
            "eps_growth_year": -15.32,
            "eps_4q": 2.7,
            "eps_4q_growth_year": -58.13,
            "roe": 2.79,
            "roe_4q": 8.18,
            "gross_profit": 230854,
            "gross_margin": 24.9,
            "gross_margin_4q_avg": 27.78,
            "net_income": 74022,
            "revenue": 927105,
            "common_shares": 784863,
            "book_valuer_per_share": 34.7,
            "book_valuer_per_share_4q_avg": 36.58,
            "equity": 2723656,
            "current_ratio": 166.89,
            "debt_ratio": 30.36,
            "inventory_turnover_ratio": 2.22,
            "account_receivable_turnover_ratio": null,
            "reinvestment_rate": null,
            "research_to_sale_ratio": null,
            "price_fair": 397.88,
            "eps_avg_yearly": 11.37,
            "eps_latest_yearly": 3.76,
            "eps_growth_yearly": 493.73
        },
        "20054": {
            "year_quarter": 20054,
            "year": 2005,
            "quarter": 4,
            "eps": 0.85,
            "eps_growth_year": null,
            "eps_4q": 4.04,
            "eps_4q_growth_year": -21.77,
            "roe": 2.43,
            "roe_4q": 12.080000000000002,
            "gross_profit": 249769,
            "gross_margin": 28.66,
            "gross_margin_4q_avg": 27.05,
            "net_income": 66757,
            "revenue": 871443,
            "common_shares": 784863,
            "book_valuer_per_share": 35.43,
            "book_valuer_per_share_4q_avg": 36.33,
            "equity": 2780480,
            "current_ratio": 318.85,
            "debt_ratio": 27.72,
            "inventory_turnover_ratio": 1.95,
            "account_receivable_turnover_ratio": null,
            "reinvestment_rate": 10.7,
            "research_to_sale_ratio": null,
            "price_fair": 372.53,
            "eps_avg_yearly": 10.64,
            "eps_latest_yearly": 3.4,
            "eps_growth_yearly": 445.37
        },
        "20061": {
            "year_quarter": 20061,
            "year": 2006,
            "quarter": 1,
            "eps": 1.34,
            "eps_growth_year": 4.69,
            "eps_4q": 4.26,
            "eps_4q_growth_year": 6.11,
            "roe": 3.45,
            "roe_4q": 12.080000000000002,
            "gross_profit": 241035,
            "gross_margin": 26.92,
            "gross_margin_4q_avg": 27.27,
            "net_income": 105082,
            "revenue": 895324,
            "common_shares": 784863,
            "book_valuer_per_share": 42.1,
            "book_valuer_per_share_4q_avg": 37.46,
            "equity": 3304307,
            "current_ratio": 200.12,
            "debt_ratio": 23.2,
            "inventory_turnover_ratio": 1.95,
            "account_receivable_turnover_ratio": null,
            "reinvestment_rate": 9.56,
            "research_to_sale_ratio": null,
            "price_fair": 357.12,
            "eps_avg_yearly": 10.2,
            "eps_latest_yearly": 5.36,
            "eps_growth_yearly": 427.47
        },
        "20062": {
            "year_quarter": 20062,
            "year": 2006,
            "quarter": 2,
            "eps": 0.94,
            "eps_growth_year": -16.07,
            "eps_4q": 3.9,
            "eps_4q_growth_year": 48.09,
            "roe": 2.41,
            "roe_4q": 11.080000000000002,
            "gross_profit": 238110,
            "gross_margin": 26.04,
            "gross_margin_4q_avg": 26.63,
            "net_income": 77995,
            "revenue": 914462,
            "common_shares": 784863,
            "book_valuer_per_share": 40.26,
            "book_valuer_per_share_4q_avg": 38.12,
            "equity": 3159899,
            "current_ratio": 197.19,
            "debt_ratio": 21.45,
            "inventory_turnover_ratio": 2.32,
            "account_receivable_turnover_ratio": null,
            "reinvestment_rate": 9.21,
            "research_to_sale_ratio": null,
            "price_fair": 358.98,
            "eps_avg_yearly": 10.26,
            "eps_latest_yearly": 3.76,
            "eps_growth_yearly": 337.81
        },
        "20063": {
            "year_quarter": 20063,
            "year": 2006,
            "quarter": 3,
            "eps": 0.93,
            "eps_growth_year": -1.06,
            "eps_4q": 3.95,
            "eps_4q_growth_year": 46.23,
            "roe": 2.43,
            "roe_4q": 10.719999999999999,
            "gross_profit": 228138,
            "gross_margin": 27.57,
            "gross_margin_4q_avg": 27.3,
            "net_income": 77029,
            "revenue": 827596,
            "common_shares": 832307,
            "book_valuer_per_share": 38.09,
            "book_valuer_per_share_4q_avg": 38.97,
            "equity": 3170545,
            "current_ratio": 203.05,
            "debt_ratio": 21.63,
            "inventory_turnover_ratio": 2.43,
            "account_receivable_turnover_ratio": null,
            "reinvestment_rate": 10.96,
            "research_to_sale_ratio": null,
            "price_fair": 292.37,
            "eps_avg_yearly": 8.35,
            "eps_latest_yearly": 3.72,
            "eps_growth_yearly": 87.03
        },
        "20064": {
            "year_quarter": 20064,
            "year": 2006,
            "quarter": 4,
            "eps": 0.55,
            "eps_growth_year": -35.29,
            "eps_4q": 3.66,
            "eps_4q_growth_year": -9.36,
            "roe": 1.44,
            "roe_4q": 9.73,
            "gross_profit": 229682,
            "gross_margin": 27.28,
            "gross_margin_4q_avg": 26.95,
            "net_income": 46018,
            "revenue": 842026,
            "common_shares": 832307,
            "book_valuer_per_share": 38.94,
            "book_valuer_per_share_4q_avg": 39.85,
            "equity": 3240825,
            "current_ratio": 371.1,
            "debt_ratio": 24.6,
            "inventory_turnover_ratio": 2.51,
            "account_receivable_turnover_ratio": null,
            "reinvestment_rate": 12.53,
            "research_to_sale_ratio": null,
            "price_fair": 241.03,
            "eps_avg_yearly": 6.89,
            "eps_latest_yearly": 2.2,
            "eps_growth_yearly": 81.89
        },
        "20071": {
            "year_quarter": 20071,
            "year": 2007,
            "quarter": 1,
            "eps": 0.97,
            "eps_growth_year": -27.61,
            "eps_4q": 1.65,
            "eps_4q_growth_year": -61.31,
            "roe": 3.45,
            "roe_4q": 9.73,
            "gross_profit": 584005,
            "gross_margin": 30.77,
            "gross_margin_4q_avg": 27.92,
            "net_income": 287512,
            "revenue": 1897940,
            "common_shares": 3199108,
            "book_valuer_per_share": 41.96,
            "book_valuer_per_share_4q_avg": 39.81,
            "equity": 13423751,
            "current_ratio": 216.94,
            "debt_ratio": 13.18,
            "inventory_turnover_ratio": 2.61,
            "account_receivable_turnover_ratio": null,
            "reinvestment_rate": 123.39,
            "research_to_sale_ratio": null,
            "price_fair": 226.8,
            "eps_avg_yearly": 6.48,
            "eps_latest_yearly": 3.88,
            "eps_growth_yearly": 125.93
        },
        "20072": {
            "year_quarter": 20072,
            "year": 2007,
            "quarter": 2,
            "eps": 1.5,
            "eps_growth_year": 59.57,
            "eps_4q": 2.89,
            "eps_4q_growth_year": -25.84,
            "roe": 3.28,
            "roe_4q": 10.6,
            "gross_profit": 622964,
            "gross_margin": 29.1,
            "gross_margin_4q_avg": 28.68,
            "net_income": 441574,
            "revenue": 2140515,
            "common_shares": 3199108,
            "book_valuer_per_share": 42.32,
            "book_valuer_per_share_4q_avg": 40.33,
            "equity": 13538077,
            "current_ratio": 201.41,
            "debt_ratio": 14.58,
            "inventory_turnover_ratio": 2.13,
            "account_receivable_turnover_ratio": null,
            "reinvestment_rate": 105.56,
            "research_to_sale_ratio": null,
            "price_fair": 188.65,
            "eps_avg_yearly": 5.39,
            "eps_latest_yearly": 6,
            "eps_growth_yearly": 104.87
        },
        "20073": {
            "year_quarter": 20073,
            "year": 2007,
            "quarter": 3,
            "eps": 0.91,
            "eps_growth_year": -2.15,
            "eps_4q": 3.53,
            "eps_4q_growth_year": -10.45,
            "roe": 1.89,
            "roe_4q": 10.06,
            "gross_profit": 609537,
            "gross_margin": 28.1,
            "gross_margin_4q_avg": 28.81,
            "net_income": 268791,
            "revenue": 2169201,
            "common_shares": 3199108,
            "book_valuer_per_share": 46.38,
            "book_valuer_per_share_4q_avg": 42.4,
            "equity": 14836870,
            "current_ratio": 207.36,
            "debt_ratio": 13.41,
            "inventory_turnover_ratio": 2.01,
            "account_receivable_turnover_ratio": null,
            "reinvestment_rate": 90.45,
            "research_to_sale_ratio": null,
            "price_fair": 183.94,
            "eps_avg_yearly": 5.26,
            "eps_latest_yearly": 3.64,
            "eps_growth_yearly": 84.7
        },
        "20074": {
            "year_quarter": 20074,
            "year": 2007,
            "quarter": 4,
            "eps": -0.36,
            "eps_growth_year": -165.45,
            "eps_4q": 2.74,
            "eps_4q_growth_year": -25.09,
            "roe": -0.69,
            "roe_4q": 7.93,
            "gross_profit": 647669,
            "gross_margin": 26.23,
            "gross_margin_4q_avg": 28.55,
            "net_income": -105476,
            "revenue": 2469578,
            "common_shares": 3201778,
            "book_valuer_per_share": 45.58,
            "book_valuer_per_share_4q_avg": 44.06,
            "equity": 15761579,
            "current_ratio": 420.42,
            "debt_ratio": 17.86,
            "inventory_turnover_ratio": 1.77,
            "account_receivable_turnover_ratio": null,
            "reinvestment_rate": 125.18,
            "research_to_sale_ratio": null,
            "price_fair": 183.94,
            "eps_avg_yearly": 5.26,
            "eps_latest_yearly": 3.64,
            "eps_growth_yearly": 84.7
        },
        "20081": {
            "year_quarter": 20081,
            "year": 2008,
            "quarter": 1,
            "eps": 0.9,
            "eps_growth_year": -7.22,
            "eps_4q": 2.46,
            "eps_4q_growth_year": 49.13,
            "roe": 2.1,
            "roe_4q": 6.58,
            "gross_profit": 1244128,
            "gross_margin": 35.7,
            "gross_margin_4q_avg": 29.78,
            "net_income": 318309,
            "revenue": 3484708,
            "common_shares": 3202688,
            "book_valuer_per_share": 43.99,
            "book_valuer_per_share_4q_avg": 44.57,
            "equity": 14626276,
            "current_ratio": 443.42,
            "debt_ratio": 15.69,
            "inventory_turnover_ratio": 1.97,
            "account_receivable_turnover_ratio": null,
            "reinvestment_rate": 114.55,
            "research_to_sale_ratio": null,
            "price_fair": 14.28,
            "eps_avg_yearly": 4.76,
            "eps_latest_yearly": 3.64,
            "eps_growth_yearly": -4.53
        },
        "20082": {
            "year_quarter": 20082,
            "year": 2008,
            "quarter": 2,
            "eps": 0.46,
            "eps_growth_year": -69.33,
            "eps_4q": 2.17,
            "eps_4q_growth_year": -24.92,
            "roe": 0.83,
            "roe_4q": 4.13,
            "gross_profit": 1096027,
            "gross_margin": 30.89,
            "gross_margin_4q_avg": 30.23,
            "net_income": 119369,
            "revenue": 3547925,
            "common_shares": 3202688,
            "book_valuer_per_share": 42.22,
            "book_valuer_per_share_4q_avg": 44.54,
            "equity": 14025046,
            "current_ratio": 351.77,
            "debt_ratio": 20.07,
            "inventory_turnover_ratio": 2.11,
            "account_receivable_turnover_ratio": null,
            "reinvestment_rate": 119.88,
            "research_to_sale_ratio": null,
            "price_fair": 11.62,
            "eps_avg_yearly": 3.87,
            "eps_latest_yearly": 1.84,
            "eps_growth_yearly": -24.64
        },
        "20083": {
            "year_quarter": 20083,
            "year": 2008,
            "quarter": 3,
            "eps": -1.21,
            "eps_growth_year": -232.97,
            "eps_4q": -0.18,
            "eps_4q_growth_year": -105.23,
            "roe": -2.8,
            "roe_4q": -0.5599999999999996,
            "gross_profit": 500889,
            "gross_margin": 16.54,
            "gross_margin_4q_avg": 27.34,
            "net_income": -380392,
            "revenue": 3028893,
            "common_shares": 2882419,
            "book_valuer_per_share": 44.16,
            "book_valuer_per_share_4q_avg": 43.99,
            "equity": 13144179,
            "current_ratio": 329.11,
            "debt_ratio": 20.66,
            "inventory_turnover_ratio": 1.94,
            "account_receivable_turnover_ratio": null,
            "reinvestment_rate": 160.88,
            "research_to_sale_ratio": null,
            "price_fair": 11.47,
            "eps_avg_yearly": 3.82,
            "eps_latest_yearly": 1.84,
            "eps_growth_yearly": -3.45
        },
        "20084": {
            "year_quarter": 20084,
            "year": 2008,
            "quarter": 4,
            "eps": -2.82,
            "eps_growth_year": null,
            "eps_4q": -2.57,
            "eps_4q_growth_year": -193.69,
            "roe": -6.36,
            "roe_4q": -6.23,
            "gross_profit": 354464,
            "gross_margin": 9.66,
            "gross_margin_4q_avg": 23.2,
            "net_income": -806225,
            "revenue": 3667549,
            "common_shares": 2882419,
            "book_valuer_per_share": 40.85,
            "book_valuer_per_share_4q_avg": 42.81,
            "equity": 12206830,
            "current_ratio": 328.01,
            "debt_ratio": 21.92,
            "inventory_turnover_ratio": 2.52,
            "account_receivable_turnover_ratio": 3.2,
            "reinvestment_rate": 305.2,
            "research_to_sale_ratio": null,
            "price_fair": 11.47,
            "eps_avg_yearly": 3.82,
            "eps_latest_yearly": 1.84,
            "eps_growth_yearly": -3.45
        },
        "20091": {
            "year_quarter": 20091,
            "year": 2009,
            "quarter": 1,
            "eps": 1.05,
            "eps_growth_year": 16.67,
            "eps_4q": -2.97,
            "eps_4q_growth_year": -220.65,
            "roe": 2.12,
            "roe_4q": -6.21,
            "gross_profit": 967423,
            "gross_margin": 32.43,
            "gross_margin_4q_avg": 22.38,
            "net_income": 262339,
            "revenue": 2983169,
            "common_shares": 2676819,
            "book_valuer_per_share": 45.13,
            "book_valuer_per_share_4q_avg": 43.09,
            "equity": 12495608,
            "current_ratio": 418.66,
            "debt_ratio": 16.89,
            "inventory_turnover_ratio": 1.69,
            "account_receivable_turnover_ratio": 1.42,
            "reinvestment_rate": 246.8,
            "research_to_sale_ratio": null,
            "price_fair": 11.47,
            "eps_avg_yearly": 3.82,
            "eps_latest_yearly": 1.84,
            "eps_growth_yearly": -3.45
        },
        "20092": {
            "year_quarter": 20092,
            "year": 2009,
            "quarter": 2,
            "eps": 2.12,
            "eps_growth_year": 360.87,
            "eps_4q": -1.51,
            "eps_4q_growth_year": -169.5,
            "roe": 4.05,
            "roe_4q": -2.99,
            "gross_profit": 1209035,
            "gross_margin": 36.51,
            "gross_margin_4q_avg": 23.79,
            "net_income": 514457,
            "revenue": 3311371,
            "common_shares": 2676819,
            "book_valuer_per_share": 46.7,
            "book_valuer_per_share_4q_avg": 44.21,
            "equity": 12920649,
            "current_ratio": 431.06,
            "debt_ratio": 16.61,
            "inventory_turnover_ratio": 1.89,
            "account_receivable_turnover_ratio": 1.67,
            "reinvestment_rate": 165.13,
            "research_to_sale_ratio": null,
            "price_fair": 146.49,
            "eps_avg_yearly": 4.19,
            "eps_latest_yearly": 8.48,
            "eps_growth_yearly": 38.15
        },
        "20093": {
            "year_quarter": 20093,
            "year": 2009,
            "quarter": 3,
            "eps": 1.63,
            "eps_growth_year": null,
            "eps_4q": 1.54,
            "eps_4q_growth_year": null,
            "roe": 3.04,
            "roe_4q": 2.8500000000000005,
            "gross_profit": 1122005,
            "gross_margin": 37.27,
            "gross_margin_4q_avg": 28.97,
            "net_income": 396887,
            "revenue": 3010230,
            "common_shares": 2646529,
            "book_valuer_per_share": 48.32,
            "book_valuer_per_share_4q_avg": 45.25,
            "equity": 13210848,
            "current_ratio": 437.07,
            "debt_ratio": 16.5,
            "inventory_turnover_ratio": 1.78,
            "account_receivable_turnover_ratio": 1.46,
            "reinvestment_rate": 132.77,
            "research_to_sale_ratio": null,
            "price_fair": 155.27,
            "eps_avg_yearly": 4.44,
            "eps_latest_yearly": 6.52,
            "eps_growth_yearly": 35.59
        },
        "20094": {
            "year_quarter": 20094,
            "year": 2009,
            "quarter": 4,
            "eps": 1.02,
            "eps_growth_year": null,
            "eps_4q": 5.83,
            "eps_4q_growth_year": null,
            "roe": 1.98,
            "roe_4q": 11.190000000000001,
            "gross_profit": 1077426,
            "gross_margin": 33.23,
            "gross_margin_4q_avg": 34.86,
            "net_income": 263992,
            "revenue": 3242705,
            "common_shares": 2653194,
            "book_valuer_per_share": 54.16,
            "book_valuer_per_share_4q_avg": 48.58,
            "equity": 13494292,
            "current_ratio": 424.45,
            "debt_ratio": 17.17,
            "inventory_turnover_ratio": 2.12,
            "account_receivable_turnover_ratio": 3.11,
            "reinvestment_rate": 216.55,
            "research_to_sale_ratio": null,
            "price_fair": 157.44,
            "eps_avg_yearly": 4.5,
            "eps_latest_yearly": 4.08,
            "eps_growth_yearly": 25.46
        },
        "20101": {
            "year_quarter": 20101,
            "year": 2010,
            "quarter": 1,
            "eps": 0.88,
            "eps_growth_year": -16.19,
            "eps_4q": 5.64,
            "eps_4q_growth_year": null,
            "roe": 1.55,
            "roe_4q": 10.620000000000001,
            "gross_profit": 858480,
            "gross_margin": 30.88,
            "gross_margin_4q_avg": 34.47,
            "net_income": 210314,
            "revenue": 2780024,
            "common_shares": 2659542,
            "book_valuer_per_share": 54.95,
            "book_valuer_per_share_4q_avg": 51.03,
            "equity": 13679117,
            "current_ratio": 493.12,
            "debt_ratio": 14.77,
            "inventory_turnover_ratio": 2.24,
            "account_receivable_turnover_ratio": 1.33,
            "reinvestment_rate": 206.24,
            "research_to_sale_ratio": 3.55,
            "price_fair": 12.99,
            "eps_avg_yearly": 4.33,
            "eps_latest_yearly": 3.52,
            "eps_growth_yearly": -0.49
        },
        "20102": {
            "year_quarter": 20102,
            "year": 2010,
            "quarter": 2,
            "eps": 0.37,
            "eps_growth_year": -82.73,
            "eps_4q": 3.89,
            "eps_4q_growth_year": null,
            "roe": 0.71,
            "roe_4q": 7.28,
            "gross_profit": 806664,
            "gross_margin": 26.5,
            "gross_margin_4q_avg": 31.97,
            "net_income": 96300,
            "revenue": 3044363,
            "common_shares": 2659542,
            "book_valuer_per_share": 53.15,
            "book_valuer_per_share_4q_avg": 52.65,
            "equity": 13260084,
            "current_ratio": 336.6,
            "debt_ratio": 21.02,
            "inventory_turnover_ratio": 2.99,
            "account_receivable_turnover_ratio": 1.33,
            "reinvestment_rate": 227.28,
            "research_to_sale_ratio": 3.3,
            "price_fair": 12.37,
            "eps_avg_yearly": 4.12,
            "eps_latest_yearly": 1.48,
            "eps_growth_yearly": -10.71
        },
        "20103": {
            "year_quarter": 20103,
            "year": 2010,
            "quarter": 3,
            "eps": 1.07,
            "eps_growth_year": -34.4,
            "eps_4q": 3.33,
            "eps_4q_growth_year": 116.23,
            "roe": 2,
            "roe_4q": 6.24,
            "gross_profit": 1017654,
            "gross_margin": 32.99,
            "gross_margin_4q_avg": 30.9,
            "net_income": 266849,
            "revenue": 3084678,
            "common_shares": 2664181,
            "book_valuer_per_share": 53.95,
            "book_valuer_per_share_4q_avg": 54.05,
            "equity": 13412073,
            "current_ratio": 393.45,
            "debt_ratio": 18.89,
            "inventory_turnover_ratio": 2.21,
            "account_receivable_turnover_ratio": 1.21,
            "reinvestment_rate": 190.57,
            "research_to_sale_ratio": 3.2,
            "price_fair": 146.11,
            "eps_avg_yearly": 4.17,
            "eps_latest_yearly": 4.28,
            "eps_growth_yearly": 58.47
        },
        "20104": {
            "year_quarter": 20104,
            "year": 2010,
            "quarter": 4,
            "eps": 1.99,
            "eps_growth_year": 95.4,
            "eps_4q": 4.3,
            "eps_4q_growth_year": -26.14,
            "roe": 3.64,
            "roe_4q": 7.9,
            "gross_profit": 1396532,
            "gross_margin": 35.93,
            "gross_margin_4q_avg": 31.58,
            "net_income": 495289,
            "revenue": 3886974,
            "common_shares": 2665493,
            "book_valuer_per_share": 54.9,
            "book_valuer_per_share_4q_avg": 54.24,
            "equity": 13799289,
            "current_ratio": 372.44,
            "debt_ratio": 19.96,
            "inventory_turnover_ratio": 2.22,
            "account_receivable_turnover_ratio": 1.54,
            "reinvestment_rate": 153.16,
            "research_to_sale_ratio": 3.46,
            "price_fair": 164.44,
            "eps_avg_yearly": 4.7,
            "eps_latest_yearly": 7.96,
            "eps_growth_yearly": 104.6
        },
        "20111": {
            "year_quarter": 20111,
            "year": 2011,
            "quarter": 1,
            "eps": 0.29,
            "eps_growth_year": -67.05,
            "eps_4q": 3.72,
            "eps_4q_growth_year": -34.04,
            "roe": 0.46,
            "roe_4q": 6.8100000000000005,
            "gross_profit": 797624,
            "gross_margin": 25.04,
            "gross_margin_4q_avg": 30.12,
            "net_income": 63389,
            "revenue": 3184857,
            "common_shares": 2665655,
            "book_valuer_per_share": 55.41,
            "book_valuer_per_share_4q_avg": 54.35,
            "equity": 13916658,
            "current_ratio": 395.4,
            "debt_ratio": 18.67,
            "inventory_turnover_ratio": 2.16,
            "account_receivable_turnover_ratio": 1.32,
            "reinvestment_rate": 100,
            "research_to_sale_ratio": 2.95,
            "price_fair": 155.78,
            "eps_avg_yearly": 4.45,
            "eps_latest_yearly": 1.16,
            "eps_growth_yearly": 45.76
        },
        "20112": {
            "year_quarter": 20112,
            "year": 2011,
            "quarter": 2,
            "eps": 0.42,
            "eps_growth_year": 14.4,
            "eps_4q": 3.88,
            "eps_4q_growth_year": -0.19,
            "roe": 0.68,
            "roe_4q": 6.78,
            "gross_profit": 842305,
            "gross_margin": 26.57,
            "gross_margin_4q_avg": 30.13,
            "net_income": 92127,
            "revenue": 3170616,
            "common_shares": 2665655,
            "book_valuer_per_share": 53.7,
            "book_valuer_per_share_4q_avg": 54.49,
            "equity": 13040212,
            "current_ratio": 321.51,
            "debt_ratio": 22.48,
            "inventory_turnover_ratio": 2.05,
            "account_receivable_turnover_ratio": 1.3,
            "reinvestment_rate": 123.99,
            "research_to_sale_ratio": 3.28,
            "price_fair": 142.04,
            "eps_avg_yearly": 4.06,
            "eps_latest_yearly": 1.68,
            "eps_growth_yearly": 42.2
        },
        "20113": {
            "year_quarter": 20113,
            "year": 2011,
            "quarter": 3,
            "eps": -1,
            "eps_growth_year": -193.48,
            "eps_4q": 1.77,
            "eps_4q_growth_year": -46.68,
            "roe": -1.87,
            "roe_4q": 2.91,
            "gross_profit": 595077,
            "gross_margin": 17.69,
            "gross_margin_4q_avg": 26.31,
            "net_income": -243235,
            "revenue": 3364240,
            "common_shares": 2590510,
            "book_valuer_per_share": 53.94,
            "book_valuer_per_share_4q_avg": 54.49,
            "equity": 12973998,
            "current_ratio": 327.72,
            "debt_ratio": 21.59,
            "inventory_turnover_ratio": 2.32,
            "account_receivable_turnover_ratio": 1.19,
            "reinvestment_rate": 172.33,
            "research_to_sale_ratio": 2.97,
            "price_fair": 143.5,
            "eps_avg_yearly": 4.1,
            "eps_latest_yearly": 1.68,
            "eps_growth_yearly": 62.15
        },
        "20114": {
            "year_quarter": 20114,
            "year": 2011,
            "quarter": 4,
            "eps": 0.9,
            "eps_growth_year": -54.8,
            "eps_4q": 0.62,
            "eps_4q_growth_year": -85.58,
            "roe": 1.67,
            "roe_4q": 0.94,
            "gross_profit": 1220249,
            "gross_margin": 31.35,
            "gross_margin_4q_avg": 25.16,
            "net_income": 219008,
            "revenue": 3892826,
            "common_shares": 2593210,
            "book_valuer_per_share": 54.51,
            "book_valuer_per_share_4q_avg": 54.39,
            "equity": 13185503,
            "current_ratio": 289.36,
            "debt_ratio": 25.1,
            "inventory_turnover_ratio": 2.13,
            "account_receivable_turnover_ratio": 1.26,
            "reinvestment_rate": 102.17,
            "research_to_sale_ratio": 3.78,
            "price_fair": 143.5,
            "eps_avg_yearly": 4.1,
            "eps_latest_yearly": 1.68,
            "eps_growth_yearly": 62.15
        },
        "20121": {
            "year_quarter": 20121,
            "year": 2012,
            "quarter": 1,
            "eps": 0.38,
            "eps_growth_year": 31.03,
            "eps_4q": 0.7,
            "eps_4q_growth_year": -81.3,
            "roe": 0.5,
            "roe_4q": 0.9799999999999999,
            "gross_profit": 892070,
            "gross_margin": 26.01,
            "gross_margin_4q_avg": 25.41,
            "net_income": 66159,
            "revenue": 3429395,
            "common_shares": 2593525,
            "book_valuer_per_share": 54.58,
            "book_valuer_per_share_4q_avg": 54.18,
            "equity": 13164871,
            "current_ratio": 329.3,
            "debt_ratio": 21.71,
            "inventory_turnover_ratio": 1.79,
            "account_receivable_turnover_ratio": 1.21,
            "reinvestment_rate": 121.16,
            "research_to_sale_ratio": 3.59,
            "price_fair": 135.29,
            "eps_avg_yearly": 3.87,
            "eps_latest_yearly": 1.52,
            "eps_growth_yearly": 35.49
        },
        "20122": {
            "year_quarter": 20122,
            "year": 2012,
            "quarter": 2,
            "eps": 0.01,
            "eps_growth_year": -98.3,
            "eps_4q": 0.28,
            "eps_4q_growth_year": -92.67,
            "roe": -0.18,
            "roe_4q": 0.11999999999999988,
            "gross_profit": 856482,
            "gross_margin": 25.89,
            "gross_margin_4q_avg": 25.24,
            "net_income": -23046,
            "revenue": 3308132,
            "common_shares": 2593525,
            "book_valuer_per_share": 52.44,
            "book_valuer_per_share_4q_avg": 53.87,
            "equity": 12599102,
            "current_ratio": 273.5,
            "debt_ratio": 25.67,
            "inventory_turnover_ratio": 1.56,
            "account_receivable_turnover_ratio": 1.29,
            "reinvestment_rate": 135.7,
            "research_to_sale_ratio": 3.9,
            "price_fair": 103.13,
            "eps_avg_yearly": 3.7,
            "eps_latest_yearly": 0.04,
            "eps_growth_yearly": 17.86
        },
        "20123": {
            "year_quarter": 20123,
            "year": 2012,
            "quarter": 3,
            "eps": 0.38,
            "eps_growth_year": null,
            "eps_4q": 1.66,
            "eps_4q_growth_year": -6.21,
            "roe": 0.68,
            "roe_4q": 2.67,
            "gross_profit": 1001281,
            "gross_margin": 30.05,
            "gross_margin_4q_avg": 28.33,
            "net_income": 85793,
            "revenue": 3331960,
            "common_shares": 2593525,
            "book_valuer_per_share": 52.53,
            "book_valuer_per_share_4q_avg": 53.52,
            "equity": 12639108,
            "current_ratio": 304.53,
            "debt_ratio": 22.4,
            "inventory_turnover_ratio": 1.32,
            "account_receivable_turnover_ratio": 1.32,
            "reinvestment_rate": 95.3,
            "research_to_sale_ratio": 3.74,
            "price_fair": 123.2,
            "eps_avg_yearly": 3.52,
            "eps_latest_yearly": 1.52,
            "eps_growth_yearly": 1249.7
        },
        "20124": {
            "year_quarter": 20124,
            "year": 2012,
            "quarter": 4,
            "eps": 0.51,
            "eps_growth_year": -43.86,
            "eps_4q": 1.27,
            "eps_4q_growth_year": 104.17,
            "roe": 0.9,
            "roe_4q": 1.9000000000000001,
            "gross_profit": 1261741,
            "gross_margin": 28.25,
            "gross_margin_4q_avg": 27.55,
            "net_income": 114688,
            "revenue": 4465920,
            "common_shares": 2598245,
            "book_valuer_per_share": 53.02,
            "book_valuer_per_share_4q_avg": 53.14,
            "equity": 12765962,
            "current_ratio": 272.64,
            "debt_ratio": 26.28,
            "inventory_turnover_ratio": 1.67,
            "account_receivable_turnover_ratio": 1.6,
            "reinvestment_rate": 59.36,
            "research_to_sale_ratio": 2.76,
            "price_fair": 119.22,
            "eps_avg_yearly": 3.41,
            "eps_latest_yearly": 2.04,
            "eps_growth_yearly": 1164.1
        },
        "20131": {
            "year_quarter": 20131,
            "year": 2013,
            "quarter": 1,
            "eps": 0.61,
            "eps_growth_year": 60.53,
            "eps_4q": 1.5,
            "eps_4q_growth_year": 115.59,
            "roe": 1.09,
            "roe_4q": 2.49,
            "gross_profit": 895824,
            "gross_margin": 25.46,
            "gross_margin_4q_avg": 27.41,
            "net_income": 139135,
            "revenue": 3518510,
            "common_shares": 2607200,
            "book_valuer_per_share": 53.15,
            "book_valuer_per_share_4q_avg": 52.79,
            "equity": 12833769,
            "current_ratio": 296.41,
            "debt_ratio": 24.5,
            "inventory_turnover_ratio": 1.39,
            "account_receivable_turnover_ratio": 1.29,
            "reinvestment_rate": 66.57,
            "research_to_sale_ratio": 3.03,
            "price_fair": 116.8,
            "eps_avg_yearly": 3.34,
            "eps_latest_yearly": 2.44,
            "eps_growth_yearly": 1086.55
        },
        "20132": {
            "year_quarter": 20132,
            "year": 2013,
            "quarter": 2,
            "eps": 0.79,
            "eps_growth_year": 11015.8,
            "eps_4q": 2.29,
            "eps_4q_growth_year": 702.59,
            "roe": 1.46,
            "roe_4q": 4.13,
            "gross_profit": 1094448,
            "gross_margin": 28.63,
            "gross_margin_4q_avg": 28.1,
            "net_income": 184984,
            "revenue": 3822234,
            "common_shares": 2608233,
            "book_valuer_per_share": 51.93,
            "book_valuer_per_share_4q_avg": 52.66,
            "equity": 12537892,
            "current_ratio": 257.37,
            "debt_ratio": 28.15,
            "inventory_turnover_ratio": 1.59,
            "account_receivable_turnover_ratio": 1.44,
            "reinvestment_rate": 77.31,
            "research_to_sale_ratio": 2.65,
            "price_fair": 103.5,
            "eps_avg_yearly": 2.96,
            "eps_latest_yearly": 3.16,
            "eps_growth_yearly": 1065.87
        },
        "20133": {
            "year_quarter": 20133,
            "year": 2013,
            "quarter": 3,
            "eps": 0.88,
            "eps_growth_year": 131.3,
            "eps_4q": 2.78,
            "eps_4q_growth_year": 67.17,
            "roe": 1.64,
            "roe_4q": 5.09,
            "gross_profit": 1017834,
            "gross_margin": 28.22,
            "gross_margin_4q_avg": 27.64,
            "net_income": 207007,
            "revenue": 3607040,
            "common_shares": 2608233,
            "book_valuer_per_share": 52.74,
            "book_valuer_per_share_4q_avg": 52.71,
            "equity": 12753040,
            "current_ratio": 276.3,
            "debt_ratio": 26.18,
            "inventory_turnover_ratio": 1.5,
            "account_receivable_turnover_ratio": 1.28,
            "reinvestment_rate": 81.18,
            "research_to_sale_ratio": 2.76,
            "price_fair": 96,
            "eps_avg_yearly": 2.74,
            "eps_latest_yearly": 3.52,
            "eps_growth_yearly": 1075.73
        },
        "20134": {
            "year_quarter": 20134,
            "year": 2013,
            "quarter": 4,
            "eps": 1.21,
            "eps_growth_year": 140.19,
            "eps_4q": 3.48,
            "eps_4q_growth_year": 174.63,
            "roe": 2.26,
            "roe_4q": 6.449999999999999,
            "gross_profit": 1266293,
            "gross_margin": 26.89,
            "gross_margin_4q_avg": 27.3,
            "net_income": 292574,
            "revenue": 4709478,
            "common_shares": 2622283,
            "book_valuer_per_share": 54.25,
            "book_valuer_per_share_4q_avg": 53.02,
            "equity": 13103748,
            "current_ratio": 262.49,
            "debt_ratio": 28.54,
            "inventory_turnover_ratio": 1.91,
            "account_receivable_turnover_ratio": 1.56,
            "reinvestment_rate": 0.82,
            "research_to_sale_ratio": 2.18,
            "price_fair": 97.9,
            "eps_avg_yearly": 2.8,
            "eps_latest_yearly": 4.84,
            "eps_growth_yearly": 1097.13
        },
        "20141": {
            "year_quarter": 20141,
            "year": 2014,
            "quarter": 1,
            "eps": 0.84,
            "eps_growth_year": 37.7,
            "eps_4q": 3.67,
            "eps_4q_growth_year": 144.58,
            "roe": 1.5,
            "roe_4q": 6.859999999999999,
            "gross_profit": 988857,
            "gross_margin": 24.92,
            "gross_margin_4q_avg": 27.17,
            "net_income": 200231,
            "revenue": 3967354,
            "common_shares": 2651193,
            "book_valuer_per_share": 55.17,
            "book_valuer_per_share_4q_avg": 53.52,
            "equity": 13607004,
            "current_ratio": 317.39,
            "debt_ratio": 23.6,
            "inventory_turnover_ratio": 1.83,
            "account_receivable_turnover_ratio": 1.26,
            "reinvestment_rate": 2.02,
            "research_to_sale_ratio": 2.34,
            "price_fair": 97.5,
            "eps_avg_yearly": 2.79,
            "eps_latest_yearly": 3.36,
            "eps_growth_yearly": 1092.32
        },
        "20142": {
            "year_quarter": 20142,
            "year": 2014,
            "quarter": 2,
            "eps": 0.7,
            "eps_growth_year": -11.39,
            "eps_4q": 3.58,
            "eps_4q_growth_year": 56.61,
            "roe": 1.3,
            "roe_4q": 6.699999999999999,
            "gross_profit": 1023080,
            "gross_margin": 28.71,
            "gross_margin_4q_avg": 27.19,
            "net_income": 171490,
            "revenue": 3563233,
            "common_shares": 2660233,
            "book_valuer_per_share": 52.05,
            "book_valuer_per_share_4q_avg": 53.55,
            "equity": 12722403,
            "current_ratio": 263.71,
            "debt_ratio": 28.08,
            "inventory_turnover_ratio": 1.63,
            "account_receivable_turnover_ratio": 1.22,
            "reinvestment_rate": -19.49,
            "research_to_sale_ratio": 2.76,
            "price_fair": 100.8,
            "eps_avg_yearly": 2.88,
            "eps_latest_yearly": 2.8,
            "eps_growth_yearly": 1104.11
        },
        "20143": {
            "year_quarter": 20143,
            "year": 2014,
            "quarter": 3,
            "eps": 0.18,
            "eps_growth_year": -79.55,
            "eps_4q": 2.89,
            "eps_4q_growth_year": 3.84,
            "roe": 0.35,
            "roe_4q": 5.41,
            "gross_profit": 1028695,
            "gross_margin": 27.13,
            "gross_margin_4q_avg": 26.91,
            "net_income": 44561,
            "revenue": 3791469,
            "common_shares": 2660233,
            "book_valuer_per_share": 52.78,
            "book_valuer_per_share_4q_avg": 53.56,
            "equity": 12966282,
            "current_ratio": 297.04,
            "debt_ratio": 24.95,
            "inventory_turnover_ratio": 1.54,
            "account_receivable_turnover_ratio": 1.31,
            "reinvestment_rate": -3.4,
            "research_to_sale_ratio": 2.65,
            "price_fair": 91.9,
            "eps_avg_yearly": 2.63,
            "eps_latest_yearly": 0.72,
            "eps_growth_yearly": 1028.84
        },
        "20144": {
            "year_quarter": 20144,
            "year": 2014,
            "quarter": 4,
            "eps": 1.34,
            "eps_growth_year": 10.65,
            "eps_4q": 3.04,
            "eps_4q_growth_year": -12.56,
            "roe": 2.5,
            "roe_4q": 5.65,
            "gross_profit": 1178459,
            "gross_margin": 26.26,
            "gross_margin_4q_avg": 26.76,
            "net_income": 330789,
            "revenue": 4487265,
            "common_shares": 2669163,
            "book_valuer_per_share": 54.9,
            "book_valuer_per_share_4q_avg": 53.73,
            "equity": 13509270,
            "current_ratio": 281.7,
            "debt_ratio": 27.21,
            "inventory_turnover_ratio": 1.71,
            "account_receivable_turnover_ratio": 1.47,
            "reinvestment_rate": -7.7,
            "research_to_sale_ratio": 2.35,
            "price_fair": 85.4,
            "eps_avg_yearly": 2.44,
            "eps_latest_yearly": 5.36,
            "eps_growth_yearly": 1188.4
        },
        "20151": {
            "year_quarter": 20151,
            "year": 2015,
            "quarter": 1,
            "eps": 0.64,
            "eps_growth_year": -23.81,
            "eps_4q": 2.85,
            "eps_4q_growth_year": -22.23,
            "roe": 1.14,
            "roe_4q": 5.29,
            "gross_profit": 953510,
            "gross_margin": 25.18,
            "gross_margin_4q_avg": 26.82,
            "net_income": 154949,
            "revenue": 3787066,
            "common_shares": 2673913,
            "book_valuer_per_share": 55.33,
            "book_valuer_per_share_4q_avg": 53.77,
            "equity": 13650236,
            "current_ratio": 316.23,
            "debt_ratio": 24.08,
            "inventory_turnover_ratio": 1.49,
            "account_receivable_turnover_ratio": 1.23,
            "reinvestment_rate": -13,
            "research_to_sale_ratio": 2.57,
            "price_fair": 88.9,
            "eps_avg_yearly": 2.54,
            "eps_latest_yearly": 2.56,
            "eps_growth_yearly": 1197.88
        },
        "20152": {
            "year_quarter": 20152,
            "year": 2015,
            "quarter": 2,
            "eps": 0.73,
            "eps_growth_year": 4.29,
            "eps_4q": 2.87,
            "eps_4q_growth_year": -19.77,
            "roe": 1.36,
            "roe_4q": 5.35,
            "gross_profit": 1062962,
            "gross_margin": 27.1,
            "gross_margin_4q_avg": 26.42,
            "net_income": 179263,
            "revenue": 3922832,
            "common_shares": 2685333,
            "book_valuer_per_share": 51.37,
            "book_valuer_per_share_4q_avg": 53.6,
            "equity": 12805096,
            "current_ratio": 235.99,
            "debt_ratio": 31.84,
            "inventory_turnover_ratio": 1.49,
            "account_receivable_turnover_ratio": 1.27,
            "reinvestment_rate": -5.24,
            "research_to_sale_ratio": 2.61,
            "price_fair": 92,
            "eps_avg_yearly": 2.63,
            "eps_latest_yearly": 2.92,
            "eps_growth_yearly": 1189.09
        },
        "20153": {
            "year_quarter": 20153,
            "year": 2015,
            "quarter": 3,
            "eps": -0.25,
            "eps_growth_year": -238.89,
            "eps_4q": 2.45,
            "eps_4q_growth_year": -15.31,
            "roe": -0.49,
            "roe_4q": 4.51,
            "gross_profit": 1010336,
            "gross_margin": 26.2,
            "gross_margin_4q_avg": 26.19,
            "net_income": -63070,
            "revenue": 3856385,
            "common_shares": 2686283,
            "book_valuer_per_share": 52.69,
            "book_valuer_per_share_4q_avg": 53.57,
            "equity": 13082489,
            "current_ratio": 276.7,
            "debt_ratio": 26.28,
            "inventory_turnover_ratio": 1.43,
            "account_receivable_turnover_ratio": 1.22,
            "reinvestment_rate": 1.86,
            "research_to_sale_ratio": 2.63,
            "price_fair": 92,
            "eps_avg_yearly": 2.63,
            "eps_latest_yearly": 2.92,
            "eps_growth_yearly": 1189.09
        },
        "20154": {
            "year_quarter": 20154,
            "year": 2015,
            "quarter": 4,
            "eps": 1.18,
            "eps_growth_year": -12.46,
            "eps_4q": 2.29,
            "eps_4q_growth_year": -24.7,
            "roe": 2.23,
            "roe_4q": 4.24,
            "gross_profit": 1273678,
            "gross_margin": 26.83,
            "gross_margin_4q_avg": 26.33,
            "net_income": 292185,
            "revenue": 4746805,
            "common_shares": 2687733,
            "book_valuer_per_share": 53.23,
            "book_valuer_per_share_4q_avg": 53.16,
            "equity": 13157703,
            "current_ratio": 259.4,
            "debt_ratio": 29.5,
            "inventory_turnover_ratio": 1.75,
            "account_receivable_turnover_ratio": 1.42,
            "reinvestment_rate": 0.95,
            "research_to_sale_ratio": 2.22,
            "price_fair": 92,
            "eps_avg_yearly": 2.63,
            "eps_latest_yearly": 2.92,
            "eps_growth_yearly": 1189.09
        },
        "20161": {
            "year_quarter": 20161,
            "year": 2016,
            "quarter": 1,
            "eps": 0.38,
            "eps_growth_year": -40.62,
            "eps_4q": 2.04,
            "eps_4q_growth_year": -28.47,
            "roe": 0.7,
            "roe_4q": 3.8,
            "gross_profit": 972635,
            "gross_margin": 26.12,
            "gross_margin_4q_avg": 26.56,
            "net_income": 91763,
            "revenue": 3723651,
            "common_shares": 2693933,
            "book_valuer_per_share": 53.17,
            "book_valuer_per_share_4q_avg": 52.62,
            "equity": 13120561,
            "current_ratio": 282.27,
            "debt_ratio": 27.03,
            "inventory_turnover_ratio": 1.39,
            "account_receivable_turnover_ratio": 1.11,
            "reinvestment_rate": -3.38,
            "research_to_sale_ratio": 2.8,
            "price_fair": 92,
            "eps_avg_yearly": 2.63,
            "eps_latest_yearly": 1.52,
            "eps_growth_yearly": 1186.23
        },
        "20162": {
            "year_quarter": 20162,
            "year": 2016,
            "quarter": 2,
            "eps": 0.69,
            "eps_growth_year": -5.48,
            "eps_4q": 2,
            "eps_4q_growth_year": -30.35,
            "roe": 1.31,
            "roe_4q": 3.75,
            "gross_profit": 1121867,
            "gross_margin": 28.17,
            "gross_margin_4q_avg": 26.83,
            "net_income": 163816,
            "revenue": 3982078,
            "common_shares": 2693933,
            "book_valuer_per_share": 48.45,
            "book_valuer_per_share_4q_avg": 51.89,
            "equity": 11913650,
            "current_ratio": 209.59,
            "debt_ratio": 34.8,
            "inventory_turnover_ratio": 1.3,
            "account_receivable_turnover_ratio": 1.26,
            "reinvestment_rate": 11.64,
            "research_to_sale_ratio": 2.82,
            "price_fair": 98.8,
            "eps_avg_yearly": 2.82,
            "eps_latest_yearly": 2.76,
            "eps_growth_yearly": 1237.35
        },
        "20163": {
            "year_quarter": 20163,
            "year": 2016,
            "quarter": 3,
            "eps": 2.67,
            "eps_growth_year": null,
            "eps_4q": 4.91,
            "eps_4q_growth_year": 100.82,
            "roe": 5.34,
            "roe_4q": 9.58,
            "gross_profit": 984935,
            "gross_margin": 25.31,
            "gross_margin_4q_avg": 26.61,
            "net_income": 652244,
            "revenue": 3892177,
            "common_shares": 2693933,
            "book_valuer_per_share": 50.65,
            "book_valuer_per_share_4q_avg": 51.38,
            "equity": 12507091,
            "current_ratio": 242.13,
            "debt_ratio": 32.17,
            "inventory_turnover_ratio": 1.21,
            "account_receivable_turnover_ratio": 1.26,
            "reinvestment_rate": -4.72,
            "research_to_sale_ratio": 2.93,
            "price_fair": 121.7,
            "eps_avg_yearly": 3.48,
            "eps_latest_yearly": 10.68,
            "eps_growth_yearly": 262.2
        },
        "20164": {
            "year_quarter": 20164,
            "year": 2016,
            "quarter": 4,
            "eps": 0.77,
            "eps_growth_year": -34.9,
            "eps_4q": 4.51,
            "eps_4q_growth_year": 96.54,
            "roe": 1.44,
            "roe_4q": 8.79,
            "gross_profit": 1252623,
            "gross_margin": 27.16,
            "gross_margin_4q_avg": 26.69,
            "net_income": 182505,
            "revenue": 4612474,
            "common_shares": 2693933,
            "book_valuer_per_share": 51.74,
            "book_valuer_per_share_4q_avg": 51,
            "equity": 12759195,
            "current_ratio": 251.69,
            "debt_ratio": 33.14,
            "inventory_turnover_ratio": 1.39,
            "account_receivable_turnover_ratio": 1.44,
            "reinvestment_rate": -25.26,
            "research_to_sale_ratio": 2.78,
            "price_fair": 124.3,
            "eps_avg_yearly": 3.55,
            "eps_latest_yearly": 3.08,
            "eps_growth_yearly": 232.09
        },
        "20171": {
            "year_quarter": 20171,
            "year": 2017,
            "quarter": 1,
            "eps": 1.35,
            "eps_growth_year": 255.26,
            "eps_4q": 5.47,
            "eps_4q_growth_year": 168.27,
            "roe": 2.6,
            "roe_4q": 10.69,
            "gross_profit": 1015525,
            "gross_margin": 27.41,
            "gross_margin_4q_avg": 27.01,
            "net_income": 330897,
            "revenue": 3705351,
            "common_shares": 2693933,
            "book_valuer_per_share": 51.68,
            "book_valuer_per_share_4q_avg": 50.63,
            "equity": 12740661,
            "current_ratio": 276.24,
            "debt_ratio": 28.32,
            "inventory_turnover_ratio": 1.12,
            "account_receivable_turnover_ratio": 1.2,
            "reinvestment_rate": -5.14,
            "research_to_sale_ratio": 2.89,
            "price_fair": 131.7,
            "eps_avg_yearly": 3.76,
            "eps_latest_yearly": 5.4,
            "eps_growth_yearly": 248.01
        },
        "20172": {
            "year_quarter": 20172,
            "year": 2017,
            "quarter": 2,
            "eps": 0.98,
            "eps_growth_year": 42.03,
            "eps_4q": 5.77,
            "eps_4q_growth_year": 188.46,
            "roe": 1.98,
            "roe_4q": 11.36,
            "gross_profit": 1138609,
            "gross_margin": 27.89,
            "gross_margin_4q_avg": 26.94,
            "net_income": 241689,
            "revenue": 4082965,
            "common_shares": 2693933,
            "book_valuer_per_share": 47.47,
            "book_valuer_per_share_4q_avg": 50.39,
            "equity": 11676956,
            "current_ratio": 209.35,
            "debt_ratio": 37.38,
            "inventory_turnover_ratio": 1.13,
            "account_receivable_turnover_ratio": 1.41,
            "reinvestment_rate": -4.42,
            "research_to_sale_ratio": 2.77,
            "price_fair": 133.6,
            "eps_avg_yearly": 3.82,
            "eps_latest_yearly": 3.92,
            "eps_growth_yearly": 231.75
        },
        "20173": {
            "year_quarter": 20173,
            "year": 2017,
            "quarter": 3,
            "eps": 1.27,
            "eps_growth_year": -52.43,
            "eps_4q": 4.37,
            "eps_4q_growth_year": -11.07,
            "roe": 2.62,
            "roe_4q": 8.639999999999999,
            "gross_profit": 1113634,
            "gross_margin": 25.87,
            "gross_margin_4q_avg": 27.08,
            "net_income": 311483,
            "revenue": 4304834,
            "common_shares": 2693933,
            "book_valuer_per_share": 49.14,
            "book_valuer_per_share_4q_avg": 50.01,
            "equity": 12142979,
            "current_ratio": 226.01,
            "debt_ratio": 34.85,
            "inventory_turnover_ratio": 1.15,
            "account_receivable_turnover_ratio": 1.41,
            "reinvestment_rate": -4.07,
            "research_to_sale_ratio": 2.55,
            "price_fair": 137.5,
            "eps_avg_yearly": 3.93,
            "eps_latest_yearly": 5.08,
            "eps_growth_yearly": 236.95
        },
        "20174": {
            "year_quarter": 20174,
            "year": 2017,
            "quarter": 4,
            "eps": 1.18,
            "eps_growth_year": 54.47,
            "eps_4q": 4.79,
            "eps_4q_growth_year": 6.27,
            "roe": 2.36,
            "roe_4q": 9.56,
            "gross_profit": 1265960,
            "gross_margin": 26.48,
            "gross_margin_4q_avg": 26.91,
            "net_income": 289049,
            "revenue": 4781129,
            "common_shares": 2693933,
            "book_valuer_per_share": 49.88,
            "book_valuer_per_share_4q_avg": 49.54,
            "equity": 12322156,
            "current_ratio": 219.04,
            "debt_ratio": 36.37,
            "inventory_turnover_ratio": 1.25,
            "account_receivable_turnover_ratio": 1.5,
            "reinvestment_rate": -2.6,
            "research_to_sale_ratio": 2.32,
            "price_fair": 137.2,
            "eps_avg_yearly": 3.92,
            "eps_latest_yearly": 4.72,
            "eps_growth_yearly": 224.21
        },
        "20181": {
            "year_quarter": 20181,
            "year": 2018,
            "quarter": 1,
            "eps": 1.36,
            "eps_growth_year": 0.74,
            "eps_4q": 4.79,
            "eps_4q_growth_year": -12.47,
            "roe": 2.56,
            "roe_4q": 9.52,
            "gross_profit": 1094893,
            "gross_margin": 26.42,
            "gross_margin_4q_avg": 26.67,
            "net_income": 332029,
            "revenue": 4144185,
            "common_shares": 2693933,
            "book_valuer_per_share": 55.31,
            "book_valuer_per_share_4q_avg": 50.45,
            "equity": 13655508,
            "current_ratio": 264.68,
            "debt_ratio": 27.86,
            "inventory_turnover_ratio": 1.12,
            "account_receivable_turnover_ratio": 1.33,
            "reinvestment_rate": 9.1,
            "research_to_sale_ratio": 2.58,
            "price_fair": 142.4,
            "eps_avg_yearly": 4.07,
            "eps_latest_yearly": 5.44,
            "eps_growth_yearly": 237.31
        },
        "20182": {
            "year_quarter": 20182,
            "year": 2018,
            "quarter": 2,
            "eps": 2.12,
            "eps_growth_year": 116.33,
            "eps_4q": 5.93,
            "eps_4q_growth_year": 2.72,
            "roe": 3.94,
            "roe_4q": 11.48,
            "gross_profit": 1290258,
            "gross_margin": 26.66,
            "gross_margin_4q_avg": 26.36,
            "net_income": 522545,
            "revenue": 4838926,
            "common_shares": 2693933,
            "book_valuer_per_share": 52.35,
            "book_valuer_per_share_4q_avg": 51.67,
            "equity": 12892205,
            "current_ratio": 210.25,
            "debt_ratio": 35.11,
            "inventory_turnover_ratio": 1.36,
            "account_receivable_turnover_ratio": 1.49,
            "reinvestment_rate": 11.53,
            "research_to_sale_ratio": 2.28,
            "price_fair": 156.6,
            "eps_avg_yearly": 4.47,
            "eps_latest_yearly": 8.48,
            "eps_growth_yearly": 258.03
        },
        "20183": {
            "year_quarter": 20183,
            "year": 2018,
            "quarter": 3,
            "eps": 0.44,
            "eps_growth_year": -65.35,
            "eps_4q": 5.09,
            "eps_4q_growth_year": 16.55,
            "roe": 0.81,
            "roe_4q": 9.67,
            "gross_profit": 1230330,
            "gross_margin": 24.6,
            "gross_margin_4q_avg": 26.04,
            "net_income": 105157,
            "revenue": 5001312,
            "common_shares": 2693933,
            "book_valuer_per_share": 53.04,
            "book_valuer_per_share_4q_avg": 52.65,
            "equity": 13114512,
            "current_ratio": 231.54,
            "debt_ratio": 31.93,
            "inventory_turnover_ratio": 1.42,
            "account_receivable_turnover_ratio": 1.33,
            "reinvestment_rate": 7.39,
            "research_to_sale_ratio": 2.22,
            "price_fair": 159.2,
            "eps_avg_yearly": 4.55,
            "eps_latest_yearly": 1.76,
            "eps_growth_yearly": 256.62
        },
        "20184": {
            "year_quarter": 20184,
            "year": 2018,
            "quarter": 4,
            "eps": 0.36,
            "eps_growth_year": -69.28,
            "eps_4q": 4.27,
            "eps_4q_growth_year": -10.73,
            "roe": 0.69,
            "roe_4q": 8,
            "gross_profit": 1418730,
            "gross_margin": 25.65,
            "gross_margin_4q_avg": 25.83,
            "net_income": 90441,
            "revenue": 5531566,
            "common_shares": 2693933,
            "book_valuer_per_share": 53.36,
            "book_valuer_per_share_4q_avg": 53.52,
            "equity": 13194951,
            "current_ratio": 216.6,
            "debt_ratio": 33.96,
            "inventory_turnover_ratio": 1.49,
            "account_receivable_turnover_ratio": 1.44,
            "reinvestment_rate": 20.85,
            "research_to_sale_ratio": 2.25,
            "price_fair": 149.4,
            "eps_avg_yearly": 4.27,
            "eps_latest_yearly": 1.44,
            "eps_growth_yearly": 67.3
        },
        "20191": {
            "year_quarter": 20191,
            "year": 2019,
            "quarter": 1,
            "eps": 1.56,
            "eps_growth_year": 14.71,
            "eps_4q": 4.48,
            "eps_4q_growth_year": -6.61,
            "roe": 2.87,
            "roe_4q": 8.31,
            "gross_profit": 1260229,
            "gross_margin": 25.51,
            "gross_margin_4q_avg": 25.61,
            "net_income": 384407,
            "revenue": 4940644,
            "common_shares": 2693933,
            "book_valuer_per_share": 55.05,
            "book_valuer_per_share_4q_avg": 53.45,
            "equity": 13619112,
            "current_ratio": 237.35,
            "debt_ratio": 30.85,
            "inventory_turnover_ratio": 1.31,
            "account_receivable_turnover_ratio": 1.35,
            "reinvestment_rate": 21.32,
            "research_to_sale_ratio": 2.11,
            "price_fair": 158.6,
            "eps_avg_yearly": 4.53,
            "eps_latest_yearly": 6.24,
            "eps_growth_yearly": 177.46
        },
        "20192": {
            "year_quarter": 20192,
            "year": 2019,
            "quarter": 2,
            "eps": 1.36,
            "eps_growth_year": -35.85,
            "eps_4q": 3.7,
            "eps_4q_growth_year": -37.58,
            "roe": 2.57,
            "roe_4q": 6.9399999999999995,
            "gross_profit": 1421878,
            "gross_margin": 26.21,
            "gross_margin_4q_avg": 25.49,
            "net_income": 337710,
            "revenue": 5425865,
            "common_shares": 2693933,
            "book_valuer_per_share": 51.06,
            "book_valuer_per_share_4q_avg": 53.13,
            "equity": 12701002,
            "current_ratio": 190,
            "debt_ratio": 38.83,
            "inventory_turnover_ratio": 1.34,
            "account_receivable_turnover_ratio": 1.42,
            "reinvestment_rate": 13.47,
            "research_to_sale_ratio": 2.07,
            "price_fair": 164.9,
            "eps_avg_yearly": 4.71,
            "eps_latest_yearly": 5.44,
            "eps_growth_yearly": 169.78
        },
        "20193": {
            "year_quarter": 20193,
            "year": 2019,
            "quarter": 3,
            "eps": 1.15,
            "eps_growth_year": 161.36,
            "eps_4q": 4.42,
            "eps_4q_growth_year": -13.27,
            "roe": 2.22,
            "roe_4q": 8.35,
            "gross_profit": 1330462,
            "gross_margin": 23.46,
            "gross_margin_4q_avg": 25.21,
            "net_income": 286595,
            "revenue": 5671486,
            "common_shares": 2693933,
            "book_valuer_per_share": 52.32,
            "book_valuer_per_share_4q_avg": 52.95,
            "equity": 13064615,
            "current_ratio": 209.09,
            "debt_ratio": 35.14,
            "inventory_turnover_ratio": 1.45,
            "account_receivable_turnover_ratio": 1.32,
            "reinvestment_rate": 5.94,
            "research_to_sale_ratio": 2.02,
            "price_fair": 164.64,
            "eps_avg_yearly": 4.7,
            "eps_latest_yearly": 4.6,
            "eps_growth_yearly": 154.34
        },
        "20194": {
            "year_quarter": 20194,
            "year": 2019,
            "quarter": 4,
            "eps": 3.23,
            "eps_growth_year": 789.59,
            "eps_4q": 7.29,
            "eps_4q_growth_year": 70.58,
            "roe": 6.05,
            "roe_4q": 13.71,
            "gross_profit": 1536723,
            "gross_margin": 25.56,
            "gross_margin_4q_avg": 25.19,
            "net_income": 802591,
            "revenue": 6013028,
            "common_shares": 2693933,
            "book_valuer_per_share": 54.01,
            "book_valuer_per_share_4q_avg": 53.11,
            "equity": 13482133,
            "current_ratio": 195.14,
            "debt_ratio": 37.54,
            "inventory_turnover_ratio": 1.55,
            "account_receivable_turnover_ratio": 1.45,
            "reinvestment_rate": -0.17,
            "research_to_sale_ratio": 2.04,
            "price_fair": 182.61,
            "eps_avg_yearly": 5.22,
            "eps_latest_yearly": 12.92,
            "eps_growth_yearly": 189.91
        },
        "20201": {
            "year_quarter": 20201,
            "year": 2020,
            "quarter": 1,
            "eps": 0.24,
            "eps_growth_year": -84.62,
            "eps_4q": 5.98,
            "eps_4q_growth_year": 33.69,
            "roe": 0.44,
            "roe_4q": 11.280000000000001,
            "gross_profit": 1327355,
            "gross_margin": 23.05,
            "gross_margin_4q_avg": 24.57,
            "net_income": 59180,
            "revenue": 5758360,
            "common_shares": 2693933,
            "book_valuer_per_share": 53.77,
            "book_valuer_per_share_4q_avg": 52.79,
            "equity": 13448220,
            "current_ratio": 212.48,
            "debt_ratio": 34.72,
            "inventory_turnover_ratio": 1.48,
            "account_receivable_turnover_ratio": 1.6,
            "reinvestment_rate": 3.47,
            "research_to_sale_ratio": 2.15,
            "price_fair": 181.39,
            "eps_avg_yearly": 5.18,
            "eps_latest_yearly": 0.96,
            "eps_growth_yearly": 183.72
        },
        "20202": {
            "year_quarter": 20202,
            "year": 2020,
            "quarter": 2,
            "eps": 3.07,
            "eps_growth_year": 125.74,
            "eps_4q": 7.7,
            "eps_4q_growth_year": 108.14,
            "roe": 5.83,
            "roe_4q": 14.540000000000001,
            "gross_profit": 1478645,
            "gross_margin": 25.21,
            "gross_margin_4q_avg": 24.32,
            "net_income": 766049,
            "revenue": 5865579,
            "common_shares": 2693933,
            "book_valuer_per_share": 51.56,
            "book_valuer_per_share_4q_avg": 52.92,
            "equity": 12851144,
            "current_ratio": 179.99,
            "debt_ratio": 41.41,
            "inventory_turnover_ratio": 1.44,
            "account_receivable_turnover_ratio": 1.61,
            "reinvestment_rate": -6.31,
            "research_to_sale_ratio": 2.23,
            "price_fair": 202.21,
            "eps_avg_yearly": 5.78,
            "eps_latest_yearly": 12.28,
            "eps_growth_yearly": 458.12
        },
        "20203": {
            "year_quarter": 20203,
            "year": 2020,
            "quarter": 3,
            "eps": 2.03,
            "eps_growth_year": 76.52,
            "eps_4q": 8.58,
            "eps_4q_growth_year": 94.21,
            "roe": 3.84,
            "roe_4q": 16.16,
            "gross_profit": 1349281,
            "gross_margin": 24.23,
            "gross_margin_4q_avg": 24.51,
            "net_income": 503268,
            "revenue": 5568660,
            "common_shares": 2693933,
            "book_valuer_per_share": 53.33,
            "book_valuer_per_share_4q_avg": 53.17,
            "equity": 13340285,
            "current_ratio": 204.64,
            "debt_ratio": 36.44,
            "inventory_turnover_ratio": 1.29,
            "account_receivable_turnover_ratio": 1.41,
            "reinvestment_rate": 0.49,
            "research_to_sale_ratio": 2.4,
            "price_fair": 196.61,
            "eps_avg_yearly": 5.62,
            "eps_latest_yearly": 8.12,
            "eps_growth_yearly": 377.91
        },
        "20204": {
            "year_quarter": 20204,
            "year": 2020,
            "quarter": 4,
            "eps": 1.37,
            "eps_growth_year": -57.55,
            "eps_4q": 6.72,
            "eps_4q_growth_year": -7.84,
            "roe": 2.57,
            "roe_4q": 12.68,
            "gross_profit": 1646517,
            "gross_margin": 25.17,
            "gross_margin_4q_avg": 24.42,
            "net_income": 347225,
            "revenue": 6542491,
            "common_shares": 2693933,
            "book_valuer_per_share": 54.48,
            "book_valuer_per_share_4q_avg": 53.29,
            "equity": 13649447,
            "current_ratio": 199.24,
            "debt_ratio": 38.04,
            "inventory_turnover_ratio": 1.5,
            "account_receivable_turnover_ratio": 1.67,
            "reinvestment_rate": 16.5,
            "research_to_sale_ratio": 2.15,
            "price_fair": 201.86,
            "eps_avg_yearly": 5.77,
            "eps_latest_yearly": 5.48,
            "eps_growth_yearly": 387.57
        },
        "20211": {
            "year_quarter": 20211,
            "year": 2021,
            "quarter": 1,
            "eps": 2.03,
            "eps_growth_year": 745.83,
            "eps_4q": 8.51,
            "eps_4q_growth_year": 42.22,
            "roe": 3.6,
            "roe_4q": 15.84,
            "gross_profit": 1553772,
            "gross_margin": 21.14,
            "gross_margin_4q_avg": 23.94,
            "net_income": 504544,
            "revenue": 7350787,
            "common_shares": 2693933,
            "book_valuer_per_share": 56.97,
            "book_valuer_per_share_4q_avg": 54.09,
            "equity": 14342171,
            "current_ratio": 208.94,
            "debt_ratio": 35.78,
            "inventory_turnover_ratio": 1.85,
            "account_receivable_turnover_ratio": 1.81,
            "reinvestment_rate": 13.79,
            "research_to_sale_ratio": 1.59,
            "price_fair": 207.81,
            "eps_avg_yearly": 5.94,
            "eps_latest_yearly": 8.12,
            "eps_growth_yearly": 380.78
        },
        "20212": {
            "year_quarter": 20212,
            "year": 2021,
            "quarter": 2,
            "eps": 1.36,
            "eps_growth_year": -55.7,
            "eps_4q": 6.79,
            "eps_4q_growth_year": -11.74,
            "roe": 2.44,
            "roe_4q": 12.45,
            "gross_profit": 1636116,
            "gross_margin": 23.99,
            "gross_margin_4q_avg": 23.63,
            "net_income": 336767,
            "revenue": 6819247,
            "common_shares": 2693933,
            "book_valuer_per_share": 52.89,
            "book_valuer_per_share_4q_avg": 54.42,
            "equity": 13280570,
            "current_ratio": 163.25,
            "debt_ratio": 44.97,
            "inventory_turnover_ratio": 1.55,
            "account_receivable_turnover_ratio": 1.51,
            "reinvestment_rate": 21.3,
            "research_to_sale_ratio": 1.82,
            "price_fair": 211.14,
            "eps_avg_yearly": 6.03,
            "eps_latest_yearly": 5.44,
            "eps_growth_yearly": 379.38
        },
        "20213": {
            "year_quarter": 20213,
            "year": 2021,
            "quarter": 3,
            "eps": 0.93,
            "eps_growth_year": -54.19,
            "eps_4q": 5.69,
            "eps_4q_growth_year": -33.69,
            "roe": 1.73,
            "roe_4q": 10.34,
            "gross_profit": 1583155,
            "gross_margin": 20.34,
            "gross_margin_4q_avg": 22.66,
            "net_income": 233870,
            "revenue": 7781760,
            "common_shares": 2693933,
            "book_valuer_per_share": 54.17,
            "book_valuer_per_share_4q_avg": 54.63,
            "equity": 13720469,
            "current_ratio": 206.58,
            "debt_ratio": 48.23,
            "inventory_turnover_ratio": 1.8,
            "account_receivable_turnover_ratio": 1.59,
            "reinvestment_rate": 22.95,
            "research_to_sale_ratio": 1.61,
            "price_fair": 208.16,
            "eps_avg_yearly": 5.95,
            "eps_latest_yearly": 3.72,
            "eps_growth_yearly": 364.08
        },
        "20214": {
            "year_quarter": 20214,
            "year": 2021,
            "quarter": 4,
            "eps": 0.58,
            "eps_growth_year": -57.89,
            "eps_4q": 4.9,
            "eps_4q_growth_year": -27.15,
            "roe": 1.07,
            "roe_4q": 8.84,
            "gross_profit": 1882343,
            "gross_margin": 24.85,
            "gross_margin_4q_avg": 22.58,
            "net_income": 147915,
            "revenue": 7575163,
            "common_shares": 2693933,
            "book_valuer_per_share": 54.45,
            "book_valuer_per_share_4q_avg": 54.62,
            "equity": 13811167,
            "current_ratio": 208.14,
            "debt_ratio": 48,
            "inventory_turnover_ratio": 1.74,
            "account_receivable_turnover_ratio": 1.52,
            "reinvestment_rate": 24.27,
            "research_to_sale_ratio": 1.49,
            "price_fair": 202.91,
            "eps_avg_yearly": 5.8,
            "eps_latest_yearly": 2.32,
            "eps_growth_yearly": 356.44
        },
        "20221": {
            "year_quarter": 20221,
            "year": 2022,
            "quarter": 1,
            "eps": 1.27,
            "eps_growth_year": -37.44,
            "eps_4q": 4.13,
            "eps_4q_growth_year": -51.43,
            "roe": 2.26,
            "roe_4q": 7.5,
            "gross_profit": 1703801,
            "gross_margin": 22.08,
            "gross_margin_4q_avg": 22.82,
            "net_income": 316728,
            "revenue": 7715082,
            "common_shares": 2693933,
            "book_valuer_per_share": 56.26,
            "book_valuer_per_share_4q_avg": 54.44,
            "equity": 14203181,
            "current_ratio": 215.59,
            "debt_ratio": 46.48,
            "inventory_turnover_ratio": 1.71,
            "account_receivable_turnover_ratio": 1.56,
            "reinvestment_rate": 19.62,
            "research_to_sale_ratio": 1.7,
            "price_fair": 202.13,
            "eps_avg_yearly": 5.78,
            "eps_latest_yearly": 5.08,
            "eps_growth_yearly": 382.37
        },
        "20222": {
            "year_quarter": 20222,
            "year": 2022,
            "quarter": 2,
            "eps": 0.63,
            "eps_growth_year": -53.68,
            "eps_4q": 3.41,
            "eps_4q_growth_year": -49.87,
            "roe": 1.19,
            "roe_4q": 6.25,
            "gross_profit": 1754536,
            "gross_margin": 22.8,
            "gross_margin_4q_avg": 22.52,
            "net_income": 163834,
            "revenue": 7696011,
            "common_shares": 2693933,
            "book_valuer_per_share": 52.94,
            "book_valuer_per_share_4q_avg": 54.46,
            "equity": 13441042,
            "current_ratio": 180.36,
            "debt_ratio": 52.71,
            "inventory_turnover_ratio": 1.37,
            "account_receivable_turnover_ratio": 1.44,
            "reinvestment_rate": 20.2,
            "research_to_sale_ratio": 1.7,
            "price_fair": 189.09,
            "eps_avg_yearly": 5.4,
            "eps_latest_yearly": 2.52,
            "eps_growth_yearly": 355.8
        },
        "20223": {
            "year_quarter": 20223,
            "year": 2022,
            "quarter": 3,
            "eps": 1.26,
            "eps_growth_year": 35.48,
            "eps_4q": 3.7,
            "eps_4q_growth_year": -35.03,
            "roe": 2.37,
            "roe_4q": 6.890000000000001,
            "gross_profit": 1834425,
            "gross_margin": 21.46,
            "gross_margin_4q_avg": 22.8,
            "net_income": 328908,
            "revenue": 8546554,
            "common_shares": 2723933,
            "book_valuer_per_share": 54.83,
            "book_valuer_per_share_4q_avg": 54.62,
            "equity": 14307736,
            "current_ratio": 187.13,
            "debt_ratio": 50.26,
            "inventory_turnover_ratio": 1.34,
            "account_receivable_turnover_ratio": 1.5,
            "reinvestment_rate": 28.43,
            "research_to_sale_ratio": 1.6,
            "price_fair": 196.26,
            "eps_avg_yearly": 5.61,
            "eps_latest_yearly": 5.04,
            "eps_growth_yearly": 400.61
        },
        "20224": {
            "year_quarter": 20224,
            "year": 2022,
            "quarter": 4,
            "eps": 1.22,
            "eps_growth_year": 111.51,
            "eps_4q": 4.35,
            "eps_4q_growth_year": -11.16,
            "roe": 2.21,
            "roe_4q": 8.03,
            "gross_profit": 2046890,
            "gross_margin": 22.32,
            "gross_margin_4q_avg": 22.17,
            "net_income": 318885,
            "revenue": 9171205,
            "common_shares": 2723333,
            "book_valuer_per_share": 56.07,
            "book_valuer_per_share_4q_avg": 55.03,
            "equity": 14607809,
            "current_ratio": 183.47,
            "debt_ratio": 51.14,
            "inventory_turnover_ratio": 1.44,
            "account_receivable_turnover_ratio": 1.52,
            "reinvestment_rate": 23.93,
            "research_to_sale_ratio": 1.31,
            "price_fair": 203.79,
            "eps_avg_yearly": 5.82,
            "eps_latest_yearly": 4.88,
            "eps_growth_yearly": 404.37
        },
        "20231": {
            "year_quarter": 20231,
            "year": 2023,
            "quarter": 1,
            "eps": 1.84,
            "eps_growth_year": 44.88,
            "eps_4q": 4.91,
            "eps_4q_growth_year": 18.83,
            "roe": 3.27,
            "roe_4q": 9.040000000000001,
            "gross_profit": 1880976,
            "gross_margin": 22.86,
            "gross_margin_4q_avg": 22.36,
            "net_income": 486146,
            "revenue": 8228720,
            "common_shares": 2723333,
            "book_valuer_per_share": 57.87,
            "book_valuer_per_share_4q_avg": 55.43,
            "equity": 15091106,
            "current_ratio": 208.8,
            "debt_ratio": 46.31,
            "inventory_turnover_ratio": 1.39,
            "account_receivable_turnover_ratio": 1.48,
            "reinvestment_rate": 22.78,
            "research_to_sale_ratio": 1.41,
            "price_fair": 206.24,
            "eps_avg_yearly": 5.89,
            "eps_latest_yearly": 7.36,
            "eps_growth_yearly": 333.74
        }
    },
    "months": {
        "2003-01": {
            "month": "2003-01",
            "price": "61.62",
            "revenue": 94410
        },
        "2003-02": {
            "month": "2003-02",
            "price": "63.25",
            "revenue": 139616
        },
        "2003-03": {
            "month": "2003-03",
            "price": "59.14",
            "revenue": 103487
        },
        "2003-04": {
            "month": "2003-04",
            "price": "59.32",
            "revenue": 85694
        },
        "2003-05": {
            "month": "2003-05",
            "price": "58.24",
            "revenue": 91652
        },
        "2003-06": {
            "month": "2003-06",
            "price": "64.68",
            "revenue": 124739
        },
        "2003-07": {
            "month": "2003-07",
            "price": "59.85",
            "revenue": 98732
        },
        "2003-08": {
            "month": "2003-08",
            "price": "61.45",
            "revenue": 120239
        },
        "2003-09": {
            "month": "2003-09",
            "price": "64.43",
            "revenue": 155087
        },
        "2003-10": {
            "month": "2003-10",
            "price": "67.68",
            "revenue": 122895
        },
        "2003-11": {
            "month": "2003-11",
            "price": "63.38",
            "revenue": 138559
        },
        "2003-12": {
            "month": "2003-12",
            "price": "61.72",
            "revenue": 169174
        },
        "2004-01": {
            "month": "2004-01",
            "price": "61.77",
            "revenue": 157206
        },
        "2004-02": {
            "month": "2004-02",
            "price": "64.45",
            "revenue": 161076
        },
        "2004-03": {
            "month": "2004-03",
            "price": "59.13",
            "revenue": 158690
        },
        "2004-04": {
            "month": "2004-04",
            "price": "55.91",
            "revenue": 133092
        },
        "2004-05": {
            "month": "2004-05",
            "price": "48.51",
            "revenue": 146822
        },
        "2004-06": {
            "month": "2004-06",
            "price": "45.37",
            "revenue": 229657
        },
        "2004-07": {
            "month": "2004-07",
            "price": "37.49",
            "revenue": 123727
        },
        "2004-08": {
            "month": "2004-08",
            "price": "31.85",
            "revenue": 100906
        },
        "2004-09": {
            "month": "2004-09",
            "price": "40.70",
            "revenue": 165550
        },
        "2004-10": {
            "month": "2004-10",
            "price": "38.14",
            "revenue": 135670
        },
        "2004-11": {
            "month": "2004-11",
            "price": "38.11",
            "revenue": 124506
        },
        "2004-12": {
            "month": "2004-12",
            "price": "37.29",
            "revenue": 120861
        },
        "2005-01": {
            "month": "2005-01",
            "price": "36.07",
            "revenue": 211363
        },
        "2005-02": {
            "month": "2005-02",
            "price": "38.73",
            "revenue": 195120
        },
        "2005-03": {
            "month": "2005-03",
            "price": "38.58",
            "revenue": 316483
        },
        "2005-04": {
            "month": "2005-04",
            "price": "37.20",
            "revenue": 213569
        },
        "2005-05": {
            "month": "2005-05",
            "price": "35.61",
            "revenue": 220004
        },
        "2005-06": {
            "month": "2005-06",
            "price": "36.48",
            "revenue": 453455
        },
        "2005-07": {
            "month": "2005-07",
            "price": "35.28",
            "revenue": 239861
        },
        "2005-08": {
            "month": "2005-08",
            "price": "34.76",
            "revenue": 267108
        },
        "2005-09": {
            "month": "2005-09",
            "price": "35.27",
            "revenue": 418406
        },
        "2005-10": {
            "month": "2005-10",
            "price": "35.72",
            "revenue": 272449
        },
        "2005-11": {
            "month": "2005-11",
            "price": "33.35",
            "revenue": 306988
        },
        "2005-12": {
            "month": "2005-12",
            "price": "36.85",
            "revenue": 292007
        },
        "2006-01": {
            "month": "2006-01",
            "price": "36.25",
            "revenue": 273969
        },
        "2006-02": {
            "month": "2006-02",
            "price": "33.55",
            "revenue": 273585
        },
        "2006-03": {
            "month": "2006-03",
            "price": "29.68",
            "revenue": 348342
        },
        "2006-04": {
            "month": "2006-04",
            "price": "30.74",
            "revenue": 255255
        },
        "2006-05": {
            "month": "2006-05",
            "price": "32.14",
            "revenue": 293798
        },
        "2006-06": {
            "month": "2006-06",
            "price": "30.32",
            "revenue": 370608
        },
        "2006-07": {
            "month": "2006-07",
            "price": "30.59",
            "revenue": 222935
        },
        "2006-08": {
            "month": "2006-08",
            "price": "28.10",
            "revenue": 294150
        },
        "2006-09": {
            "month": "2006-09",
            "price": "27.51",
            "revenue": 305518
        },
        "2006-10": {
            "month": "2006-10",
            "price": "28.07",
            "revenue": 271491
        },
        "2006-11": {
            "month": "2006-11",
            "price": "29.16",
            "revenue": 258543
        },
        "2006-12": {
            "month": "2006-12",
            "price": "36.60",
            "revenue": 317146
        },
        "2007-01": {
            "month": "2007-01",
            "price": "35.47",
            "revenue": 654875
        },
        "2007-02": {
            "month": "2007-02",
            "price": "34.76",
            "revenue": 511571
        },
        "2007-03": {
            "month": "2007-03",
            "price": "32.73",
            "revenue": 772002
        },
        "2007-04": {
            "month": "2007-04",
            "price": "36.24",
            "revenue": 673830
        },
        "2007-05": {
            "month": "2007-05",
            "price": "34.83",
            "revenue": 669814
        },
        "2007-06": {
            "month": "2007-06",
            "price": "39.46",
            "revenue": 815198
        },
        "2007-07": {
            "month": "2007-07",
            "price": "44.70",
            "revenue": 665968
        },
        "2007-08": {
            "month": "2007-08",
            "price": "43.31",
            "revenue": 756335
        },
        "2007-09": {
            "month": "2007-09",
            "price": "43.74",
            "revenue": 764924
        },
        "2007-10": {
            "month": "2007-10",
            "price": "43.02",
            "revenue": 692350
        },
        "2007-11": {
            "month": "2007-11",
            "price": "36.56",
            "revenue": 821636
        },
        "2007-12": {
            "month": "2007-12",
            "price": "32.07",
            "revenue": 921239
        },
        "2008-01": {
            "month": "2008-01",
            "price": "29.98",
            "revenue": 713033
        },
        "2008-02": {
            "month": "2008-02",
            "price": "31.18",
            "revenue": 634212
        },
        "2008-03": {
            "month": "2008-03",
            "price": "31.24",
            "revenue": 902035
        },
        "2008-04": {
            "month": "2008-04",
            "price": "32.23",
            "revenue": 736203
        },
        "2008-05": {
            "month": "2008-05",
            "price": "32.45",
            "revenue": 665948
        },
        "2008-06": {
            "month": "2008-06",
            "price": "28.66",
            "revenue": 1040730
        },
        "2008-07": {
            "month": "2008-07",
            "price": "25.28",
            "revenue": 762858
        },
        "2008-08": {
            "month": "2008-08",
            "price": "26.02",
            "revenue": 674624
        },
        "2008-09": {
            "month": "2008-09",
            "price": "22.46",
            "revenue": 946295
        },
        "2008-10": {
            "month": "2008-10",
            "price": "18.71",
            "revenue": 734273
        },
        "2008-11": {
            "month": "2008-11",
            "price": "18.29",
            "revenue": 910575
        },
        "2008-12": {
            "month": "2008-12",
            "price": "18.72",
            "revenue": 1076779
        },
        "2009-01": {
            "month": "2009-01",
            "price": "17.68",
            "revenue": 650390
        },
        "2009-02": {
            "month": "2009-02",
            "price": "17.88",
            "revenue": 601338
        },
        "2009-03": {
            "month": "2009-03",
            "price": "19.31",
            "revenue": 715344
        },
        "2009-04": {
            "month": "2009-04",
            "price": "20.54",
            "revenue": 639765
        },
        "2009-05": {
            "month": "2009-05",
            "price": "27.72",
            "revenue": 737071
        },
        "2009-06": {
            "month": "2009-06",
            "price": "28.32",
            "revenue": 835503
        },
        "2009-07": {
            "month": "2009-07",
            "price": "31.30",
            "revenue": 635455
        },
        "2009-08": {
            "month": "2009-08",
            "price": "31.04",
            "revenue": 632260
        },
        "2009-09": {
            "month": "2009-09",
            "price": "38.71",
            "revenue": 726109
        },
        "2009-10": {
            "month": "2009-10",
            "price": "40.25",
            "revenue": 640431
        },
        "2009-11": {
            "month": "2009-11",
            "price": "42.74",
            "revenue": 702892
        },
        "2009-12": {
            "month": "2009-12",
            "price": "47.01",
            "revenue": 936531
        },
        "2010-01": {
            "month": "2010-01",
            "price": "47.51",
            "revenue": 665200
        },
        "2010-02": {
            "month": "2010-02",
            "price": "40.47",
            "revenue": 633260
        },
        "2010-03": {
            "month": "2010-03",
            "price": "47.34",
            "revenue": 774584
        },
        "2010-04": {
            "month": "2010-04",
            "price": "49.27",
            "revenue": 512860
        },
        "2010-05": {
            "month": "2010-05",
            "price": "43.07",
            "revenue": 984228
        },
        "2010-06": {
            "month": "2010-06",
            "price": "43.08",
            "revenue": 1309523
        },
        "2010-07": {
            "month": "2010-07",
            "price": "46.24",
            "revenue": 852517
        },
        "2010-08": {
            "month": "2010-08",
            "price": "44.11",
            "revenue": 1012772
        },
        "2010-09": {
            "month": "2010-09",
            "price": "40.61",
            "revenue": 1212678
        },
        "2010-10": {
            "month": "2010-10",
            "price": "43.27",
            "revenue": 966283
        },
        "2010-11": {
            "month": "2010-11",
            "price": "41.07",
            "revenue": 1078434
        },
        "2010-12": {
            "month": "2010-12",
            "price": "46.30",
            "revenue": 1982362
        },
        "2011-01": {
            "month": "2011-01",
            "price": "45.24",
            "revenue": 1106744
        },
        "2011-02": {
            "month": "2011-02",
            "price": "41.51",
            "revenue": 749478
        },
        "2011-03": {
            "month": "2011-03",
            "price": "40.18",
            "revenue": 1327877
        },
        "2011-04": {
            "month": "2011-04",
            "price": "42.21",
            "revenue": 949888
        },
        "2011-05": {
            "month": "2011-05",
            "price": "41.37",
            "revenue": 986406
        },
        "2011-06": {
            "month": "2011-06",
            "price": "41.48",
            "revenue": 1246328
        },
        "2011-07": {
            "month": "2011-07",
            "price": "39.94",
            "revenue": 1041037
        },
        "2011-08": {
            "month": "2011-08",
            "price": "35.52",
            "revenue": 974197
        },
        "2011-09": {
            "month": "2011-09",
            "price": "35.17",
            "revenue": 1341983
        },
        "2011-10": {
            "month": "2011-10",
            "price": "34.56",
            "revenue": 1022859
        },
        "2011-11": {
            "month": "2011-11",
            "price": "31.46",
            "revenue": 1020139
        },
        "2011-12": {
            "month": "2011-12",
            "price": "31.37",
            "revenue": 2025962
        },
        "2012-01": {
            "month": "2012-01",
            "price": "31.10",
            "revenue": 943091
        },
        "2012-02": {
            "month": "2012-02",
            "price": "33.54",
            "revenue": 1275066
        },
        "2012-03": {
            "month": "2012-03",
            "price": "32.87",
            "revenue": 1207978
        },
        "2012-04": {
            "month": "2012-04",
            "price": "31.18",
            "revenue": 949600
        },
        "2012-05": {
            "month": "2012-05",
            "price": "31.00",
            "revenue": 967287
        },
        "2012-06": {
            "month": "2012-06",
            "price": "30.13",
            "revenue": 1393106
        },
        "2012-07": {
            "month": "2012-07",
            "price": "29.49",
            "revenue": 1004191
        },
        "2012-08": {
            "month": "2012-08",
            "price": "30.28",
            "revenue": 1054987
        },
        "2012-09": {
            "month": "2012-09",
            "price": "30.65",
            "revenue": 1275725
        },
        "2012-10": {
            "month": "2012-10",
            "price": "32.80",
            "revenue": 1196770
        },
        "2012-11": {
            "month": "2012-11",
            "price": "31.00",
            "revenue": 1191293
        },
        "2012-12": {
            "month": "2012-12",
            "price": "32.26",
            "revenue": 2089976
        },
        "2013-01": {
            "month": "2013-01",
            "price": "33.90",
            "revenue": 1307631
        },
        "2013-02": {
            "month": "2013-02",
            "price": "34.87",
            "revenue": 883146
        },
        "2013-03": {
            "month": "2013-03",
            "price": "36.07",
            "revenue": 1444513
        },
        "2013-04": {
            "month": "2013-04",
            "price": "35.14",
            "revenue": 1082813
        },
        "2013-05": {
            "month": "2013-05",
            "price": "35.81",
            "revenue": 1162110
        },
        "2013-06": {
            "month": "2013-06",
            "price": "36.03",
            "revenue": 1544848
        },
        "2013-07": {
            "month": "2013-07",
            "price": "35.72",
            "revenue": 1160816
        },
        "2013-08": {
            "month": "2013-08",
            "price": "42.57",
            "revenue": 994931
        },
        "2013-09": {
            "month": "2013-09",
            "price": "48.22",
            "revenue": 1453317
        },
        "2013-10": {
            "month": "2013-10",
            "price": "55.00",
            "revenue": 1120792
        },
        "2013-11": {
            "month": "2013-11",
            "price": "55.16",
            "revenue": 1026851
        },
        "2013-12": {
            "month": "2013-12",
            "price": "66.29",
            "revenue": 2558975
        },
        "2014-01": {
            "month": "2014-01",
            "price": "67.91",
            "revenue": 1467809
        },
        "2014-02": {
            "month": "2014-02",
            "price": "66.99",
            "revenue": 1107520
        },
        "2014-03": {
            "month": "2014-03",
            "price": "70.52",
            "revenue": 1391899
        },
        "2014-04": {
            "month": "2014-04",
            "price": "67.70",
            "revenue": 1062118
        },
        "2014-05": {
            "month": "2014-05",
            "price": "57.24",
            "revenue": 1026480
        },
        "2014-06": {
            "month": "2014-06",
            "price": "58.10",
            "revenue": 1474590
        },
        "2014-07": {
            "month": "2014-07",
            "price": "53.37",
            "revenue": 1228481
        },
        "2014-08": {
            "month": "2014-08",
            "price": "48.03",
            "revenue": 1121202
        },
        "2014-09": {
            "month": "2014-09",
            "price": "55.20",
            "revenue": 1441870
        },
        "2014-10": {
            "month": "2014-10",
            "price": "53.17",
            "revenue": 1163453
        },
        "2014-11": {
            "month": "2014-11",
            "price": "53.50",
            "revenue": 1186230
        },
        "2014-12": {
            "month": "2014-12",
            "price": "56.75",
            "revenue": 2137307
        },
        "2015-01": {
            "month": "2015-01",
            "price": "59.56",
            "revenue": 1323921
        },
        "2015-02": {
            "month": "2015-02",
            "price": "56.13",
            "revenue": 881217
        },
        "2015-03": {
            "month": "2015-03",
            "price": "55.73",
            "revenue": 1583922
        },
        "2015-04": {
            "month": "2015-04",
            "price": "58.36",
            "revenue": 1111342
        },
        "2015-05": {
            "month": "2015-05",
            "price": "63.23",
            "revenue": 1092445
        },
        "2015-06": {
            "month": "2015-06",
            "price": "76.14",
            "revenue": 1717224
        },
        "2015-07": {
            "month": "2015-07",
            "price": "60.31",
            "revenue": 1070352
        },
        "2015-08": {
            "month": "2015-08",
            "price": "51.57",
            "revenue": 1200938
        },
        "2015-09": {
            "month": "2015-09",
            "price": "53.92",
            "revenue": 1584924
        },
        "2015-10": {
            "month": "2015-10",
            "price": "59.40",
            "revenue": 1166061
        },
        "2015-11": {
            "month": "2015-11",
            "price": "60.09",
            "revenue": 1188023
        },
        "2015-12": {
            "month": "2015-12",
            "price": "54.71",
            "revenue": 2391994
        },
        "2016-01": {
            "month": "2016-01",
            "price": "50.08",
            "revenue": 1246302
        },
        "2016-02": {
            "month": "2016-02",
            "price": "52.33",
            "revenue": 893135
        },
        "2016-03": {
            "month": "2016-03",
            "price": "56.80",
            "revenue": 1584206
        },
        "2016-04": {
            "month": "2016-04",
            "price": "56.81",
            "revenue": 1123899
        },
        "2016-05": {
            "month": "2016-05",
            "price": "52.76",
            "revenue": 1109907
        },
        "2016-06": {
            "month": "2016-06",
            "price": "55.41",
            "revenue": 1748280
        },
        "2016-07": {
            "month": "2016-07",
            "price": "54.88",
            "revenue": 1136168
        },
        "2016-08": {
            "month": "2016-08",
            "price": "51.96",
            "revenue": 1257142
        },
        "2016-09": {
            "month": "2016-09",
            "price": "51.56",
            "revenue": 1498867
        },
        "2016-10": {
            "month": "2016-10",
            "price": "53.06",
            "revenue": 1157632
        },
        "2016-11": {
            "month": "2016-11",
            "price": "53.37",
            "revenue": 1115719
        },
        "2016-12": {
            "month": "2016-12",
            "price": "57.44",
            "revenue": 2337803
        },
        "2017-01": {
            "month": "2017-01",
            "price": "58.96",
            "revenue": 1217643
        },
        "2017-02": {
            "month": "2017-02",
            "price": "61.41",
            "revenue": 1132519
        },
        "2017-03": {
            "month": "2017-03",
            "price": "65.52",
            "revenue": 1355189
        },
        "2017-04": {
            "month": "2017-04",
            "price": "61.79",
            "revenue": 1308106
        },
        "2017-05": {
            "month": "2017-05",
            "price": "61.76",
            "revenue": 1089639
        },
        "2017-06": {
            "month": "2017-06",
            "price": "63.73",
            "revenue": 1685219
        },
        "2017-07": {
            "month": "2017-07",
            "price": "60.70",
            "revenue": 1424475
        },
        "2017-08": {
            "month": "2017-08",
            "price": "57.77",
            "revenue": 1341388
        },
        "2017-09": {
            "month": "2017-09",
            "price": "58.08",
            "revenue": 1538972
        },
        "2017-10": {
            "month": "2017-10",
            "price": "58.37",
            "revenue": 1309524
        },
        "2017-11": {
            "month": "2017-11",
            "price": "59.24",
            "revenue": 1313209
        },
        "2017-12": {
            "month": "2017-12",
            "price": "58.64",
            "revenue": 2158396
        },
        "2018-01": {
            "month": "2018-01",
            "price": "60.27",
            "revenue": 1530984
        },
        "2018-02": {
            "month": "2018-02",
            "price": "59.22",
            "revenue": 1046845
        },
        "2018-03": {
            "month": "2018-03",
            "price": "61.50",
            "revenue": 1566356
        },
        "2018-04": {
            "month": "2018-04",
            "price": "63.65",
            "revenue": 1434856
        },
        "2018-05": {
            "month": "2018-05",
            "price": "64.35",
            "revenue": 1270277
        },
        "2018-06": {
            "month": "2018-06",
            "price": "66.42",
            "revenue": 2133794
        },
        "2018-07": {
            "month": "2018-07",
            "price": "63.78",
            "revenue": 1506410
        },
        "2018-08": {
            "month": "2018-08",
            "price": "63.21",
            "revenue": 1463653
        },
        "2018-09": {
            "month": "2018-09",
            "price": "64.45",
            "revenue": 2031249
        },
        "2018-10": {
            "month": "2018-10",
            "price": "62.25",
            "revenue": 1550922
        },
        "2018-11": {
            "month": "2018-11",
            "price": "62.44",
            "revenue": 1504067
        },
        "2018-12": {
            "month": "2018-12",
            "price": "61.68",
            "revenue": 2479678
        },
        "2019-01": {
            "month": "2019-01",
            "price": "62.96",
            "revenue": 2050610
        },
        "2019-02": {
            "month": "2019-02",
            "price": "65.08",
            "revenue": 1232773
        },
        "2019-03": {
            "month": "2019-03",
            "price": "66.25",
            "revenue": 1657261
        },
        "2019-04": {
            "month": "2019-04",
            "price": "67.58",
            "revenue": 1904088
        },
        "2019-05": {
            "month": "2019-05",
            "price": "71.94",
            "revenue": 1464337
        },
        "2019-06": {
            "month": "2019-06",
            "price": "74.65",
            "revenue": 2057440
        },
        "2019-07": {
            "month": "2019-07",
            "price": "74.38",
            "revenue": 1943656
        },
        "2019-08": {
            "month": "2019-08",
            "price": "72.75",
            "revenue": 1786534
        },
        "2019-09": {
            "month": "2019-09",
            "price": "73.04",
            "revenue": 1946401
        },
        "2019-10": {
            "month": "2019-10",
            "price": "73.18",
            "revenue": 1594307
        },
        "2019-11": {
            "month": "2019-11",
            "price": "75.28",
            "revenue": 1622572
        },
        "2019-12": {
            "month": "2019-12",
            "price": "74.90",
            "revenue": 2804732
        },
        "2020-01": {
            "month": "2020-01",
            "price": "76.88",
            "revenue": 1947370
        },
        "2020-02": {
            "month": "2020-02",
            "price": "80.15",
            "revenue": 2026187
        },
        "2020-03": {
            "month": "2020-03",
            "price": "75.29",
            "revenue": 1784803
        },
        "2020-04": {
            "month": "2020-04",
            "price": "77.97",
            "revenue": 1940278
        },
        "2020-05": {
            "month": "2020-05",
            "price": "79.08",
            "revenue": 1659224
        },
        "2020-06": {
            "month": "2020-06",
            "price": "80.46",
            "revenue": 2266077
        },
        "2020-07": {
            "month": "2020-07",
            "price": "83.20",
            "revenue": 1991664
        },
        "2020-08": {
            "month": "2020-08",
            "price": "83.70",
            "revenue": 1603968
        },
        "2020-09": {
            "month": "2020-09",
            "price": "83.70",
            "revenue": 1973028
        },
        "2020-10": {
            "month": "2020-10",
            "price": "81.96",
            "revenue": 1532063
        },
        "2020-11": {
            "month": "2020-11",
            "price": "82.96",
            "revenue": 1989129
        },
        "2020-12": {
            "month": "2020-12",
            "price": "86.31",
            "revenue": 3021484
        },
        "2021-01": {
            "month": "2021-01",
            "price": "85.99",
            "revenue": 2839395
        },
        "2021-02": {
            "month": "2021-02",
            "price": "85.34",
            "revenue": 1798150
        },
        "2021-03": {
            "month": "2021-03",
            "price": "87.00",
            "revenue": 2713242
        },
        "2021-04": {
            "month": "2021-04",
            "price": "89.19",
            "revenue": 2213247
        },
        "2021-05": {
            "month": "2021-05",
            "price": "87.72",
            "revenue": 1998491
        },
        "2021-06": {
            "month": "2021-06",
            "price": "88.37",
            "revenue": 2607508
        },
        "2021-07": {
            "month": "2021-07",
            "price": "88.65",
            "revenue": 2536565
        },
        "2021-08": {
            "month": "2021-08",
            "price": "85.87",
            "revenue": 2800511
        },
        "2021-09": {
            "month": "2021-09",
            "price": "86.55",
            "revenue": 2444685
        },
        "2021-10": {
            "month": "2021-10",
            "price": "86.44",
            "revenue": 2333066
        },
        "2021-11": {
            "month": "2021-11",
            "price": "86.57",
            "revenue": 1959040
        },
        "2021-12": {
            "month": "2021-12",
            "price": "84.78",
            "revenue": 3283057
        },
        "2022-01": {
            "month": "2022-01",
            "price": "84.78",
            "revenue": 2549600
        },
        "2022-02": {
            "month": "2022-02",
            "price": "83.70",
            "revenue": 2349498
        },
        "2022-03": {
            "month": "2022-03",
            "price": "81.29",
            "revenue": 2815984
        },
        "2022-04": {
            "month": "2022-04",
            "price": "80.96",
            "revenue": 2169353
        },
        "2022-05": {
            "month": "2022-05",
            "price": "78.21",
            "revenue": 2188400
        },
        "2022-06": {
            "month": "2022-06",
            "price": "75.90",
            "revenue": 3338258
        },
        "2022-07": {
            "month": "2022-07",
            "price": "72.14",
            "revenue": 2852649
        },
        "2022-08": {
            "month": "2022-08",
            "price": "72.72",
            "revenue": 2817723
        },
        "2022-09": {
            "month": "2022-09",
            "price": "71.12",
            "revenue": 2876182
        },
        "2022-10": {
            "month": "2022-10",
            "price": "66.30",
            "revenue": 2743035
        },
        "2022-11": {
            "month": "2022-11",
            "price": "67.12",
            "revenue": 2449841
        },
        "2022-12": {
            "month": "2022-12",
            "price": "69.70",
            "revenue": 4005102
        },
        "2023-01": {
            "month": "2023-01",
            "price": "72.28",
            "revenue": 2998122
        },
        "2023-02": {
            "month": "2023-02",
            "price": "75.23",
            "revenue": 2566025
        },
        "2023-03": {
            "month": "2023-03",
            "price": "77.26",
            "revenue": 2664573
        },
        "2023-04": {
            "month": "2023-04",
            "price": "80.20",
            "revenue": 2691991
        },
        "2023-05": {
            "month": "2023-05",
            "price": "92.97",
            "revenue": 2637854
        }
    }
}
