{
    "summary": {
        "stock_name": "和椿",
        "stock_id": "6215",
        "category": "其他電子",
        "main_business": "自動化系統業務<br>安全裝置系統業務<br>其他",
        "website_url": "http://www.aurotek.com.tw",
        "ceo": "朱鋑隆",
        "pe_ratio": 13,
        "report_year_from": 2001,
        "report_year_to": 2023,
        "age": 22,
        "eps_negative_percentage": 0,
        "eps_growth_avg": {
            "last_all": 8.45,
            "last_2y": 46.88,
            "last_4y": 26.88,
            "last_8y": 27.85,
            "last_12y": 18.59,
            "last_16y": 7.2,
            "last_20y": null,
            "at_2006_last_3y": 4.38,
            "at_2007_last_3y": 15.93,
            "at_2008_last_3y": -23.69,
            "at_2009_last_3y": -29.8,
            "at_2010_last_3y": 2.46,
            "at_2011_last_3y": -17.03,
            "at_2012_last_3y": -12.16,
            "at_2013_last_3y": -2.25,
            "at_2014_last_3y": -2.25,
            "at_2015_last_3y": -6.8,
            "at_2016_last_3y": 23.92,
            "at_2017_last_3y": 29.07,
            "at_2018_last_3y": 2.51,
            "at_2019_last_3y": 22.48,
            "at_2020_last_3y": 16.51,
            "at_2021_last_3y": 38.44,
            "at_2022_last_3y": 35.16,
            "at_2023_last_3y": 35.16,
            "at_2006_last_all": 4.38,
            "at_2007_last_all": 6.76,
            "at_2008_last_all": -4.12,
            "at_2009_last_all": -10.38,
            "at_2010_last_all": 3.42,
            "at_2011_last_all": -3.82,
            "at_2012_last_all": -7.33,
            "at_2013_last_all": -7.42,
            "at_2014_last_all": 1.53,
            "at_2015_last_all": -4.73,
            "at_2016_last_all": 1.6,
            "at_2017_last_all": 2.31,
            "at_2018_last_all": 1.77,
            "at_2019_last_all": 1.67,
            "at_2020_last_all": 4.91,
            "at_2021_last_all": 9.91,
            "at_2022_last_all": 8.45,
            "at_2023_last_all": 8.45
        },
        "latest_eps": 2.19,
        "latest_price": 29.2,
        "latest_roe": 12.51,
        "latest_gross_margin": 30.69,
        "latest_equity": 1359699,
        "latest_revenue": 263924,
        "latest_gross_profit": 81003,
        "latest_net_income": 27498,
        "latest_debt_ratio": 28.45,
        "latest_current_ratio": 269.82,
        "latest_account_receivable_turnover_ratio": 0.75,
        "latest_inventory_turnover_ratio": 0.48,
        "latest_reinvestment_rate": -43.36,
        "latest_research_to_sale_ratio": 2.6
    },
    "eps_dividends": {
        "2001": {
            "cash": 0,
            "stock": 0,
            "eps": 0
        },
        "2002": {
            "cash": 0,
            "stock": 0.35,
            "eps": 2.54
        },
        "2003": {
            "cash": 0.4,
            "stock": 2.65,
            "eps": 1.78
        },
        "2004": {
            "cash": 0.28,
            "stock": 1.7,
            "eps": 3.74
        },
        "2005": {
            "cash": 0.99,
            "stock": 1.98,
            "eps": 2.86
        },
        "2006": {
            "cash": 0.41,
            "stock": 2.12,
            "eps": 2.03
        },
        "2007": {
            "cash": 0.8,
            "stock": 0.8,
            "eps": 2.36
        },
        "2008": {
            "cash": 1.25,
            "stock": 0.5,
            "eps": 0.98
        },
        "2009": {
            "cash": 0.75,
            "stock": 0,
            "eps": 0.51
        },
        "2010": {
            "cash": 0,
            "stock": 0,
            "eps": 1.54
        },
        "2011": {
            "cash": 2.2,
            "stock": 0,
            "eps": 0.59
        },
        "2012": {
            "cash": 0,
            "stock": 0,
            "eps": 0.36
        },
        "2013": {
            "cash": 0,
            "stock": 0,
            "eps": 0.33
        },
        "2014": {
            "cash": 0.6,
            "stock": 0,
            "eps": 1.54
        },
        "2015": {
            "cash": 1,
            "stock": 0,
            "eps": 0.31
        },
        "2016": {
            "cash": 0.25,
            "stock": 0,
            "eps": 0.57
        },
        "2017": {
            "cash": 0.5,
            "stock": 0,
            "eps": 0.64
        },
        "2018": {
            "cash": 0.6,
            "stock": 0,
            "eps": 0.6
        },
        "2019": {
            "cash": 0.5,
            "stock": 0,
            "eps": 0.6
        },
        "2020": {
            "cash": 0.5,
            "stock": 0,
            "eps": 0.96
        },
        "2021": {
            "cash": 0.5,
            "stock": 0,
            "eps": 3.2
        },
        "2022": {
            "cash": 1.8,
            "stock": 0,
            "eps": 2.58
        },
        "2023": {
            "cash": 1.8,
            "stock": 0,
            "eps": 0.33
        }
    },
    "dividends": {
        "2002-05-30": {
            "cash": 0,
            "stock": 0.35
        },
        "2003-03-24": {
            "cash": 0.4,
            "stock": 2.65
        },
        "2004-03-16": {
            "cash": 0.28,
            "stock": 1.7
        },
        "2005-04-01": {
            "cash": 0.99,
            "stock": 1.98
        },
        "2006-04-26": {
            "cash": 0.41,
            "stock": 2.12
        },
        "2007-04-23": {
            "cash": 0.8,
            "stock": 0.8
        },
        "2008-04-22": {
            "cash": 1.25,
            "stock": 0.5
        },
        "2009-03-31": {
            "cash": 0.75,
            "stock": 0
        },
        "2011-01-01": {
            "cash": 0.4,
            "stock": 0
        },
        "2011-04-19": {
            "cash": 1.8,
            "stock": 0
        },
        "2014-08-25": {
            "cash": 0.6,
            "stock": 0
        },
        "2015-08-14": {
            "cash": 1,
            "stock": 0
        },
        "2016-08-05": {
            "cash": 0.25,
            "stock": 0
        },
        "2017-08-02": {
            "cash": 0.5,
            "stock": 0
        },
        "2018-08-03": {
            "cash": 0.6,
            "stock": 0
        },
        "2019-08-01": {
            "cash": 0.5,
            "stock": 0
        },
        "2020-08-03": {
            "cash": 0.5,
            "stock": 0
        },
        "2021-09-15": {
            "cash": 0.5,
            "stock": 0
        },
        "2022-08-03": {
            "cash": 1.8,
            "stock": 0
        },
        "2023-03-16": {
            "cash": 1.8,
            "stock": 0
        }
    },
    "prices": {
        "200101": "無",
        "200102": "無",
        "200103": "無",
        "200104": "無",
        "200105": "無",
        "200106": "無",
        "200107": "無",
        "200108": "無",
        "200109": "無",
        "200110": "無",
        "200111": "無",
        "200112": "無",
        "200201": "無",
        "200202": "無",
        "200203": "無",
        "200204": "無",
        "200205": "無",
        "200206": "無",
        "200207": "無",
        "200208": "無",
        "200209": "無",
        "200210": "無",
        "200211": "無",
        "200212": "32.77",
        "200301": "35.53",
        "200302": "43.61",
        "200303": "43.67",
        "200304": "46.15",
        "200305": "32.27",
        "200306": "36.48",
        "200307": "35.74",
        "200308": "31.70",
        "200309": "27.85",
        "200310": "27.25",
        "200311": "29.12",
        "200312": "28.16",
        "200401": "26.26",
        "200402": "28.21",
        "200403": "28.24",
        "200404": "27.95",
        "200405": "27.91",
        "200406": "28.58",
        "200407": "30.36",
        "200408": "31.73",
        "200409": "30.90",
        "200410": "32.47",
        "200411": "33.79",
        "200412": "34.53",
        "200501": "33.39",
        "200502": "37.66",
        "200503": "39.55",
        "200504": "46.97",
        "200505": "46.05",
        "200506": "48.06",
        "200507": "49.71",
        "200508": "57.86",
        "200509": "55.56",
        "200510": "60.20",
        "200511": "60.95",
        "200512": "61.78",
        "200601": "92.37",
        "200602": "92.06",
        "200603": "62.25",
        "200604": "58.42",
        "200605": "51.76",
        "200606": "48.70",
        "200607": "48.83",
        "200608": "41.67",
        "200609": "38.30",
        "200610": "37.69",
        "200611": "38.22",
        "200612": "46.51",
        "200701": "43.73",
        "200702": "41.59",
        "200703": "47.29",
        "200704": "57.68",
        "200705": "55.85",
        "200706": "57.24",
        "200707": "57.26",
        "200708": "58.97",
        "200709": "52.61",
        "200710": "48.87",
        "200711": "43.57",
        "200712": "45.00",
        "200801": "40.95",
        "200802": "39.45",
        "200803": "39.75",
        "200804": "38.17",
        "200805": "36.72",
        "200806": "31.81",
        "200807": "20.19",
        "200808": "18.94",
        "200809": "14.45",
        "200810": "12.12",
        "200811": "10.83",
        "200812": "10.19",
        "200901": "10.79",
        "200902": "9.96",
        "200903": "12.56",
        "200904": "14.78",
        "200905": "15.87",
        "200906": "14.85",
        "200907": "15.92",
        "200908": "15.98",
        "200909": "17.13",
        "200910": "21.36",
        "200911": "23.87",
        "200912": "27.86",
        "201001": "31.94",
        "201002": "31.56",
        "201003": "33.25",
        "201004": "34.25",
        "201005": "30.14",
        "201006": "26.20",
        "201007": "26.48",
        "201008": "29.88",
        "201009": "28.10",
        "201010": "28.48",
        "201011": "28.53",
        "201012": "27.70",
        "201101": "27.31",
        "201102": "24.89",
        "201103": "23.25",
        "201104": "23.18",
        "201105": "22.71",
        "201106": "27.76",
        "201107": "26.11",
        "201108": "18.50",
        "201109": "15.68",
        "201110": "13.69",
        "201111": "12.83",
        "201112": "12.28",
        "201201": "12.01",
        "201202": "14.37",
        "201203": "14.55",
        "201204": "12.85",
        "201205": "12.09",
        "201206": "11.13",
        "201207": "11.82",
        "201208": "11.82",
        "201209": "13.72",
        "201210": "12.81",
        "201211": "11.91",
        "201212": "11.90",
        "201301": "11.92",
        "201302": "12.22",
        "201303": "12.10",
        "201304": "11.58",
        "201305": "11.81",
        "201306": "12.00",
        "201307": "11.54",
        "201308": "12.38",
        "201309": "17.35",
        "201310": "17.12",
        "201311": "20.90",
        "201312": "18.71",
        "201401": "16.86",
        "201402": "16.60",
        "201403": "17.52",
        "201404": "17.50",
        "201405": "15.71",
        "201406": "16.40",
        "201407": "17.89",
        "201408": "24.33",
        "201409": "27.39",
        "201410": "23.10",
        "201411": "22.14",
        "201412": "24.10",
        "201501": "24.88",
        "201502": "24.43",
        "201503": "24.51",
        "201504": "23.07",
        "201505": "20.30",
        "201506": "18.90",
        "201507": "15.79",
        "201508": "11.38",
        "201509": "13.52",
        "201510": "13.77",
        "201511": "13.31",
        "201512": "12.67",
        "201601": "11.24",
        "201602": "12.38",
        "201603": "13.84",
        "201604": "13.01",
        "201605": "11.80",
        "201606": "13.83",
        "201607": "15.04",
        "201608": "14.48",
        "201609": "14.46",
        "201610": "12.64",
        "201611": "11.89",
        "201612": "12.55",
        "201701": "12.35",
        "201702": "12.74",
        "201703": "13.11",
        "201704": "12.62",
        "201705": "13.80",
        "201706": "14.05",
        "201707": "13.93",
        "201708": "17.73",
        "201709": "19.09",
        "201710": "19.30",
        "201711": "19.94",
        "201712": "19.01",
        "201801": "23.67",
        "201802": "26.97",
        "201803": "25.24",
        "201804": "20.56",
        "201805": "20.22",
        "201806": "21.77",
        "201807": "19.40",
        "201808": "18.62",
        "201809": "17.70",
        "201810": "13.88",
        "201811": "13.07",
        "201812": "14.51",
        "201901": "14.51",
        "201902": "16.30",
        "201903": "19.20",
        "201904": "19.16",
        "201905": "16.57",
        "201906": "16.52",
        "201907": "16.29",
        "201908": "15.31",
        "201909": "15.74",
        "201910": "15.55",
        "201911": "14.96",
        "201912": "15.48",
        "202001": "15.40",
        "202002": "13.96",
        "202003": "11.96",
        "202004": "12.87",
        "202005": "14.98",
        "202006": "15.14",
        "202007": "15.14",
        "202008": "15.51",
        "202009": "16.57",
        "202010": "15.53",
        "202011": "15.65",
        "202012": "16.28",
        "202101": "17.45",
        "202102": "19.01",
        "202103": "23.33",
        "202104": "23.76",
        "202105": "21.83",
        "202106": "23.44",
        "202107": "32.29",
        "202108": "32.18",
        "202109": "29.09",
        "202110": "26.81",
        "202111": "30.06",
        "202112": "30.26",
        "202201": "27.35",
        "202202": "27.03",
        "202203": "26.59",
        "202204": "25.45",
        "202205": "23.68",
        "202206": "24.73",
        "202207": "21.89",
        "202208": "23.71",
        "202209": "22.01",
        "202210": "19.73",
        "202211": "20.62",
        "202212": "20.53",
        "202301": "22.95",
        "202302": "25.89",
        "202303": "26.84",
        "202304": "28.38",
        "202305": "27.72"
    },
    "quarters": {
        "20011": {
            "year_quarter": 20011,
            "year": 2001,
            "quarter": 1,
            "eps": null,
            "eps_growth_year": null,
            "eps_4q": null,
            "eps_4q_growth_year": null,
            "roe": null,
            "roe_4q": 0,
            "gross_profit": null,
            "gross_margin": null,
            "gross_margin_4q_avg": 0,
            "net_income": null,
            "revenue": null,
            "common_shares": null,
            "book_valuer_per_share": null,
            "book_valuer_per_share_4q_avg": 0,
            "equity": null,
            "current_ratio": null,
            "debt_ratio": null,
            "inventory_turnover_ratio": null,
            "account_receivable_turnover_ratio": null,
            "reinvestment_rate": null,
            "research_to_sale_ratio": null,
            "price_fair": 0,
            "eps_avg_yearly": 0,
            "eps_latest_yearly": 0,
            "eps_growth_yearly": 0
        },
        "20012": {
            "year_quarter": 20012,
            "year": 2001,
            "quarter": 2,
            "eps": null,
            "eps_growth_year": null,
            "eps_4q": null,
            "eps_4q_growth_year": null,
            "roe": null,
            "roe_4q": 0,
            "gross_profit": null,
            "gross_margin": null,
            "gross_margin_4q_avg": 0,
            "net_income": null,
            "revenue": null,
            "common_shares": null,
            "book_valuer_per_share": null,
            "book_valuer_per_share_4q_avg": 0,
            "equity": null,
            "current_ratio": null,
            "debt_ratio": null,
            "inventory_turnover_ratio": null,
            "account_receivable_turnover_ratio": null,
            "reinvestment_rate": null,
            "research_to_sale_ratio": null,
            "price_fair": 0,
            "eps_avg_yearly": 0,
            "eps_latest_yearly": 0,
            "eps_growth_yearly": 0
        },
        "20013": {
            "year_quarter": 20013,
            "year": 2001,
            "quarter": 3,
            "eps": null,
            "eps_growth_year": null,
            "eps_4q": null,
            "eps_4q_growth_year": null,
            "roe": null,
            "roe_4q": 0,
            "gross_profit": null,
            "gross_margin": null,
            "gross_margin_4q_avg": 0,
            "net_income": null,
            "revenue": null,
            "common_shares": null,
            "book_valuer_per_share": null,
            "book_valuer_per_share_4q_avg": 0,
            "equity": null,
            "current_ratio": null,
            "debt_ratio": null,
            "inventory_turnover_ratio": null,
            "account_receivable_turnover_ratio": null,
            "reinvestment_rate": null,
            "research_to_sale_ratio": null,
            "price_fair": 0,
            "eps_avg_yearly": 0,
            "eps_latest_yearly": 0,
            "eps_growth_yearly": 0
        },
        "20014": {
            "year_quarter": 20014,
            "year": 2001,
            "quarter": 4,
            "eps": null,
            "eps_growth_year": null,
            "eps_4q": null,
            "eps_4q_growth_year": null,
            "roe": null,
            "roe_4q": 0,
            "gross_profit": null,
            "gross_margin": null,
            "gross_margin_4q_avg": 0,
            "net_income": null,
            "revenue": null,
            "common_shares": 142000,
            "book_valuer_per_share": 15.18,
            "book_valuer_per_share_4q_avg": 3.8,
            "equity": 215490,
            "current_ratio": 163.92,
            "debt_ratio": 51.72,
            "inventory_turnover_ratio": null,
            "account_receivable_turnover_ratio": null,
            "reinvestment_rate": null,
            "research_to_sale_ratio": null,
            "price_fair": 0,
            "eps_avg_yearly": 0,
            "eps_latest_yearly": 0,
            "eps_growth_yearly": 0
        },
        "20021": {
            "year_quarter": 20021,
            "year": 2002,
            "quarter": 1,
            "eps": 0.55,
            "eps_growth_year": null,
            "eps_4q": null,
            "eps_4q_growth_year": null,
            "roe": 4.86,
            "roe_4q": 4.86,
            "gross_profit": 45001,
            "gross_margin": 29.36,
            "gross_margin_4q_avg": 7.34,
            "net_income": 10741,
            "revenue": 153278,
            "common_shares": 142000,
            "book_valuer_per_share": 15.93,
            "book_valuer_per_share_4q_avg": 7.78,
            "equity": 226231,
            "current_ratio": 173.46,
            "debt_ratio": 49.51,
            "inventory_turnover_ratio": 1.3,
            "account_receivable_turnover_ratio": null,
            "reinvestment_rate": null,
            "research_to_sale_ratio": null,
            "price_fair": 0,
            "eps_avg_yearly": 0,
            "eps_latest_yearly": 0,
            "eps_growth_yearly": 0
        },
        "20022": {
            "year_quarter": 20022,
            "year": 2002,
            "quarter": 2,
            "eps": 0.42,
            "eps_growth_year": null,
            "eps_4q": null,
            "eps_4q_growth_year": null,
            "roe": 3.1,
            "roe_4q": 7.960000000000001,
            "gross_profit": 53884,
            "gross_margin": 32.34,
            "gross_margin_4q_avg": 15.43,
            "net_income": 8095,
            "revenue": 166601,
            "common_shares": 142000,
            "book_valuer_per_share": 20.89,
            "book_valuer_per_share_4q_avg": 13,
            "equity": 296641,
            "current_ratio": 196.48,
            "debt_ratio": 44.22,
            "inventory_turnover_ratio": 1.37,
            "account_receivable_turnover_ratio": null,
            "reinvestment_rate": null,
            "research_to_sale_ratio": null,
            "price_fair": 5.04,
            "eps_avg_yearly": 1.68,
            "eps_latest_yearly": 1.68,
            "eps_growth_yearly": -94.55
        },
        "20023": {
            "year_quarter": 20023,
            "year": 2002,
            "quarter": 3,
            "eps": 0.79,
            "eps_growth_year": null,
            "eps_4q": null,
            "eps_4q_growth_year": null,
            "roe": 6.62,
            "roe_4q": 14.580000000000002,
            "gross_profit": 62349,
            "gross_margin": 31.04,
            "gross_margin_4q_avg": 23.19,
            "net_income": 20322,
            "revenue": 200891,
            "common_shares": 218800,
            "book_valuer_per_share": 14.49,
            "book_valuer_per_share_4q_avg": 16.62,
            "equity": 316963,
            "current_ratio": 184.03,
            "debt_ratio": 44.86,
            "inventory_turnover_ratio": 1.5,
            "account_receivable_turnover_ratio": null,
            "reinvestment_rate": null,
            "research_to_sale_ratio": null,
            "price_fair": 84.7,
            "eps_avg_yearly": 2.42,
            "eps_latest_yearly": 3.16,
            "eps_growth_yearly": 128.92
        },
        "20024": {
            "year_quarter": 20024,
            "year": 2002,
            "quarter": 4,
            "eps": 0.78,
            "eps_growth_year": null,
            "eps_4q": 2.67,
            "eps_4q_growth_year": null,
            "roe": 4.98,
            "roe_4q": 19.560000000000002,
            "gross_profit": 52926,
            "gross_margin": 29.63,
            "gross_margin_4q_avg": 30.59,
            "net_income": 16194,
            "revenue": 178622,
            "common_shares": 218800,
            "book_valuer_per_share": 15.24,
            "book_valuer_per_share_4q_avg": 16.64,
            "equity": 333359,
            "current_ratio": 213.31,
            "debt_ratio": 38.7,
            "inventory_turnover_ratio": 1.21,
            "account_receivable_turnover_ratio": null,
            "reinvestment_rate": null,
            "research_to_sale_ratio": null,
            "price_fair": 92.87,
            "eps_avg_yearly": 2.65,
            "eps_latest_yearly": 3.12,
            "eps_growth_yearly": 84.26
        },
        "20031": {
            "year_quarter": 20031,
            "year": 2003,
            "quarter": 1,
            "eps": 0.64,
            "eps_growth_year": 16.36,
            "eps_4q": 2.68,
            "eps_4q_growth_year": null,
            "roe": 4.12,
            "roe_4q": 18.820000000000004,
            "gross_profit": 45336,
            "gross_margin": 24.8,
            "gross_margin_4q_avg": 29.45,
            "net_income": 14013,
            "revenue": 182824,
            "common_shares": 218800,
            "book_valuer_per_share": 15.88,
            "book_valuer_per_share_4q_avg": 16.63,
            "equity": 347410,
            "current_ratio": 196.08,
            "debt_ratio": 41.18,
            "inventory_turnover_ratio": 1.33,
            "account_receivable_turnover_ratio": null,
            "reinvestment_rate": null,
            "research_to_sale_ratio": null,
            "price_fair": 92.05,
            "eps_avg_yearly": 2.63,
            "eps_latest_yearly": 2.56,
            "eps_growth_yearly": 45.24
        },
        "20032": {
            "year_quarter": 20032,
            "year": 2003,
            "quarter": 2,
            "eps": 0.5,
            "eps_growth_year": 19.05,
            "eps_4q": 2.31,
            "eps_4q_growth_year": null,
            "roe": 4,
            "roe_4q": 19.720000000000002,
            "gross_profit": 48918,
            "gross_margin": 23.14,
            "gross_margin_4q_avg": 27.15,
            "net_income": 13964,
            "revenue": 211443,
            "common_shares": 218800,
            "book_valuer_per_share": 16.07,
            "book_valuer_per_share_4q_avg": 15.42,
            "equity": 351625,
            "current_ratio": 174.35,
            "debt_ratio": 45.18,
            "inventory_turnover_ratio": 1.5,
            "account_receivable_turnover_ratio": null,
            "reinvestment_rate": null,
            "research_to_sale_ratio": null,
            "price_fair": 71.85,
            "eps_avg_yearly": 2.5,
            "eps_latest_yearly": 2,
            "eps_growth_yearly": 18.7
        },
        "20033": {
            "year_quarter": 20033,
            "year": 2003,
            "quarter": 3,
            "eps": 0.22,
            "eps_growth_year": -72.15,
            "eps_4q": 1.78,
            "eps_4q_growth_year": null,
            "roe": 1.76,
            "roe_4q": 14.86,
            "gross_profit": 46117,
            "gross_margin": 23.98,
            "gross_margin_4q_avg": 25.39,
            "net_income": 6246,
            "revenue": 192337,
            "common_shares": 280000,
            "book_valuer_per_share": 12.75,
            "book_valuer_per_share_4q_avg": 14.99,
            "equity": 357019,
            "current_ratio": 165.75,
            "debt_ratio": 46.36,
            "inventory_turnover_ratio": 1.17,
            "account_receivable_turnover_ratio": null,
            "reinvestment_rate": null,
            "research_to_sale_ratio": null,
            "price_fair": 6.7,
            "eps_avg_yearly": 2.23,
            "eps_latest_yearly": 0.88,
            "eps_growth_yearly": -21.75
        },
        "20034": {
            "year_quarter": 20034,
            "year": 2003,
            "quarter": 4,
            "eps": 0.42,
            "eps_growth_year": -46.15,
            "eps_4q": 1.65,
            "eps_4q_growth_year": -38.25,
            "roe": 3.23,
            "roe_4q": 13.11,
            "gross_profit": 52903,
            "gross_margin": 23.3,
            "gross_margin_4q_avg": 23.81,
            "net_income": 11722,
            "revenue": 227082,
            "common_shares": 280000,
            "book_valuer_per_share": 13.16,
            "book_valuer_per_share_4q_avg": 14.47,
            "equity": 368478,
            "current_ratio": 163.34,
            "debt_ratio": 47.35,
            "inventory_turnover_ratio": 1.41,
            "account_receivable_turnover_ratio": null,
            "reinvestment_rate": null,
            "research_to_sale_ratio": null,
            "price_fair": 75.4,
            "eps_avg_yearly": 2.15,
            "eps_latest_yearly": 1.68,
            "eps_growth_yearly": 33.3
        },
        "20041": {
            "year_quarter": 20041,
            "year": 2004,
            "quarter": 1,
            "eps": 0.53,
            "eps_growth_year": -17.19,
            "eps_4q": 1.66,
            "eps_4q_growth_year": -37.99,
            "roe": 3.99,
            "roe_4q": 12.98,
            "gross_profit": 51466,
            "gross_margin": 24.26,
            "gross_margin_4q_avg": 23.67,
            "net_income": 14974,
            "revenue": 212100,
            "common_shares": 280000,
            "book_valuer_per_share": 13.65,
            "book_valuer_per_share_4q_avg": 13.91,
            "equity": 382251,
            "current_ratio": 169.05,
            "debt_ratio": 44.94,
            "inventory_turnover_ratio": 1.42,
            "account_receivable_turnover_ratio": null,
            "reinvestment_rate": null,
            "research_to_sale_ratio": null,
            "price_fair": 75.25,
            "eps_avg_yearly": 2.15,
            "eps_latest_yearly": 2.12,
            "eps_growth_yearly": 42.23
        },
        "20042": {
            "year_quarter": 20042,
            "year": 2004,
            "quarter": 2,
            "eps": 1.34,
            "eps_growth_year": 168,
            "eps_4q": 2.51,
            "eps_4q_growth_year": 8.84,
            "roe": 9.47,
            "roe_4q": 18.450000000000003,
            "gross_profit": 73869,
            "gross_margin": 24.98,
            "gross_margin_4q_avg": 24.13,
            "net_income": 37616,
            "revenue": 295702,
            "common_shares": 280000,
            "book_valuer_per_share": 14.71,
            "book_valuer_per_share_4q_avg": 13.57,
            "equity": 411998,
            "current_ratio": 151.71,
            "debt_ratio": 57.16,
            "inventory_turnover_ratio": 1.79,
            "account_receivable_turnover_ratio": null,
            "reinvestment_rate": null,
            "research_to_sale_ratio": null,
            "price_fair": 87.73,
            "eps_avg_yearly": 2.51,
            "eps_latest_yearly": 5.36,
            "eps_growth_yearly": 105.47
        },
        "20043": {
            "year_quarter": 20043,
            "year": 2004,
            "quarter": 3,
            "eps": 0.97,
            "eps_growth_year": 340.91,
            "eps_4q": 2.93,
            "eps_4q_growth_year": 64.74,
            "roe": 7.28,
            "roe_4q": 23.970000000000002,
            "gross_profit": 63681,
            "gross_margin": 21.65,
            "gross_margin_4q_avg": 23.55,
            "net_income": 31901,
            "revenue": 294102,
            "common_shares": 338418,
            "book_valuer_per_share": 13.73,
            "book_valuer_per_share_4q_avg": 13.81,
            "equity": 464552,
            "current_ratio": 146.17,
            "debt_ratio": 56.82,
            "inventory_turnover_ratio": 1.52,
            "account_receivable_turnover_ratio": null,
            "reinvestment_rate": null,
            "research_to_sale_ratio": null,
            "price_fair": 92.54,
            "eps_avg_yearly": 2.64,
            "eps_latest_yearly": 3.88,
            "eps_growth_yearly": 83.87
        },
        "20044": {
            "year_quarter": 20044,
            "year": 2004,
            "quarter": 4,
            "eps": 0.9,
            "eps_growth_year": 114.29,
            "eps_4q": 3.45,
            "eps_4q_growth_year": 109.57,
            "roe": 6.43,
            "roe_4q": 27.17,
            "gross_profit": 64254,
            "gross_margin": 23.89,
            "gross_margin_4q_avg": 23.7,
            "net_income": 29821,
            "revenue": 268991,
            "common_shares": 344999,
            "book_valuer_per_share": 13.41,
            "book_valuer_per_share_4q_avg": 13.88,
            "equity": 462498,
            "current_ratio": 134.78,
            "debt_ratio": 59.43,
            "inventory_turnover_ratio": 1.16,
            "account_receivable_turnover_ratio": null,
            "reinvestment_rate": null,
            "research_to_sale_ratio": null,
            "price_fair": 95.58,
            "eps_avg_yearly": 2.73,
            "eps_latest_yearly": 3.6,
            "eps_growth_yearly": 73.63
        },
        "20051": {
            "year_quarter": 20051,
            "year": 2005,
            "quarter": 1,
            "eps": 0.95,
            "eps_growth_year": 79.25,
            "eps_4q": 3.85,
            "eps_4q_growth_year": 131.99,
            "roe": 6.85,
            "roe_4q": 30.03,
            "gross_profit": 51945,
            "gross_margin": 25.59,
            "gross_margin_4q_avg": 24.03,
            "net_income": 32524,
            "revenue": 203002,
            "common_shares": 345213,
            "book_valuer_per_share": 14.12,
            "book_valuer_per_share_4q_avg": 13.99,
            "equity": 487494,
            "current_ratio": 174.9,
            "debt_ratio": 47.85,
            "inventory_turnover_ratio": 0.83,
            "account_receivable_turnover_ratio": null,
            "reinvestment_rate": null,
            "research_to_sale_ratio": null,
            "price_fair": 98.7,
            "eps_avg_yearly": 2.82,
            "eps_latest_yearly": 3.8,
            "eps_growth_yearly": 69.34
        },
        "20052": {
            "year_quarter": 20052,
            "year": 2005,
            "quarter": 2,
            "eps": 0.85,
            "eps_growth_year": -36.57,
            "eps_4q": 3.18,
            "eps_4q_growth_year": 26.5,
            "roe": 6.92,
            "roe_4q": 27.48,
            "gross_profit": 63453,
            "gross_margin": 24.28,
            "gross_margin_4q_avg": 23.85,
            "net_income": 34389,
            "revenue": 261359,
            "common_shares": 363418,
            "book_valuer_per_share": 13.93,
            "book_valuer_per_share_4q_avg": 13.8,
            "equity": 506370,
            "current_ratio": 111.76,
            "debt_ratio": 51.86,
            "inventory_turnover_ratio": 1.24,
            "account_receivable_turnover_ratio": null,
            "reinvestment_rate": null,
            "research_to_sale_ratio": null,
            "price_fair": 100.26,
            "eps_avg_yearly": 2.86,
            "eps_latest_yearly": 3.4,
            "eps_growth_yearly": 60.77
        },
        "20053": {
            "year_quarter": 20053,
            "year": 2005,
            "quarter": 3,
            "eps": 0.35,
            "eps_growth_year": -63.92,
            "eps_4q": 2.67,
            "eps_4q_growth_year": -8.64,
            "roe": 2.79,
            "roe_4q": 22.990000000000002,
            "gross_profit": 62144,
            "gross_margin": 22.85,
            "gross_margin_4q_avg": 24.15,
            "net_income": 14577,
            "revenue": 272018,
            "common_shares": 443917,
            "book_valuer_per_share": 12.14,
            "book_valuer_per_share_4q_avg": 13.4,
            "equity": 538816,
            "current_ratio": 115.85,
            "debt_ratio": 51.1,
            "inventory_turnover_ratio": 1.47,
            "account_receivable_turnover_ratio": null,
            "reinvestment_rate": null,
            "research_to_sale_ratio": null,
            "price_fair": 96.6,
            "eps_avg_yearly": 2.76,
            "eps_latest_yearly": 1.4,
            "eps_growth_yearly": 39.62
        },
        "20054": {
            "year_quarter": 20054,
            "year": 2005,
            "quarter": 4,
            "eps": 0.71,
            "eps_growth_year": -21.11,
            "eps_4q": 2.66,
            "eps_4q_growth_year": -22.92,
            "roe": 5.3,
            "roe_4q": 21.86,
            "gross_profit": 74063,
            "gross_margin": 19.88,
            "gross_margin_4q_avg": 23.15,
            "net_income": 29680,
            "revenue": 372576,
            "common_shares": 446288,
            "book_valuer_per_share": 12.84,
            "book_valuer_per_share_4q_avg": 13.26,
            "equity": 580463,
            "current_ratio": 131.51,
            "debt_ratio": 51.4,
            "inventory_turnover_ratio": 1.82,
            "account_receivable_turnover_ratio": null,
            "reinvestment_rate": 79.67,
            "research_to_sale_ratio": null,
            "price_fair": 96.79,
            "eps_avg_yearly": 2.77,
            "eps_latest_yearly": 2.84,
            "eps_growth_yearly": 64.41
        },
        "20061": {
            "year_quarter": 20061,
            "year": 2006,
            "quarter": 1,
            "eps": 0.63,
            "eps_growth_year": -33.68,
            "eps_4q": 2.44,
            "eps_4q_growth_year": -36.66,
            "roe": 4.47,
            "roe_4q": 19.479999999999997,
            "gross_profit": 69750,
            "gross_margin": 27.74,
            "gross_margin_4q_avg": 23.69,
            "net_income": 27379,
            "revenue": 251400,
            "common_shares": 450772,
            "book_valuer_per_share": 14.33,
            "book_valuer_per_share_4q_avg": 13.31,
            "equity": 645892,
            "current_ratio": 150.36,
            "debt_ratio": 37.47,
            "inventory_turnover_ratio": 1.14,
            "account_receivable_turnover_ratio": null,
            "reinvestment_rate": 72.37,
            "research_to_sale_ratio": null,
            "price_fair": 96.25,
            "eps_avg_yearly": 2.75,
            "eps_latest_yearly": 2.52,
            "eps_growth_yearly": 57.57
        },
        "20062": {
            "year_quarter": 20062,
            "year": 2006,
            "quarter": 2,
            "eps": 0.56,
            "eps_growth_year": -34.12,
            "eps_4q": 1.87,
            "eps_4q_growth_year": -41.12,
            "roe": 4.63,
            "roe_4q": 17.189999999999998,
            "gross_profit": 79958,
            "gross_margin": 28.12,
            "gross_margin_4q_avg": 24.65,
            "net_income": 30575,
            "revenue": 284377,
            "common_shares": 460051,
            "book_valuer_per_share": 14.65,
            "book_valuer_per_share_4q_avg": 13.49,
            "equity": 674121,
            "current_ratio": 145.38,
            "debt_ratio": 41.01,
            "inventory_turnover_ratio": 1.35,
            "account_receivable_turnover_ratio": null,
            "reinvestment_rate": 68.49,
            "research_to_sale_ratio": null,
            "price_fair": 97.48,
            "eps_avg_yearly": 2.79,
            "eps_latest_yearly": 2.24,
            "eps_growth_yearly": 60.7
        },
        "20063": {
            "year_quarter": 20063,
            "year": 2006,
            "quarter": 3,
            "eps": 0.52,
            "eps_growth_year": 48.57,
            "eps_4q": 2.13,
            "eps_4q_growth_year": -20.42,
            "roe": 4.12,
            "roe_4q": 18.52,
            "gross_profit": 77801,
            "gross_margin": 31.9,
            "gross_margin_4q_avg": 26.91,
            "net_income": 28359,
            "revenue": 243916,
            "common_shares": 560851,
            "book_valuer_per_share": 12.55,
            "book_valuer_per_share_4q_avg": 13.59,
            "equity": 703765,
            "current_ratio": 134.05,
            "debt_ratio": 44.9,
            "inventory_turnover_ratio": 0.82,
            "account_receivable_turnover_ratio": null,
            "reinvestment_rate": 71.74,
            "research_to_sale_ratio": null,
            "price_fair": 95.11,
            "eps_avg_yearly": 2.72,
            "eps_latest_yearly": 2.08,
            "eps_growth_yearly": 36.89
        },
        "20064": {
            "year_quarter": 20064,
            "year": 2006,
            "quarter": 4,
            "eps": 0.32,
            "eps_growth_year": -54.93,
            "eps_4q": 1.88,
            "eps_4q_growth_year": -29.36,
            "roe": 2.47,
            "roe_4q": 15.689999999999998,
            "gross_profit": 72195,
            "gross_margin": 29.97,
            "gross_margin_4q_avg": 29.43,
            "net_income": 17720,
            "revenue": 240856,
            "common_shares": 560851,
            "book_valuer_per_share": 12.87,
            "book_valuer_per_share_4q_avg": 13.6,
            "equity": 729312,
            "current_ratio": 136.86,
            "debt_ratio": 47.09,
            "inventory_turnover_ratio": 0.62,
            "account_receivable_turnover_ratio": null,
            "reinvestment_rate": 94.24,
            "research_to_sale_ratio": null,
            "price_fair": 91.09,
            "eps_avg_yearly": 2.6,
            "eps_latest_yearly": 1.28,
            "eps_growth_yearly": 27.59
        },
        "20071": {
            "year_quarter": 20071,
            "year": 2007,
            "quarter": 1,
            "eps": 0.77,
            "eps_growth_year": 22.22,
            "eps_4q": 2.14,
            "eps_4q_growth_year": -12.19,
            "roe": 5.7,
            "roe_4q": 16.919999999999998,
            "gross_profit": 98672,
            "gross_margin": 31.71,
            "gross_margin_4q_avg": 30.43,
            "net_income": 43013,
            "revenue": 311168,
            "common_shares": 568598,
            "book_valuer_per_share": 13.73,
            "book_valuer_per_share_4q_avg": 13.45,
            "equity": 780930,
            "current_ratio": 155.07,
            "debt_ratio": 44.37,
            "inventory_turnover_ratio": 0.78,
            "account_receivable_turnover_ratio": null,
            "reinvestment_rate": 88.6,
            "research_to_sale_ratio": null,
            "price_fair": 92.23,
            "eps_avg_yearly": 2.64,
            "eps_latest_yearly": 3.08,
            "eps_growth_yearly": 67.23
        },
        "20072": {
            "year_quarter": 20072,
            "year": 2007,
            "quarter": 2,
            "eps": 0.76,
            "eps_growth_year": 35.71,
            "eps_4q": 2.33,
            "eps_4q_growth_year": 24.36,
            "roe": 5.55,
            "roe_4q": 17.84,
            "gross_profit": 95608,
            "gross_margin": 21.57,
            "gross_margin_4q_avg": 28.79,
            "net_income": 43180,
            "revenue": 443273,
            "common_shares": 568598,
            "book_valuer_per_share": 13.65,
            "book_valuer_per_share_4q_avg": 13.2,
            "equity": 776290,
            "current_ratio": 162.85,
            "debt_ratio": 48.37,
            "inventory_turnover_ratio": 1.59,
            "account_receivable_turnover_ratio": null,
            "reinvestment_rate": 78.15,
            "research_to_sale_ratio": null,
            "price_fair": 94.5,
            "eps_avg_yearly": 2.7,
            "eps_latest_yearly": 3.04,
            "eps_growth_yearly": 72.38
        },
        "20073": {
            "year_quarter": 20073,
            "year": 2007,
            "quarter": 3,
            "eps": 0.36,
            "eps_growth_year": -30.77,
            "eps_4q": 2.07,
            "eps_4q_growth_year": -2.62,
            "roe": 2.74,
            "roe_4q": 16.459999999999997,
            "gross_profit": 86752,
            "gross_margin": 24.09,
            "gross_margin_4q_avg": 26.84,
            "net_income": 21861,
            "revenue": 360137,
            "common_shares": 616098,
            "book_valuer_per_share": 13.28,
            "book_valuer_per_share_4q_avg": 13.38,
            "equity": 818383,
            "current_ratio": 192.45,
            "debt_ratio": 42.46,
            "inventory_turnover_ratio": 1.46,
            "account_receivable_turnover_ratio": null,
            "reinvestment_rate": 74.82,
            "research_to_sale_ratio": null,
            "price_fair": 95.73,
            "eps_avg_yearly": 2.74,
            "eps_latest_yearly": 1.44,
            "eps_growth_yearly": 73.22
        },
        "20074": {
            "year_quarter": 20074,
            "year": 2007,
            "quarter": 4,
            "eps": 0.47,
            "eps_growth_year": 46.88,
            "eps_4q": 2.25,
            "eps_4q_growth_year": 19.62,
            "roe": 3.41,
            "roe_4q": 17.4,
            "gross_profit": 97930,
            "gross_margin": 28.4,
            "gross_margin_4q_avg": 26.44,
            "net_income": 28573,
            "revenue": 344821,
            "common_shares": 616098,
            "book_valuer_per_share": 13.79,
            "book_valuer_per_share_4q_avg": 13.61,
            "equity": 857200,
            "current_ratio": 201.24,
            "debt_ratio": 42.26,
            "inventory_turnover_ratio": 1.34,
            "account_receivable_turnover_ratio": null,
            "reinvestment_rate": 76.68,
            "research_to_sale_ratio": null,
            "price_fair": 96.16,
            "eps_avg_yearly": 2.75,
            "eps_latest_yearly": 1.88,
            "eps_growth_yearly": 58.13
        },
        "20081": {
            "year_quarter": 20081,
            "year": 2008,
            "quarter": 1,
            "eps": 0.19,
            "eps_growth_year": -75.32,
            "eps_4q": 1.74,
            "eps_4q_growth_year": -18.85,
            "roe": 1.34,
            "roe_4q": 13.04,
            "gross_profit": 80886,
            "gross_margin": 33.24,
            "gross_margin_4q_avg": 26.83,
            "net_income": 11502,
            "revenue": 243347,
            "common_shares": 616098,
            "book_valuer_per_share": 13.89,
            "book_valuer_per_share_4q_avg": 13.65,
            "equity": 863282,
            "current_ratio": 206.83,
            "debt_ratio": 42.04,
            "inventory_turnover_ratio": 0.86,
            "account_receivable_turnover_ratio": null,
            "reinvestment_rate": 75.12,
            "research_to_sale_ratio": null,
            "price_fair": 93.19,
            "eps_avg_yearly": 2.66,
            "eps_latest_yearly": 0.76,
            "eps_growth_yearly": 36.69
        },
        "20082": {
            "year_quarter": 20082,
            "year": 2008,
            "quarter": 2,
            "eps": 0.58,
            "eps_growth_year": -23.68,
            "eps_4q": 1.53,
            "eps_4q_growth_year": -34.48,
            "roe": 4.51,
            "roe_4q": 12,
            "gross_profit": 97904,
            "gross_margin": 32.04,
            "gross_margin_4q_avg": 29.44,
            "net_income": 37993,
            "revenue": 305526,
            "common_shares": 616098,
            "book_valuer_per_share": 13.2,
            "book_valuer_per_share_4q_avg": 13.54,
            "equity": 820755,
            "current_ratio": 182.58,
            "debt_ratio": 44.98,
            "inventory_turnover_ratio": 1.11,
            "account_receivable_turnover_ratio": null,
            "reinvestment_rate": 36.33,
            "research_to_sale_ratio": null,
            "price_fair": 86.54,
            "eps_avg_yearly": 2.47,
            "eps_latest_yearly": 2.32,
            "eps_growth_yearly": 49.8
        },
        "20083": {
            "year_quarter": 20083,
            "year": 2008,
            "quarter": 3,
            "eps": 0.33,
            "eps_growth_year": -8.33,
            "eps_4q": 1.54,
            "eps_4q_growth_year": -25.83,
            "roe": 2.53,
            "roe_4q": 11.79,
            "gross_profit": 98159,
            "gross_margin": 26.81,
            "gross_margin_4q_avg": 30.12,
            "net_income": 21422,
            "revenue": 366104,
            "common_shares": 663508,
            "book_valuer_per_share": 13.01,
            "book_valuer_per_share_4q_avg": 13.47,
            "equity": 870747,
            "current_ratio": 187.01,
            "debt_ratio": 43.93,
            "inventory_turnover_ratio": 1.39,
            "account_receivable_turnover_ratio": null,
            "reinvestment_rate": 34.14,
            "research_to_sale_ratio": null,
            "price_fair": 80.94,
            "eps_avg_yearly": 2.31,
            "eps_latest_yearly": 1.32,
            "eps_growth_yearly": 45.92
        },
        "20084": {
            "year_quarter": 20084,
            "year": 2008,
            "quarter": 4,
            "eps": -0.12,
            "eps_growth_year": -125.53,
            "eps_4q": 0.96,
            "eps_4q_growth_year": -57.15,
            "roe": -0.92,
            "roe_4q": 7.459999999999999,
            "gross_profit": 63192,
            "gross_margin": 25.75,
            "gross_margin_4q_avg": 29.46,
            "net_income": -8118,
            "revenue": 245373,
            "common_shares": 677897,
            "book_valuer_per_share": 12.95,
            "book_valuer_per_share_4q_avg": 13.26,
            "equity": 885434,
            "current_ratio": 192.11,
            "debt_ratio": 41.28,
            "inventory_turnover_ratio": 0.88,
            "account_receivable_turnover_ratio": 1.83,
            "reinvestment_rate": 43.32,
            "research_to_sale_ratio": null,
            "price_fair": 77.93,
            "eps_avg_yearly": 2.23,
            "eps_latest_yearly": 1.32,
            "eps_growth_yearly": 50.91
        },
        "20091": {
            "year_quarter": 20091,
            "year": 2009,
            "quarter": 1,
            "eps": -0.18,
            "eps_growth_year": -194.74,
            "eps_4q": 0.58,
            "eps_4q_growth_year": -66.92,
            "roe": -1.45,
            "roe_4q": 4.67,
            "gross_profit": 37202,
            "gross_margin": 29.14,
            "gross_margin_4q_avg": 28.44,
            "net_income": -12842,
            "revenue": 127668,
            "common_shares": 677897,
            "book_valuer_per_share": 12.91,
            "book_valuer_per_share_4q_avg": 13.02,
            "equity": 881952,
            "current_ratio": 152.13,
            "debt_ratio": 41.2,
            "inventory_turnover_ratio": 0.32,
            "account_receivable_turnover_ratio": 0.6,
            "reinvestment_rate": 57.57,
            "research_to_sale_ratio": null,
            "price_fair": 74,
            "eps_avg_yearly": 2.11,
            "eps_latest_yearly": 1.32,
            "eps_growth_yearly": 52.96
        },
        "20092": {
            "year_quarter": 20092,
            "year": 2009,
            "quarter": 2,
            "eps": 0.28,
            "eps_growth_year": -51.72,
            "eps_4q": 0.3,
            "eps_4q_growth_year": -80.44,
            "roe": 2.16,
            "roe_4q": 2.32,
            "gross_profit": 64888,
            "gross_margin": 16.3,
            "gross_margin_4q_avg": 24.5,
            "net_income": 18596,
            "revenue": 398145,
            "common_shares": 677897,
            "book_valuer_per_share": 12.31,
            "book_valuer_per_share_4q_avg": 12.8,
            "equity": 841464,
            "current_ratio": 130.63,
            "debt_ratio": 43.03,
            "inventory_turnover_ratio": 1.24,
            "account_receivable_turnover_ratio": 1.69,
            "reinvestment_rate": 46.19,
            "research_to_sale_ratio": null,
            "price_fair": 70.54,
            "eps_avg_yearly": 2.02,
            "eps_latest_yearly": 1.32,
            "eps_growth_yearly": 60.27
        },
        "20093": {
            "year_quarter": 20093,
            "year": 2009,
            "quarter": 3,
            "eps": 0.29,
            "eps_growth_year": -12.12,
            "eps_4q": 0.26,
            "eps_4q_growth_year": -82.84,
            "roe": 2.28,
            "roe_4q": 2.0699999999999994,
            "gross_profit": 75844,
            "gross_margin": 24.66,
            "gross_margin_4q_avg": 23.96,
            "net_income": 19333,
            "revenue": 307533,
            "common_shares": 677897,
            "book_valuer_per_share": 12.52,
            "book_valuer_per_share_4q_avg": 12.67,
            "equity": 855656,
            "current_ratio": 132.66,
            "debt_ratio": 42.32,
            "inventory_turnover_ratio": 1.08,
            "account_receivable_turnover_ratio": 0.96,
            "reinvestment_rate": 44.33,
            "research_to_sale_ratio": null,
            "price_fair": 69.89,
            "eps_avg_yearly": 2,
            "eps_latest_yearly": 1.16,
            "eps_growth_yearly": 79.47
        },
        "20094": {
            "year_quarter": 20094,
            "year": 2009,
            "quarter": 4,
            "eps": 0.12,
            "eps_growth_year": null,
            "eps_4q": 0.5,
            "eps_4q_growth_year": -48.45,
            "roe": 0.92,
            "roe_4q": 3.9099999999999993,
            "gross_profit": 59691,
            "gross_margin": 19.73,
            "gross_margin_4q_avg": 22.46,
            "net_income": 7937,
            "revenue": 302547,
            "common_shares": 677897,
            "book_valuer_per_share": 12.62,
            "book_valuer_per_share_4q_avg": 12.59,
            "equity": 862343,
            "current_ratio": 126.26,
            "debt_ratio": 44.51,
            "inventory_turnover_ratio": 1.16,
            "account_receivable_turnover_ratio": 1.72,
            "reinvestment_rate": 87.63,
            "research_to_sale_ratio": null,
            "price_fair": 63.54,
            "eps_avg_yearly": 1.82,
            "eps_latest_yearly": 0.48,
            "eps_growth_yearly": 29.79
        },
        "20101": {
            "year_quarter": 20101,
            "year": 2010,
            "quarter": 1,
            "eps": 0.45,
            "eps_growth_year": null,
            "eps_4q": 1.13,
            "eps_4q_growth_year": 96.09,
            "roe": 3.46,
            "roe_4q": 8.82,
            "gross_profit": 99866,
            "gross_margin": 22.79,
            "gross_margin_4q_avg": 20.87,
            "net_income": 30376,
            "revenue": 438114,
            "common_shares": 677897,
            "book_valuer_per_share": 13.05,
            "book_valuer_per_share_4q_avg": 12.63,
            "equity": 891442,
            "current_ratio": 146.86,
            "debt_ratio": 42.14,
            "inventory_turnover_ratio": 2.05,
            "account_receivable_turnover_ratio": 1.2,
            "reinvestment_rate": 86.71,
            "research_to_sale_ratio": 3.21,
            "price_fair": 61.6,
            "eps_avg_yearly": 1.76,
            "eps_latest_yearly": 1.8,
            "eps_growth_yearly": 117.87
        },
        "20102": {
            "year_quarter": 20102,
            "year": 2010,
            "quarter": 2,
            "eps": 0.6,
            "eps_growth_year": 113.82,
            "eps_4q": 1.45,
            "eps_4q_growth_year": 386.11,
            "roe": 4.46,
            "roe_4q": 11.12,
            "gross_profit": 124835,
            "gross_margin": 27.02,
            "gross_margin_4q_avg": 23.55,
            "net_income": 40784,
            "revenue": 462091,
            "common_shares": 677897,
            "book_valuer_per_share": 13.7,
            "book_valuer_per_share_4q_avg": 12.97,
            "equity": 935563,
            "current_ratio": 136.02,
            "debt_ratio": 48.55,
            "inventory_turnover_ratio": 1.85,
            "account_receivable_turnover_ratio": 1.01,
            "reinvestment_rate": 103.33,
            "research_to_sale_ratio": 2.08,
            "price_fair": 62.03,
            "eps_avg_yearly": 1.77,
            "eps_latest_yearly": 2.4,
            "eps_growth_yearly": 131.54
        },
        "20103": {
            "year_quarter": 20103,
            "year": 2010,
            "quarter": 3,
            "eps": 0.33,
            "eps_growth_year": 12.37,
            "eps_4q": 1.49,
            "eps_4q_growth_year": 464.99,
            "roe": 2.36,
            "roe_4q": 11.200000000000001,
            "gross_profit": 113692,
            "gross_margin": 22.97,
            "gross_margin_4q_avg": 23.13,
            "net_income": 22303,
            "revenue": 495003,
            "common_shares": 677897,
            "book_valuer_per_share": 13.96,
            "book_valuer_per_share_4q_avg": 13.33,
            "equity": 953088,
            "current_ratio": 135.39,
            "debt_ratio": 56.17,
            "inventory_turnover_ratio": 1.46,
            "account_receivable_turnover_ratio": 0.82,
            "reinvestment_rate": 119.99,
            "research_to_sale_ratio": 2.88,
            "price_fair": 59.98,
            "eps_avg_yearly": 1.71,
            "eps_latest_yearly": 1.32,
            "eps_growth_yearly": 119.89
        },
        "20104": {
            "year_quarter": 20104,
            "year": 2010,
            "quarter": 4,
            "eps": 0.16,
            "eps_growth_year": 35.74,
            "eps_4q": 1.54,
            "eps_4q_growth_year": 209.44,
            "roe": 1.16,
            "roe_4q": 11.44,
            "gross_profit": 78402,
            "gross_margin": 20.28,
            "gross_margin_4q_avg": 23.27,
            "net_income": 11088,
            "revenue": 386665,
            "common_shares": 677897,
            "book_valuer_per_share": 13.99,
            "book_valuer_per_share_4q_avg": 13.68,
            "equity": 955522,
            "current_ratio": 200.07,
            "debt_ratio": 54.02,
            "inventory_turnover_ratio": 0.8,
            "account_receivable_turnover_ratio": 0.68,
            "reinvestment_rate": 97.66,
            "research_to_sale_ratio": 2.45,
            "price_fair": 58.26,
            "eps_avg_yearly": 1.66,
            "eps_latest_yearly": 0.64,
            "eps_growth_yearly": 115.88
        },
        "20111": {
            "year_quarter": 20111,
            "year": 2011,
            "quarter": 1,
            "eps": 0.34,
            "eps_growth_year": -24.44,
            "eps_4q": 1.43,
            "eps_4q_growth_year": 26.58,
            "roe": 2.4,
            "roe_4q": 10.379999999999999,
            "gross_profit": 104035,
            "gross_margin": 22.5,
            "gross_margin_4q_avg": 23.19,
            "net_income": 23253,
            "revenue": 462312,
            "common_shares": 677897,
            "book_valuer_per_share": 14.42,
            "book_valuer_per_share_4q_avg": 14.02,
            "equity": 984962,
            "current_ratio": 198.23,
            "debt_ratio": 53.09,
            "inventory_turnover_ratio": 0.75,
            "account_receivable_turnover_ratio": 0.89,
            "reinvestment_rate": 108.57,
            "research_to_sale_ratio": 2.11,
            "price_fair": 53.63,
            "eps_avg_yearly": 1.53,
            "eps_latest_yearly": 1.36,
            "eps_growth_yearly": 107.22
        },
        "20112": {
            "year_quarter": 20112,
            "year": 2011,
            "quarter": 2,
            "eps": 0.29,
            "eps_growth_year": -52.13,
            "eps_4q": 1.12,
            "eps_4q_growth_year": -23.11,
            "roe": 2.1,
            "roe_4q": 8.02,
            "gross_profit": 89392,
            "gross_margin": 20.3,
            "gross_margin_4q_avg": 21.51,
            "net_income": 19534,
            "revenue": 440269,
            "common_shares": 677897,
            "book_valuer_per_share": 12.85,
            "book_valuer_per_share_4q_avg": 13.81,
            "equity": 878583,
            "current_ratio": 162.47,
            "debt_ratio": 60.06,
            "inventory_turnover_ratio": 0.69,
            "account_receivable_turnover_ratio": 0.82,
            "reinvestment_rate": 126.1,
            "research_to_sale_ratio": 1.94,
            "price_fair": 48.57,
            "eps_avg_yearly": 1.39,
            "eps_latest_yearly": 1.16,
            "eps_growth_yearly": 103.1
        },
        "20113": {
            "year_quarter": 20113,
            "year": 2011,
            "quarter": 3,
            "eps": 0.14,
            "eps_growth_year": -57.78,
            "eps_4q": 0.93,
            "eps_4q_growth_year": -37.78,
            "roe": 1.02,
            "roe_4q": 6.68,
            "gross_profit": 102043,
            "gross_margin": 26.67,
            "gross_margin_4q_avg": 22.44,
            "net_income": 9231,
            "revenue": 382633,
            "common_shares": 677897,
            "book_valuer_per_share": 13.53,
            "book_valuer_per_share_4q_avg": 13.7,
            "equity": 924473,
            "current_ratio": 153.77,
            "debt_ratio": 61.74,
            "inventory_turnover_ratio": 0.43,
            "account_receivable_turnover_ratio": 0.77,
            "reinvestment_rate": 135.35,
            "research_to_sale_ratio": 2.84,
            "price_fair": 46.2,
            "eps_avg_yearly": 1.32,
            "eps_latest_yearly": 0.56,
            "eps_growth_yearly": 103.38
        },
        "20114": {
            "year_quarter": 20114,
            "year": 2011,
            "quarter": 4,
            "eps": -0.18,
            "eps_growth_year": -208.99,
            "eps_4q": 0.45,
            "eps_4q_growth_year": -70.82,
            "roe": -1.46,
            "roe_4q": 4.0600000000000005,
            "gross_profit": 59747,
            "gross_margin": 20.51,
            "gross_margin_4q_avg": 22.5,
            "net_income": -14726,
            "revenue": 291305,
            "common_shares": 827897,
            "book_valuer_per_share": 13.18,
            "book_valuer_per_share_4q_avg": 13.5,
            "equity": 1098221,
            "current_ratio": 218.83,
            "debt_ratio": 49.97,
            "inventory_turnover_ratio": 0.31,
            "account_receivable_turnover_ratio": 0.69,
            "reinvestment_rate": 146.47,
            "research_to_sale_ratio": 4.18,
            "price_fair": 44.57,
            "eps_avg_yearly": 1.27,
            "eps_latest_yearly": 0.56,
            "eps_growth_yearly": 101.81
        },
        "20121": {
            "year_quarter": 20121,
            "year": 2012,
            "quarter": 1,
            "eps": 0.18,
            "eps_growth_year": -47.06,
            "eps_4q": -0.01,
            "eps_4q_growth_year": -100.59,
            "roe": -1.37,
            "roe_4q": 0.29000000000000004,
            "gross_profit": 47708,
            "gross_margin": 16.56,
            "gross_margin_4q_avg": 21.01,
            "net_income": -14904,
            "revenue": 288141,
            "common_shares": 827897,
            "book_valuer_per_share": 12.9,
            "book_valuer_per_share_4q_avg": 13.12,
            "equity": 1074997,
            "current_ratio": 139.43,
            "debt_ratio": 48.59,
            "inventory_turnover_ratio": 0.35,
            "account_receivable_turnover_ratio": 0.79,
            "reinvestment_rate": 161.37,
            "research_to_sale_ratio": 3.56,
            "price_fair": 46.2,
            "eps_avg_yearly": 1.32,
            "eps_latest_yearly": 0.56,
            "eps_growth_yearly": 132.73
        },
        "20122": {
            "year_quarter": 20122,
            "year": 2012,
            "quarter": 2,
            "eps": 0.11,
            "eps_growth_year": -60.88,
            "eps_4q": -0.13,
            "eps_4q_growth_year": -111.74,
            "roe": 0.89,
            "roe_4q": -0.9199999999999999,
            "gross_profit": 88603,
            "gross_margin": 21.11,
            "gross_margin_4q_avg": 21.21,
            "net_income": 9448,
            "revenue": 419798,
            "common_shares": 827897,
            "book_valuer_per_share": 12.64,
            "book_valuer_per_share_4q_avg": 13.06,
            "equity": 1053545,
            "current_ratio": 129.64,
            "debt_ratio": 51.91,
            "inventory_turnover_ratio": 0.52,
            "account_receivable_turnover_ratio": 0.98,
            "reinvestment_rate": 183.5,
            "research_to_sale_ratio": 3.44,
            "price_fair": 40.22,
            "eps_avg_yearly": 1.15,
            "eps_latest_yearly": 0.44,
            "eps_growth_yearly": 43.94
        },
        "20123": {
            "year_quarter": 20123,
            "year": 2012,
            "quarter": 3,
            "eps": 0.1,
            "eps_growth_year": -27.74,
            "eps_4q": -0.14,
            "eps_4q_growth_year": -115.55,
            "roe": 0.79,
            "roe_4q": -1.15,
            "gross_profit": 109182,
            "gross_margin": 20.9,
            "gross_margin_4q_avg": 19.77,
            "net_income": 8305,
            "revenue": 522330,
            "common_shares": 827897,
            "book_valuer_per_share": 12.65,
            "book_valuer_per_share_4q_avg": 12.84,
            "equity": 1054776,
            "current_ratio": 119.44,
            "debt_ratio": 53.49,
            "inventory_turnover_ratio": 0.69,
            "account_receivable_turnover_ratio": 0.93,
            "reinvestment_rate": 188.22,
            "research_to_sale_ratio": 2.56,
            "price_fair": 37.29,
            "eps_avg_yearly": 1.07,
            "eps_latest_yearly": 0.4,
            "eps_growth_yearly": 56.31
        },
        "20124": {
            "year_quarter": 20124,
            "year": 2012,
            "quarter": 4,
            "eps": -0.03,
            "eps_growth_year": null,
            "eps_4q": 0,
            "eps_4q_growth_year": -99.49,
            "roe": -0.23,
            "roe_4q": 0.08000000000000007,
            "gross_profit": 78611,
            "gross_margin": 22.74,
            "gross_margin_4q_avg": 20.33,
            "net_income": -2462,
            "revenue": 345692,
            "common_shares": 827897,
            "book_valuer_per_share": 12.66,
            "book_valuer_per_share_4q_avg": 12.71,
            "equity": 1055880,
            "current_ratio": 156.75,
            "debt_ratio": 51.75,
            "inventory_turnover_ratio": 0.48,
            "account_receivable_turnover_ratio": 0.61,
            "reinvestment_rate": 160.72,
            "research_to_sale_ratio": 4.05,
            "price_fair": 37.29,
            "eps_avg_yearly": 1.07,
            "eps_latest_yearly": 0.4,
            "eps_growth_yearly": 56.31
        },
        "20131": {
            "year_quarter": 20131,
            "year": 2013,
            "quarter": 1,
            "eps": -0.01,
            "eps_growth_year": -105.56,
            "eps_4q": 0.17,
            "eps_4q_growth_year": null,
            "roe": -0.08,
            "roe_4q": 1.37,
            "gross_profit": 71970,
            "gross_margin": 22.53,
            "gross_margin_4q_avg": 21.82,
            "net_income": -816,
            "revenue": 319397,
            "common_shares": 827897,
            "book_valuer_per_share": 12.97,
            "book_valuer_per_share_4q_avg": 12.73,
            "equity": 1081445,
            "current_ratio": 174.14,
            "debt_ratio": 48.04,
            "inventory_turnover_ratio": 0.48,
            "account_receivable_turnover_ratio": 0.67,
            "reinvestment_rate": 149.73,
            "research_to_sale_ratio": 4.72,
            "price_fair": 37.29,
            "eps_avg_yearly": 1.07,
            "eps_latest_yearly": 0.4,
            "eps_growth_yearly": 56.31
        },
        "20132": {
            "year_quarter": 20132,
            "year": 2013,
            "quarter": 2,
            "eps": 0.27,
            "eps_growth_year": 140.85,
            "eps_4q": 0.33,
            "eps_4q_growth_year": null,
            "roe": 2.05,
            "roe_4q": 2.53,
            "gross_profit": 102605,
            "gross_margin": 22.51,
            "gross_margin_4q_avg": 22.17,
            "net_income": 22490,
            "revenue": 455786,
            "common_shares": 827897,
            "book_valuer_per_share": 13.33,
            "book_valuer_per_share_4q_avg": 12.9,
            "equity": 1110510,
            "current_ratio": 179.6,
            "debt_ratio": 48.44,
            "inventory_turnover_ratio": 0.73,
            "account_receivable_turnover_ratio": 0.95,
            "reinvestment_rate": 168.51,
            "research_to_sale_ratio": 4.29,
            "price_fair": 37.29,
            "eps_avg_yearly": 1.07,
            "eps_latest_yearly": 0.4,
            "eps_growth_yearly": 56.31
        },
        "20133": {
            "year_quarter": 20133,
            "year": 2013,
            "quarter": 3,
            "eps": 0.08,
            "eps_growth_year": -19.53,
            "eps_4q": 0.31,
            "eps_4q_growth_year": null,
            "roe": 0.61,
            "roe_4q": 2.3499999999999996,
            "gross_profit": 94416,
            "gross_margin": 25.65,
            "gross_margin_4q_avg": 23.36,
            "net_income": 6731,
            "revenue": 368069,
            "common_shares": 827897,
            "book_valuer_per_share": 13.34,
            "book_valuer_per_share_4q_avg": 13.08,
            "equity": 1111992,
            "current_ratio": 200.37,
            "debt_ratio": 47.39,
            "inventory_turnover_ratio": 0.56,
            "account_receivable_turnover_ratio": 0.74,
            "reinvestment_rate": 173.79,
            "research_to_sale_ratio": 4.25,
            "price_fair": 34.62,
            "eps_avg_yearly": 0.99,
            "eps_latest_yearly": 0.32,
            "eps_growth_yearly": 29.42
        },
        "20134": {
            "year_quarter": 20134,
            "year": 2013,
            "quarter": 4,
            "eps": -0.01,
            "eps_growth_year": null,
            "eps_4q": 0.33,
            "eps_4q_growth_year": 14584.98,
            "roe": -0.06,
            "roe_4q": 2.5199999999999996,
            "gross_profit": 66365,
            "gross_margin": 20.99,
            "gross_margin_4q_avg": 22.92,
            "net_income": -710,
            "revenue": 316166,
            "common_shares": 827897,
            "book_valuer_per_share": 13.45,
            "book_valuer_per_share_4q_avg": 13.27,
            "equity": 1121063,
            "current_ratio": 258.89,
            "debt_ratio": 45.61,
            "inventory_turnover_ratio": 0.47,
            "account_receivable_turnover_ratio": 0.76,
            "reinvestment_rate": 91.18,
            "research_to_sale_ratio": 4.03,
            "price_fair": 36.4,
            "eps_avg_yearly": 1.04,
            "eps_latest_yearly": 0.32,
            "eps_growth_yearly": 55.82
        },
        "20141": {
            "year_quarter": 20141,
            "year": 2014,
            "quarter": 1,
            "eps": 0.11,
            "eps_growth_year": null,
            "eps_4q": 0.46,
            "eps_4q_growth_year": 169.95,
            "roe": 0.84,
            "roe_4q": 3.44,
            "gross_profit": 90339,
            "gross_margin": 23.09,
            "gross_margin_4q_avg": 23.06,
            "net_income": 9455,
            "revenue": 391203,
            "common_shares": 827897,
            "book_valuer_per_share": 13.55,
            "book_valuer_per_share_4q_avg": 13.42,
            "equity": 1129392,
            "current_ratio": 296.3,
            "debt_ratio": 43.06,
            "inventory_turnover_ratio": 0.59,
            "account_receivable_turnover_ratio": 1.11,
            "reinvestment_rate": 107.67,
            "research_to_sale_ratio": 4.04,
            "price_fair": 2.87,
            "eps_avg_yearly": 0.96,
            "eps_latest_yearly": 0.32,
            "eps_growth_yearly": -60.21
        },
        "20142": {
            "year_quarter": 20142,
            "year": 2014,
            "quarter": 2,
            "eps": 0.46,
            "eps_growth_year": 70.37,
            "eps_4q": 0.65,
            "eps_4q_growth_year": 97.38,
            "roe": 3.42,
            "roe_4q": 4.8100000000000005,
            "gross_profit": 130775,
            "gross_margin": 24.85,
            "gross_margin_4q_avg": 23.65,
            "net_income": 38340,
            "revenue": 526161,
            "common_shares": 827897,
            "book_valuer_per_share": 13.32,
            "book_valuer_per_share_4q_avg": 13.42,
            "equity": 1109869,
            "current_ratio": 233.83,
            "debt_ratio": 46.65,
            "inventory_turnover_ratio": 0.84,
            "account_receivable_turnover_ratio": 1.21,
            "reinvestment_rate": 53.07,
            "research_to_sale_ratio": 3.15,
            "price_fair": 31.27,
            "eps_avg_yearly": 0.89,
            "eps_latest_yearly": 1.84,
            "eps_growth_yearly": 66.39
        },
        "20143": {
            "year_quarter": 20143,
            "year": 2014,
            "quarter": 3,
            "eps": 0.65,
            "eps_growth_year": 712.5,
            "eps_4q": 1.22,
            "eps_4q_growth_year": 294.43,
            "roe": 4.74,
            "roe_4q": 8.94,
            "gross_profit": 171656,
            "gross_margin": 29.73,
            "gross_margin_4q_avg": 24.67,
            "net_income": 54171,
            "revenue": 577407,
            "common_shares": 827897,
            "book_valuer_per_share": 14.1,
            "book_valuer_per_share_4q_avg": 13.61,
            "equity": 1174902,
            "current_ratio": 228.32,
            "debt_ratio": 47.01,
            "inventory_turnover_ratio": 0.8,
            "account_receivable_turnover_ratio": 1.03,
            "reinvestment_rate": 4.41,
            "research_to_sale_ratio": 3.82,
            "price_fair": 36.24,
            "eps_avg_yearly": 1.04,
            "eps_latest_yearly": 2.6,
            "eps_growth_yearly": 104.75
        },
        "20144": {
            "year_quarter": 20144,
            "year": 2014,
            "quarter": 4,
            "eps": 0.32,
            "eps_growth_year": null,
            "eps_4q": 1.54,
            "eps_4q_growth_year": 363.25,
            "roe": 2.19,
            "roe_4q": 11.19,
            "gross_profit": 136815,
            "gross_margin": 27.16,
            "gross_margin_4q_avg": 26.21,
            "net_income": 26138,
            "revenue": 503716,
            "common_shares": 827897,
            "book_valuer_per_share": 14.58,
            "book_valuer_per_share_4q_avg": 13.89,
            "equity": 1214229,
            "current_ratio": 177.09,
            "debt_ratio": 45.76,
            "inventory_turnover_ratio": 0.67,
            "account_receivable_turnover_ratio": 0.86,
            "reinvestment_rate": 7.02,
            "research_to_sale_ratio": 4.33,
            "price_fair": 38.73,
            "eps_avg_yearly": 1.11,
            "eps_latest_yearly": 1.28,
            "eps_growth_yearly": 105.08
        },
        "20151": {
            "year_quarter": 20151,
            "year": 2015,
            "quarter": 1,
            "eps": 0.1,
            "eps_growth_year": -9.09,
            "eps_4q": 1.53,
            "eps_4q_growth_year": 234.44,
            "roe": 0.68,
            "roe_4q": 11.030000000000001,
            "gross_profit": 113089,
            "gross_margin": 25.95,
            "gross_margin_4q_avg": 26.92,
            "net_income": 8304,
            "revenue": 435758,
            "common_shares": 827897,
            "book_valuer_per_share": 14.62,
            "book_valuer_per_share_4q_avg": 14.16,
            "equity": 1218056,
            "current_ratio": 223.34,
            "debt_ratio": 44.59,
            "inventory_turnover_ratio": 0.59,
            "account_receivable_turnover_ratio": 0.83,
            "reinvestment_rate": -7.74,
            "research_to_sale_ratio": 5.62,
            "price_fair": 34.53,
            "eps_avg_yearly": 1,
            "eps_latest_yearly": 0.4,
            "eps_growth_yearly": 24.53
        },
        "20152": {
            "year_quarter": 20152,
            "year": 2015,
            "quarter": 2,
            "eps": -0.09,
            "eps_growth_year": -119.57,
            "eps_4q": 0.99,
            "eps_4q_growth_year": 51.99,
            "roe": -0.63,
            "roe_4q": 6.98,
            "gross_profit": 110823,
            "gross_margin": 22.41,
            "gross_margin_4q_avg": 26.31,
            "net_income": -7362,
            "revenue": 494496,
            "common_shares": 827897,
            "book_valuer_per_share": 13.45,
            "book_valuer_per_share_4q_avg": 14.19,
            "equity": 1120332,
            "current_ratio": 182.64,
            "debt_ratio": 47.54,
            "inventory_turnover_ratio": 0.71,
            "account_receivable_turnover_ratio": 0.99,
            "reinvestment_rate": -10.75,
            "research_to_sale_ratio": 7.75,
            "price_fair": 34.3,
            "eps_avg_yearly": 0.98,
            "eps_latest_yearly": 0.4,
            "eps_growth_yearly": 34.95
        },
        "20153": {
            "year_quarter": 20153,
            "year": 2015,
            "quarter": 3,
            "eps": 0.16,
            "eps_growth_year": -75.38,
            "eps_4q": 0.5,
            "eps_4q_growth_year": -59.44,
            "roe": 1.17,
            "roe_4q": 3.41,
            "gross_profit": 102487,
            "gross_margin": 26.69,
            "gross_margin_4q_avg": 25.55,
            "net_income": 13254,
            "revenue": 383997,
            "common_shares": 827897,
            "book_valuer_per_share": 13.83,
            "book_valuer_per_share_4q_avg": 14.12,
            "equity": 1151959,
            "current_ratio": 200.65,
            "debt_ratio": 44.72,
            "inventory_turnover_ratio": 0.51,
            "account_receivable_turnover_ratio": 0.8,
            "reinvestment_rate": -19.54,
            "research_to_sale_ratio": 6.63,
            "price_fair": 36.4,
            "eps_avg_yearly": 1.04,
            "eps_latest_yearly": 0.4,
            "eps_growth_yearly": 69.5
        },
        "20154": {
            "year_quarter": 20154,
            "year": 2015,
            "quarter": 4,
            "eps": 0.14,
            "eps_growth_year": -55.45,
            "eps_4q": 0.32,
            "eps_4q_growth_year": -79.33,
            "roe": 1.02,
            "roe_4q": 2.24,
            "gross_profit": 119735,
            "gross_margin": 28.03,
            "gross_margin_4q_avg": 25.77,
            "net_income": 11698,
            "revenue": 427233,
            "common_shares": 827897,
            "book_valuer_per_share": 13.77,
            "book_valuer_per_share_4q_avg": 13.92,
            "equity": 1147226,
            "current_ratio": 175.37,
            "debt_ratio": 45.23,
            "inventory_turnover_ratio": 0.57,
            "account_receivable_turnover_ratio": 0.96,
            "reinvestment_rate": -26.32,
            "research_to_sale_ratio": 6.28,
            "price_fair": 34.3,
            "eps_avg_yearly": 0.98,
            "eps_latest_yearly": 0.56,
            "eps_growth_yearly": 54.56
        },
        "20161": {
            "year_quarter": 20161,
            "year": 2016,
            "quarter": 1,
            "eps": 0.17,
            "eps_growth_year": 70,
            "eps_4q": 0.38,
            "eps_4q_growth_year": -75.05,
            "roe": 1.17,
            "roe_4q": 2.73,
            "gross_profit": 113709,
            "gross_margin": 27.08,
            "gross_margin_4q_avg": 26.05,
            "net_income": 13525,
            "revenue": 419913,
            "common_shares": 827897,
            "book_valuer_per_share": 13.92,
            "book_valuer_per_share_4q_avg": 13.74,
            "equity": 1159462,
            "current_ratio": 202.94,
            "debt_ratio": 43.2,
            "inventory_turnover_ratio": 0.63,
            "account_receivable_turnover_ratio": 0.97,
            "reinvestment_rate": -20,
            "research_to_sale_ratio": 6.06,
            "price_fair": 33.13,
            "eps_avg_yearly": 0.95,
            "eps_latest_yearly": 0.68,
            "eps_growth_yearly": 58.02
        },
        "20162": {
            "year_quarter": 20162,
            "year": 2016,
            "quarter": 2,
            "eps": 0.33,
            "eps_growth_year": null,
            "eps_4q": 0.8,
            "eps_4q_growth_year": -19.32,
            "roe": 2.32,
            "roe_4q": 5.68,
            "gross_profit": 117560,
            "gross_margin": 24.02,
            "gross_margin_4q_avg": 26.46,
            "net_income": 26867,
            "revenue": 489456,
            "common_shares": 827897,
            "book_valuer_per_share": 13.88,
            "book_valuer_per_share_4q_avg": 13.85,
            "equity": 1155986,
            "current_ratio": 206.65,
            "debt_ratio": 41.75,
            "inventory_turnover_ratio": 0.83,
            "account_receivable_turnover_ratio": 1.04,
            "reinvestment_rate": -26.42,
            "research_to_sale_ratio": 5.98,
            "price_fair": 36.56,
            "eps_avg_yearly": 1.04,
            "eps_latest_yearly": 1.32,
            "eps_growth_yearly": 117.13
        },
        "20163": {
            "year_quarter": 20163,
            "year": 2016,
            "quarter": 3,
            "eps": -0.32,
            "eps_growth_year": -300,
            "eps_4q": 0.32,
            "eps_4q_growth_year": -36.18,
            "roe": -2.32,
            "roe_4q": 2.19,
            "gross_profit": 73756,
            "gross_margin": 25.5,
            "gross_margin_4q_avg": 26.16,
            "net_income": -26347,
            "revenue": 289223,
            "common_shares": 827897,
            "book_valuer_per_share": 13.41,
            "book_valuer_per_share_4q_avg": 13.75,
            "equity": 1116747,
            "current_ratio": 218.03,
            "debt_ratio": 39.77,
            "inventory_turnover_ratio": 0.5,
            "account_receivable_turnover_ratio": 0.62,
            "reinvestment_rate": -30.4,
            "research_to_sale_ratio": 10.16,
            "price_fair": 39.38,
            "eps_avg_yearly": 1.13,
            "eps_latest_yearly": 1.32,
            "eps_growth_yearly": 136.32
        },
        "20164": {
            "year_quarter": 20164,
            "year": 2016,
            "quarter": 4,
            "eps": 0.39,
            "eps_growth_year": 178.12,
            "eps_4q": 0.57,
            "eps_4q_growth_year": 77.79,
            "roe": 2.89,
            "roe_4q": 4.0600000000000005,
            "gross_profit": 125929,
            "gross_margin": 31.62,
            "gross_margin_4q_avg": 27.06,
            "net_income": 32621,
            "revenue": 398258,
            "common_shares": 827897,
            "book_valuer_per_share": 13.7,
            "book_valuer_per_share_4q_avg": 13.73,
            "equity": 1140931,
            "current_ratio": 245.63,
            "debt_ratio": 39.33,
            "inventory_turnover_ratio": 0.67,
            "account_receivable_turnover_ratio": 0.89,
            "reinvestment_rate": -21.13,
            "research_to_sale_ratio": 7.92,
            "price_fair": 39.38,
            "eps_avg_yearly": 1.13,
            "eps_latest_yearly": 1.32,
            "eps_growth_yearly": 136.32
        },
        "20171": {
            "year_quarter": 20171,
            "year": 2017,
            "quarter": 1,
            "eps": 0,
            "eps_growth_year": -100,
            "eps_4q": 0.4,
            "eps_4q_growth_year": 4.47,
            "roe": -0.02,
            "roe_4q": 2.87,
            "gross_profit": 89634,
            "gross_margin": 24.74,
            "gross_margin_4q_avg": 26.47,
            "net_income": -224,
            "revenue": 362313,
            "common_shares": 827897,
            "book_valuer_per_share": 13.48,
            "book_valuer_per_share_4q_avg": 13.62,
            "equity": 1122481,
            "current_ratio": 245,
            "debt_ratio": 39.33,
            "inventory_turnover_ratio": 0.76,
            "account_receivable_turnover_ratio": 0.76,
            "reinvestment_rate": -28.04,
            "research_to_sale_ratio": 5.23,
            "price_fair": 39.38,
            "eps_avg_yearly": 1.13,
            "eps_latest_yearly": 1.32,
            "eps_growth_yearly": 136.32
        },
        "20172": {
            "year_quarter": 20172,
            "year": 2017,
            "quarter": 2,
            "eps": 0.61,
            "eps_growth_year": 84.85,
            "eps_4q": 0.68,
            "eps_4q_growth_year": -14.74,
            "roe": 4.44,
            "roe_4q": 4.99,
            "gross_profit": 126181,
            "gross_margin": 24.29,
            "gross_margin_4q_avg": 26.54,
            "net_income": 50142,
            "revenue": 519532,
            "common_shares": 827897,
            "book_valuer_per_share": 13.67,
            "book_valuer_per_share_4q_avg": 13.57,
            "equity": 1138080,
            "current_ratio": 246.58,
            "debt_ratio": 47.07,
            "inventory_turnover_ratio": 1.08,
            "account_receivable_turnover_ratio": 0.94,
            "reinvestment_rate": -40.24,
            "research_to_sale_ratio": 4.03,
            "price_fair": 39.38,
            "eps_avg_yearly": 1.13,
            "eps_latest_yearly": 1.32,
            "eps_growth_yearly": 136.32
        },
        "20173": {
            "year_quarter": 20173,
            "year": 2017,
            "quarter": 3,
            "eps": 0.1,
            "eps_growth_year": null,
            "eps_4q": 1.1,
            "eps_4q_growth_year": 247.63,
            "roe": 0.74,
            "roe_4q": 8.05,
            "gross_profit": 107886,
            "gross_margin": 25.72,
            "gross_margin_4q_avg": 26.59,
            "net_income": 8477,
            "revenue": 419417,
            "common_shares": 827897,
            "book_valuer_per_share": 13.87,
            "book_valuer_per_share_4q_avg": 13.68,
            "equity": 1154672,
            "current_ratio": 274.08,
            "debt_ratio": 44.58,
            "inventory_turnover_ratio": 0.75,
            "account_receivable_turnover_ratio": 0.63,
            "reinvestment_rate": -35.62,
            "research_to_sale_ratio": 5.73,
            "price_fair": 39.73,
            "eps_avg_yearly": 1.14,
            "eps_latest_yearly": 0.4,
            "eps_growth_yearly": 129.7
        },
        "20174": {
            "year_quarter": 20174,
            "year": 2017,
            "quarter": 4,
            "eps": -0.07,
            "eps_growth_year": -118.78,
            "eps_4q": 0.63,
            "eps_4q_growth_year": 11.3,
            "roe": -0.53,
            "roe_4q": 4.630000000000001,
            "gross_profit": 97279,
            "gross_margin": 30.91,
            "gross_margin_4q_avg": 26.42,
            "net_income": -6127,
            "revenue": 314760,
            "common_shares": 827897,
            "book_valuer_per_share": 13.78,
            "book_valuer_per_share_4q_avg": 13.7,
            "equity": 1147004,
            "current_ratio": 249.31,
            "debt_ratio": 45.11,
            "inventory_turnover_ratio": 0.45,
            "account_receivable_turnover_ratio": 0.53,
            "reinvestment_rate": -33.75,
            "research_to_sale_ratio": 6.04,
            "price_fair": 39.73,
            "eps_avg_yearly": 1.14,
            "eps_latest_yearly": 0.4,
            "eps_growth_yearly": 129.7
        },
        "20181": {
            "year_quarter": 20181,
            "year": 2018,
            "quarter": 1,
            "eps": 0.04,
            "eps_growth_year": null,
            "eps_4q": 0.68,
            "eps_4q_growth_year": 69.23,
            "roe": 0.29,
            "roe_4q": 4.94,
            "gross_profit": 85423,
            "gross_margin": 24.71,
            "gross_margin_4q_avg": 26.41,
            "net_income": 3421,
            "revenue": 345709,
            "common_shares": 827897,
            "book_valuer_per_share": 15.02,
            "book_valuer_per_share_4q_avg": 14.09,
            "equity": 1250089,
            "current_ratio": 237.28,
            "debt_ratio": 42.82,
            "inventory_turnover_ratio": 0.49,
            "account_receivable_turnover_ratio": 0.72,
            "reinvestment_rate": -63.95,
            "research_to_sale_ratio": 5.13,
            "price_fair": 39.73,
            "eps_avg_yearly": 1.14,
            "eps_latest_yearly": 0.4,
            "eps_growth_yearly": 129.7
        },
        "20182": {
            "year_quarter": 20182,
            "year": 2018,
            "quarter": 2,
            "eps": 0.23,
            "eps_growth_year": -62.3,
            "eps_4q": 0.3,
            "eps_4q_growth_year": -56.42,
            "roe": 1.51,
            "roe_4q": 2.01,
            "gross_profit": 113610,
            "gross_margin": 28.16,
            "gross_margin_4q_avg": 27.38,
            "net_income": 18557,
            "revenue": 403374,
            "common_shares": 827897,
            "book_valuer_per_share": 14.49,
            "book_valuer_per_share_4q_avg": 14.29,
            "equity": 1206404,
            "current_ratio": 206.92,
            "debt_ratio": 45.11,
            "inventory_turnover_ratio": 0.51,
            "account_receivable_turnover_ratio": 0.82,
            "reinvestment_rate": -63.55,
            "research_to_sale_ratio": 3.9,
            "price_fair": 35.7,
            "eps_avg_yearly": 1.02,
            "eps_latest_yearly": 0.92,
            "eps_growth_yearly": 208.11
        },
        "20183": {
            "year_quarter": 20183,
            "year": 2018,
            "quarter": 3,
            "eps": 0.07,
            "eps_growth_year": -30,
            "eps_4q": 0.26,
            "eps_4q_growth_year": -76.35,
            "roe": 0.45,
            "roe_4q": 1.72,
            "gross_profit": 101699,
            "gross_margin": 27.15,
            "gross_margin_4q_avg": 27.73,
            "net_income": 5379,
            "revenue": 374622,
            "common_shares": 827897,
            "book_valuer_per_share": 14.18,
            "book_valuer_per_share_4q_avg": 14.37,
            "equity": 1180281,
            "current_ratio": 198.35,
            "debt_ratio": 45.66,
            "inventory_turnover_ratio": 0.48,
            "account_receivable_turnover_ratio": 0.73,
            "reinvestment_rate": -79.78,
            "research_to_sale_ratio": 3.93,
            "price_fair": 25.55,
            "eps_avg_yearly": 0.73,
            "eps_latest_yearly": 0.28,
            "eps_growth_yearly": 152.68
        },
        "20184": {
            "year_quarter": 20184,
            "year": 2018,
            "quarter": 4,
            "eps": 0.26,
            "eps_growth_year": null,
            "eps_4q": 0.59,
            "eps_4q_growth_year": -6.52,
            "roe": 1.81,
            "roe_4q": 4.0600000000000005,
            "gross_profit": 101772,
            "gross_margin": 28.02,
            "gross_margin_4q_avg": 27.01,
            "net_income": 21214,
            "revenue": 363201,
            "common_shares": 827897,
            "book_valuer_per_share": 14.02,
            "book_valuer_per_share_4q_avg": 14.43,
            "equity": 1166844,
            "current_ratio": 203.24,
            "debt_ratio": 43.98,
            "inventory_turnover_ratio": 0.51,
            "account_receivable_turnover_ratio": 0.69,
            "reinvestment_rate": -78.32,
            "research_to_sale_ratio": 3.74,
            "price_fair": 24.5,
            "eps_avg_yearly": 0.7,
            "eps_latest_yearly": 1.04,
            "eps_growth_yearly": 313.78
        },
        "20191": {
            "year_quarter": 20191,
            "year": 2019,
            "quarter": 1,
            "eps": 0.05,
            "eps_growth_year": 25,
            "eps_4q": 0.6,
            "eps_4q_growth_year": -11.82,
            "roe": 0.31,
            "roe_4q": 4.08,
            "gross_profit": 85579,
            "gross_margin": 27.03,
            "gross_margin_4q_avg": 27.59,
            "net_income": 3722,
            "revenue": 316616,
            "common_shares": 827897,
            "book_valuer_per_share": 14.65,
            "book_valuer_per_share_4q_avg": 14.34,
            "equity": 1219039,
            "current_ratio": 236.4,
            "debt_ratio": 42.14,
            "inventory_turnover_ratio": 0.49,
            "account_receivable_turnover_ratio": 0.69,
            "reinvestment_rate": -92.64,
            "research_to_sale_ratio": 4.67,
            "price_fair": 23.63,
            "eps_avg_yearly": 0.68,
            "eps_latest_yearly": 0.2,
            "eps_growth_yearly": 307.77
        },
        "20192": {
            "year_quarter": 20192,
            "year": 2019,
            "quarter": 2,
            "eps": 0.04,
            "eps_growth_year": -82.61,
            "eps_4q": 0.41,
            "eps_4q_growth_year": 37.89,
            "roe": 0.24,
            "roe_4q": 2.8100000000000005,
            "gross_profit": 82745,
            "gross_margin": 20.49,
            "gross_margin_4q_avg": 25.67,
            "net_income": 2912,
            "revenue": 403852,
            "common_shares": 827897,
            "book_valuer_per_share": 14.13,
            "book_valuer_per_share_4q_avg": 14.25,
            "equity": 1175631,
            "current_ratio": 221.78,
            "debt_ratio": 44.95,
            "inventory_turnover_ratio": 0.76,
            "account_receivable_turnover_ratio": 1.04,
            "reinvestment_rate": -219.69,
            "research_to_sale_ratio": 3.78,
            "price_fair": 21.62,
            "eps_avg_yearly": 0.62,
            "eps_latest_yearly": 0.16,
            "eps_growth_yearly": 264.68
        },
        "20193": {
            "year_quarter": 20193,
            "year": 2019,
            "quarter": 3,
            "eps": 0.26,
            "eps_growth_year": 271.43,
            "eps_4q": 0.6,
            "eps_4q_growth_year": 132.52,
            "roe": 1.84,
            "roe_4q": 4.2,
            "gross_profit": 113038,
            "gross_margin": 27.24,
            "gross_margin_4q_avg": 25.7,
            "net_income": 21630,
            "revenue": 414895,
            "common_shares": 827897,
            "book_valuer_per_share": 14.18,
            "book_valuer_per_share_4q_avg": 14.25,
            "equity": 1179750,
            "current_ratio": 228.6,
            "debt_ratio": 43.52,
            "inventory_turnover_ratio": 0.76,
            "account_receivable_turnover_ratio": 1.05,
            "reinvestment_rate": -203.77,
            "research_to_sale_ratio": 3.7,
            "price_fair": 23.1,
            "eps_avg_yearly": 0.66,
            "eps_latest_yearly": 1.04,
            "eps_growth_yearly": 458.21
        },
        "20194": {
            "year_quarter": 20194,
            "year": 2019,
            "quarter": 4,
            "eps": 0.25,
            "eps_growth_year": -3.25,
            "eps_4q": 0.6,
            "eps_4q_growth_year": 0.88,
            "roe": 1.71,
            "roe_4q": 4.1,
            "gross_profit": 100585,
            "gross_margin": 24.72,
            "gross_margin_4q_avg": 24.87,
            "net_income": 20230,
            "revenue": 406897,
            "common_shares": 827897,
            "book_valuer_per_share": 14.3,
            "book_valuer_per_share_4q_avg": 14.32,
            "equity": 1189067,
            "current_ratio": 215.32,
            "debt_ratio": 44.41,
            "inventory_turnover_ratio": 0.8,
            "account_receivable_turnover_ratio": 0.96,
            "reinvestment_rate": -181.92,
            "research_to_sale_ratio": 2.68,
            "price_fair": 24.64,
            "eps_avg_yearly": 0.7,
            "eps_latest_yearly": 1,
            "eps_growth_yearly": 461.68
        },
        "20201": {
            "year_quarter": 20201,
            "year": 2020,
            "quarter": 1,
            "eps": 0.11,
            "eps_growth_year": 120,
            "eps_4q": 0.66,
            "eps_4q_growth_year": 10.05,
            "roe": 0.78,
            "roe_4q": 4.57,
            "gross_profit": 84336,
            "gross_margin": 24.61,
            "gross_margin_4q_avg": 24.27,
            "net_income": 8962,
            "revenue": 342685,
            "common_shares": 827897,
            "book_valuer_per_share": 13.32,
            "book_valuer_per_share_4q_avg": 13.98,
            "equity": 1107781,
            "current_ratio": 223.06,
            "debt_ratio": 45.01,
            "inventory_turnover_ratio": 0.74,
            "account_receivable_turnover_ratio": 0.79,
            "reinvestment_rate": -187.52,
            "research_to_sale_ratio": 2.56,
            "price_fair": 23.8,
            "eps_avg_yearly": 0.68,
            "eps_latest_yearly": 0.44,
            "eps_growth_yearly": 430.7
        },
        "20202": {
            "year_quarter": 20202,
            "year": 2020,
            "quarter": 2,
            "eps": 0.55,
            "eps_growth_year": 1275,
            "eps_4q": 1.17,
            "eps_4q_growth_year": 186.51,
            "roe": 4.15,
            "roe_4q": 8.48,
            "gross_profit": 115329,
            "gross_margin": 24.38,
            "gross_margin_4q_avg": 25.24,
            "net_income": 45259,
            "revenue": 473018,
            "common_shares": 827897,
            "book_valuer_per_share": 12.88,
            "book_valuer_per_share_4q_avg": 13.67,
            "equity": 1071840,
            "current_ratio": 216.98,
            "debt_ratio": 45.27,
            "inventory_turnover_ratio": 0.98,
            "account_receivable_turnover_ratio": 1.05,
            "reinvestment_rate": -164.93,
            "research_to_sale_ratio": 1.99,
            "price_fair": 26.88,
            "eps_avg_yearly": 0.77,
            "eps_latest_yearly": 2.2,
            "eps_growth_yearly": 553.06
        },
        "20203": {
            "year_quarter": 20203,
            "year": 2020,
            "quarter": 3,
            "eps": 0.14,
            "eps_growth_year": -46.15,
            "eps_4q": 1.05,
            "eps_4q_growth_year": 73.71,
            "roe": 1.12,
            "roe_4q": 7.760000000000001,
            "gross_profit": 94452,
            "gross_margin": 26.26,
            "gross_margin_4q_avg": 24.99,
            "net_income": 11980,
            "revenue": 359739,
            "common_shares": 827897,
            "book_valuer_per_share": 12.89,
            "book_valuer_per_share_4q_avg": 13.35,
            "equity": 1072682,
            "current_ratio": 225.21,
            "debt_ratio": 44.23,
            "inventory_turnover_ratio": 0.66,
            "account_receivable_turnover_ratio": 0.8,
            "reinvestment_rate": -133.43,
            "research_to_sale_ratio": 2.37,
            "price_fair": 26.22,
            "eps_avg_yearly": 0.75,
            "eps_latest_yearly": 0.56,
            "eps_growth_yearly": 475.67
        },
        "20204": {
            "year_quarter": 20204,
            "year": 2020,
            "quarter": 4,
            "eps": 0.16,
            "eps_growth_year": -37.49,
            "eps_4q": 0.96,
            "eps_4q_growth_year": 60.5,
            "roe": 1.16,
            "roe_4q": 7.210000000000001,
            "gross_profit": 99063,
            "gross_margin": 23.16,
            "gross_margin_4q_avg": 24.6,
            "net_income": 12764,
            "revenue": 427656,
            "common_shares": 827897,
            "book_valuer_per_share": 13.51,
            "book_valuer_per_share_4q_avg": 13.15,
            "equity": 1123926,
            "current_ratio": 218.47,
            "debt_ratio": 43.34,
            "inventory_turnover_ratio": 0.86,
            "account_receivable_turnover_ratio": 0.94,
            "reinvestment_rate": -143.82,
            "research_to_sale_ratio": 3.18,
            "price_fair": 25.9,
            "eps_avg_yearly": 0.74,
            "eps_latest_yearly": 0.64,
            "eps_growth_yearly": 440.79
        },
        "20211": {
            "year_quarter": 20211,
            "year": 2021,
            "quarter": 1,
            "eps": 1.36,
            "eps_growth_year": 1136.36,
            "eps_4q": 2.2,
            "eps_4q_growth_year": 235.9,
            "roe": 9.31,
            "roe_4q": 15.74,
            "gross_profit": 118133,
            "gross_margin": 27.85,
            "gross_margin_4q_avg": 25.41,
            "net_income": 112353,
            "revenue": 424160,
            "common_shares": 827897,
            "book_valuer_per_share": 15.51,
            "book_valuer_per_share_4q_avg": 13.7,
            "equity": 1289258,
            "current_ratio": 245.61,
            "debt_ratio": 39.98,
            "inventory_turnover_ratio": 0.93,
            "account_receivable_turnover_ratio": 0.86,
            "reinvestment_rate": -93.82,
            "research_to_sale_ratio": 2.69,
            "price_fair": 38.55,
            "eps_avg_yearly": 1.1,
            "eps_latest_yearly": 5.44,
            "eps_growth_yearly": 637.66
        },
        "20212": {
            "year_quarter": 20212,
            "year": 2021,
            "quarter": 2,
            "eps": 0.65,
            "eps_growth_year": 18.18,
            "eps_4q": 2.31,
            "eps_4q_growth_year": 97.88,
            "roe": 4.15,
            "roe_4q": 15.740000000000002,
            "gross_profit": 147605,
            "gross_margin": 26.46,
            "gross_margin_4q_avg": 25.93,
            "net_income": 54321,
            "revenue": 557781,
            "common_shares": 827897,
            "book_valuer_per_share": 15.98,
            "book_valuer_per_share_4q_avg": 14.47,
            "equity": 1327999,
            "current_ratio": 212.67,
            "debt_ratio": 37.94,
            "inventory_turnover_ratio": 1.23,
            "account_receivable_turnover_ratio": 1.04,
            "reinvestment_rate": -99.54,
            "research_to_sale_ratio": 2.51,
            "price_fair": 42.3,
            "eps_avg_yearly": 1.21,
            "eps_latest_yearly": 2.6,
            "eps_growth_yearly": 577.19
        },
        "20213": {
            "year_quarter": 20213,
            "year": 2021,
            "quarter": 3,
            "eps": 0.83,
            "eps_growth_year": 492.86,
            "eps_4q": 3,
            "eps_4q_growth_year": 185.41,
            "roe": 5.05,
            "roe_4q": 19.669999999999998,
            "gross_profit": 168413,
            "gross_margin": 31.67,
            "gross_margin_4q_avg": 27.29,
            "net_income": 68746,
            "revenue": 531798,
            "common_shares": 827897,
            "book_valuer_per_share": 16.75,
            "book_valuer_per_share_4q_avg": 15.44,
            "equity": 1392423,
            "current_ratio": 222.11,
            "debt_ratio": 35.23,
            "inventory_turnover_ratio": 1,
            "account_receivable_turnover_ratio": 0.92,
            "reinvestment_rate": -84.9,
            "research_to_sale_ratio": 2.81,
            "price_fair": 49.6,
            "eps_avg_yearly": 1.42,
            "eps_latest_yearly": 3.32,
            "eps_growth_yearly": 608.99
        },
        "20214": {
            "year_quarter": 20214,
            "year": 2021,
            "quarter": 4,
            "eps": 0.36,
            "eps_growth_year": 132.19,
            "eps_4q": 3.2,
            "eps_4q_growth_year": 234.72,
            "roe": 2.09,
            "roe_4q": 20.6,
            "gross_profit": 127161,
            "gross_margin": 28.33,
            "gross_margin_4q_avg": 28.58,
            "net_income": 29845,
            "revenue": 448780,
            "common_shares": 827897,
            "book_valuer_per_share": 17.59,
            "book_valuer_per_share_4q_avg": 16.46,
            "equity": 1461443,
            "current_ratio": 249.8,
            "debt_ratio": 31.07,
            "inventory_turnover_ratio": 0.79,
            "account_receivable_turnover_ratio": 0.79,
            "reinvestment_rate": -78.19,
            "research_to_sale_ratio": 3.35,
            "price_fair": 49.65,
            "eps_avg_yearly": 1.42,
            "eps_latest_yearly": 1.44,
            "eps_growth_yearly": 553.29
        },
        "20221": {
            "year_quarter": 20221,
            "year": 2022,
            "quarter": 1,
            "eps": 0.72,
            "eps_growth_year": -47.06,
            "eps_4q": 2.57,
            "eps_4q_growth_year": 16.46,
            "roe": 4,
            "roe_4q": 15.290000000000001,
            "gross_profit": 147626,
            "gross_margin": 29.15,
            "gross_margin_4q_avg": 28.9,
            "net_income": 59936,
            "revenue": 506504,
            "common_shares": 827897,
            "book_valuer_per_share": 18.46,
            "book_valuer_per_share_4q_avg": 17.2,
            "equity": 1534116,
            "current_ratio": 281.49,
            "debt_ratio": 28.45,
            "inventory_turnover_ratio": 0.82,
            "account_receivable_turnover_ratio": 0.95,
            "reinvestment_rate": -53.34,
            "research_to_sale_ratio": 2.39,
            "price_fair": 52.85,
            "eps_avg_yearly": 1.51,
            "eps_latest_yearly": 2.88,
            "eps_growth_yearly": 543.71
        },
        "20222": {
            "year_quarter": 20222,
            "year": 2022,
            "quarter": 2,
            "eps": 0.83,
            "eps_growth_year": 27.69,
            "eps_4q": 2.75,
            "eps_4q_growth_year": 18.87,
            "roe": 4.59,
            "roe_4q": 15.73,
            "gross_profit": 129742,
            "gross_margin": 24.87,
            "gross_margin_4q_avg": 28.51,
            "net_income": 68037,
            "revenue": 521763,
            "common_shares": 827897,
            "book_valuer_per_share": 17.26,
            "book_valuer_per_share_4q_avg": 17.52,
            "equity": 1433553,
            "current_ratio": 255.57,
            "debt_ratio": 31.67,
            "inventory_turnover_ratio": 0.87,
            "account_receivable_turnover_ratio": 0.94,
            "reinvestment_rate": -50.69,
            "research_to_sale_ratio": 2.27,
            "price_fair": 58.1,
            "eps_avg_yearly": 1.66,
            "eps_latest_yearly": 3.32,
            "eps_growth_yearly": 428.78
        },
        "20223": {
            "year_quarter": 20223,
            "year": 2022,
            "quarter": 3,
            "eps": 0.71,
            "eps_growth_year": -14.46,
            "eps_4q": 2.63,
            "eps_4q_growth_year": -12.26,
            "roe": 4.01,
            "roe_4q": 14.69,
            "gross_profit": 143427,
            "gross_margin": 30.9,
            "gross_margin_4q_avg": 28.31,
            "net_income": 58851,
            "revenue": 464119,
            "common_shares": 827897,
            "book_valuer_per_share": 18.07,
            "book_valuer_per_share_4q_avg": 17.85,
            "equity": 1500562,
            "current_ratio": 329.55,
            "debt_ratio": 25.04,
            "inventory_turnover_ratio": 0.71,
            "account_receivable_turnover_ratio": 0.84,
            "reinvestment_rate": -46.73,
            "research_to_sale_ratio": 2.21,
            "price_fair": 63.7,
            "eps_avg_yearly": 1.82,
            "eps_latest_yearly": 2.84,
            "eps_growth_yearly": 442.56
        },
        "20224": {
            "year_quarter": 20224,
            "year": 2022,
            "quarter": 4,
            "eps": 0.32,
            "eps_growth_year": -12.21,
            "eps_4q": 2.58,
            "eps_4q_growth_year": -19.27,
            "roe": 1.79,
            "roe_4q": 14.39,
            "gross_profit": 109437,
            "gross_margin": 35.18,
            "gross_margin_4q_avg": 30.03,
            "net_income": 26617,
            "revenue": 311114,
            "common_shares": 827897,
            "book_valuer_per_share": 17.75,
            "book_valuer_per_share_4q_avg": 17.89,
            "equity": 1474171,
            "current_ratio": 384.32,
            "debt_ratio": 22.21,
            "inventory_turnover_ratio": 0.49,
            "account_receivable_turnover_ratio": 0.67,
            "reinvestment_rate": -49.59,
            "research_to_sale_ratio": 4.63,
            "price_fair": 64.23,
            "eps_avg_yearly": 1.84,
            "eps_latest_yearly": 1.28,
            "eps_growth_yearly": 360.97
        },
        "20231": {
            "year_quarter": 20231,
            "year": 2023,
            "quarter": 1,
            "eps": 0.33,
            "eps_growth_year": -54.17,
            "eps_4q": 2.19,
            "eps_4q_growth_year": -14.56,
            "roe": 1.94,
            "roe_4q": 12.33,
            "gross_profit": 81003,
            "gross_margin": 30.69,
            "gross_margin_4q_avg": 30.41,
            "net_income": 27498,
            "revenue": 263924,
            "common_shares": 827897,
            "book_valuer_per_share": 16.36,
            "book_valuer_per_share_4q_avg": 17.36,
            "equity": 1359699,
            "current_ratio": 269.82,
            "debt_ratio": 28.45,
            "inventory_turnover_ratio": 0.48,
            "account_receivable_turnover_ratio": 0.75,
            "reinvestment_rate": -43.36,
            "research_to_sale_ratio": 2.6,
            "price_fair": 66.68,
            "eps_avg_yearly": 1.91,
            "eps_latest_yearly": 1.32,
            "eps_growth_yearly": 381.94
        }
    },
    "months": {
        "2002-12": {
            "month": "2002-12",
            "price": "32.77",
            "revenue": 55037
        },
        "2003-01": {
            "month": "2003-01",
            "price": "35.53",
            "revenue": 56777
        },
        "2003-02": {
            "month": "2003-02",
            "price": "43.61",
            "revenue": 47559
        },
        "2003-03": {
            "month": "2003-03",
            "price": "43.67",
            "revenue": 78487
        },
        "2003-04": {
            "month": "2003-04",
            "price": "46.15",
            "revenue": 63838
        },
        "2003-05": {
            "month": "2003-05",
            "price": "32.27",
            "revenue": 70810
        },
        "2003-06": {
            "month": "2003-06",
            "price": "36.48",
            "revenue": 76796
        },
        "2003-07": {
            "month": "2003-07",
            "price": "35.74",
            "revenue": 74252
        },
        "2003-08": {
            "month": "2003-08",
            "price": "31.70",
            "revenue": 51363
        },
        "2003-09": {
            "month": "2003-09",
            "price": "27.85",
            "revenue": 66722
        },
        "2003-10": {
            "month": "2003-10",
            "price": "27.25",
            "revenue": 70744
        },
        "2003-11": {
            "month": "2003-11",
            "price": "29.12",
            "revenue": 61421
        },
        "2003-12": {
            "month": "2003-12",
            "price": "28.16",
            "revenue": 94917
        },
        "2004-01": {
            "month": "2004-01",
            "price": "26.26",
            "revenue": 53860
        },
        "2004-02": {
            "month": "2004-02",
            "price": "28.21",
            "revenue": 71186
        },
        "2004-03": {
            "month": "2004-03",
            "price": "28.24",
            "revenue": 88986
        },
        "2004-04": {
            "month": "2004-04",
            "price": "27.95",
            "revenue": 91302
        },
        "2004-05": {
            "month": "2004-05",
            "price": "27.91",
            "revenue": 93959
        },
        "2004-06": {
            "month": "2004-06",
            "price": "28.58",
            "revenue": 108509
        },
        "2004-07": {
            "month": "2004-07",
            "price": "30.36",
            "revenue": 95349
        },
        "2004-08": {
            "month": "2004-08",
            "price": "31.73",
            "revenue": 92713
        },
        "2004-09": {
            "month": "2004-09",
            "price": "30.90",
            "revenue": 106040
        },
        "2004-10": {
            "month": "2004-10",
            "price": "32.47",
            "revenue": 87705
        },
        "2004-11": {
            "month": "2004-11",
            "price": "33.79",
            "revenue": 88157
        },
        "2004-12": {
            "month": "2004-12",
            "price": "34.53",
            "revenue": 93329
        },
        "2005-01": {
            "month": "2005-01",
            "price": "33.39",
            "revenue": 71393
        },
        "2005-02": {
            "month": "2005-02",
            "price": "37.66",
            "revenue": 58054
        },
        "2005-03": {
            "month": "2005-03",
            "price": "39.55",
            "revenue": 73555
        },
        "2005-04": {
            "month": "2005-04",
            "price": "46.97",
            "revenue": 83966
        },
        "2005-05": {
            "month": "2005-05",
            "price": "46.05",
            "revenue": 86234
        },
        "2005-06": {
            "month": "2005-06",
            "price": "48.06",
            "revenue": 91159
        },
        "2005-07": {
            "month": "2005-07",
            "price": "49.71",
            "revenue": 93650
        },
        "2005-08": {
            "month": "2005-08",
            "price": "57.86",
            "revenue": 91048
        },
        "2005-09": {
            "month": "2005-09",
            "price": "55.56",
            "revenue": 87319
        },
        "2005-10": {
            "month": "2005-10",
            "price": "60.20",
            "revenue": 147143
        },
        "2005-11": {
            "month": "2005-11",
            "price": "60.95",
            "revenue": 121287
        },
        "2005-12": {
            "month": "2005-12",
            "price": "61.78",
            "revenue": 104147
        },
        "2006-01": {
            "month": "2006-01",
            "price": "92.37",
            "revenue": 74712
        },
        "2006-02": {
            "month": "2006-02",
            "price": "92.06",
            "revenue": 80910
        },
        "2006-03": {
            "month": "2006-03",
            "price": "62.25",
            "revenue": 95778
        },
        "2006-04": {
            "month": "2006-04",
            "price": "58.42",
            "revenue": 84166
        },
        "2006-05": {
            "month": "2006-05",
            "price": "51.76",
            "revenue": 98004
        },
        "2006-06": {
            "month": "2006-06",
            "price": "48.70",
            "revenue": 102207
        },
        "2006-07": {
            "month": "2006-07",
            "price": "48.83",
            "revenue": 116455
        },
        "2006-08": {
            "month": "2006-08",
            "price": "41.67",
            "revenue": 72009
        },
        "2006-09": {
            "month": "2006-09",
            "price": "38.30",
            "revenue": 55452
        },
        "2006-10": {
            "month": "2006-10",
            "price": "37.69",
            "revenue": 79388
        },
        "2006-11": {
            "month": "2006-11",
            "price": "38.22",
            "revenue": 69226
        },
        "2006-12": {
            "month": "2006-12",
            "price": "46.51",
            "revenue": 92242
        },
        "2007-01": {
            "month": "2007-01",
            "price": "43.73",
            "revenue": 86085
        },
        "2007-02": {
            "month": "2007-02",
            "price": "41.59",
            "revenue": 72322
        },
        "2007-03": {
            "month": "2007-03",
            "price": "47.29",
            "revenue": 152761
        },
        "2007-04": {
            "month": "2007-04",
            "price": "57.68",
            "revenue": 113727
        },
        "2007-05": {
            "month": "2007-05",
            "price": "55.85",
            "revenue": 177574
        },
        "2007-06": {
            "month": "2007-06",
            "price": "57.24",
            "revenue": 151972
        },
        "2007-07": {
            "month": "2007-07",
            "price": "57.26",
            "revenue": 162600
        },
        "2007-08": {
            "month": "2007-08",
            "price": "58.97",
            "revenue": 91360
        },
        "2007-09": {
            "month": "2007-09",
            "price": "52.61",
            "revenue": 106177
        },
        "2007-10": {
            "month": "2007-10",
            "price": "48.87",
            "revenue": 85220
        },
        "2007-11": {
            "month": "2007-11",
            "price": "43.57",
            "revenue": 96719
        },
        "2007-12": {
            "month": "2007-12",
            "price": "45.00",
            "revenue": 162882
        },
        "2008-01": {
            "month": "2008-01",
            "price": "40.95",
            "revenue": 84200
        },
        "2008-02": {
            "month": "2008-02",
            "price": "39.45",
            "revenue": 66429
        },
        "2008-03": {
            "month": "2008-03",
            "price": "39.75",
            "revenue": 78508
        },
        "2008-04": {
            "month": "2008-04",
            "price": "38.17",
            "revenue": 90874
        },
        "2008-05": {
            "month": "2008-05",
            "price": "36.72",
            "revenue": 102833
        },
        "2008-06": {
            "month": "2008-06",
            "price": "31.81",
            "revenue": 100049
        },
        "2008-07": {
            "month": "2008-07",
            "price": "20.19",
            "revenue": 119319
        },
        "2008-08": {
            "month": "2008-08",
            "price": "18.94",
            "revenue": 99362
        },
        "2008-09": {
            "month": "2008-09",
            "price": "14.45",
            "revenue": 131133
        },
        "2008-10": {
            "month": "2008-10",
            "price": "12.12",
            "revenue": 95301
        },
        "2008-11": {
            "month": "2008-11",
            "price": "10.83",
            "revenue": 34082
        },
        "2008-12": {
            "month": "2008-12",
            "price": "10.19",
            "revenue": 99708
        },
        "2009-01": {
            "month": "2009-01",
            "price": "10.79",
            "revenue": 20923
        },
        "2009-02": {
            "month": "2009-02",
            "price": "9.96",
            "revenue": 40561
        },
        "2009-03": {
            "month": "2009-03",
            "price": "12.56",
            "revenue": 58148
        },
        "2009-04": {
            "month": "2009-04",
            "price": "14.78",
            "revenue": 76831
        },
        "2009-05": {
            "month": "2009-05",
            "price": "15.87",
            "revenue": 156121
        },
        "2009-06": {
            "month": "2009-06",
            "price": "14.85",
            "revenue": 118078
        },
        "2009-07": {
            "month": "2009-07",
            "price": "15.92",
            "revenue": 66021
        },
        "2009-08": {
            "month": "2009-08",
            "price": "15.98",
            "revenue": 95593
        },
        "2009-09": {
            "month": "2009-09",
            "price": "17.13",
            "revenue": 71888
        },
        "2009-10": {
            "month": "2009-10",
            "price": "21.36",
            "revenue": 60507
        },
        "2009-11": {
            "month": "2009-11",
            "price": "23.87",
            "revenue": 77784
        },
        "2009-12": {
            "month": "2009-12",
            "price": "27.86",
            "revenue": 68238
        },
        "2010-01": {
            "month": "2010-01",
            "price": "31.94",
            "revenue": 92190
        },
        "2010-02": {
            "month": "2010-02",
            "price": "31.56",
            "revenue": 121629
        },
        "2010-03": {
            "month": "2010-03",
            "price": "33.25",
            "revenue": 111615
        },
        "2010-04": {
            "month": "2010-04",
            "price": "34.25",
            "revenue": 109266
        },
        "2010-05": {
            "month": "2010-05",
            "price": "30.14",
            "revenue": 91517
        },
        "2010-06": {
            "month": "2010-06",
            "price": "26.20",
            "revenue": 125693
        },
        "2010-07": {
            "month": "2010-07",
            "price": "26.48",
            "revenue": 150469
        },
        "2010-08": {
            "month": "2010-08",
            "price": "29.88",
            "revenue": 110295
        },
        "2010-09": {
            "month": "2010-09",
            "price": "28.10",
            "revenue": 94090
        },
        "2010-10": {
            "month": "2010-10",
            "price": "28.48",
            "revenue": 96461
        },
        "2010-11": {
            "month": "2010-11",
            "price": "28.53",
            "revenue": 89715
        },
        "2010-12": {
            "month": "2010-12",
            "price": "27.70",
            "revenue": 99831
        },
        "2011-01": {
            "month": "2011-01",
            "price": "27.31",
            "revenue": 103852
        },
        "2011-02": {
            "month": "2011-02",
            "price": "24.89",
            "revenue": 104182
        },
        "2011-03": {
            "month": "2011-03",
            "price": "23.25",
            "revenue": 147132
        },
        "2011-04": {
            "month": "2011-04",
            "price": "23.18",
            "revenue": 127313
        },
        "2011-05": {
            "month": "2011-05",
            "price": "22.71",
            "revenue": 103862
        },
        "2011-06": {
            "month": "2011-06",
            "price": "27.76",
            "revenue": 95602
        },
        "2011-07": {
            "month": "2011-07",
            "price": "26.11",
            "revenue": 85393
        },
        "2011-08": {
            "month": "2011-08",
            "price": "18.50",
            "revenue": 77630
        },
        "2011-09": {
            "month": "2011-09",
            "price": "15.68",
            "revenue": 107796
        },
        "2011-10": {
            "month": "2011-10",
            "price": "13.69",
            "revenue": 61718
        },
        "2011-11": {
            "month": "2011-11",
            "price": "12.83",
            "revenue": 55437
        },
        "2011-12": {
            "month": "2011-12",
            "price": "12.28",
            "revenue": 104832
        },
        "2012-01": {
            "month": "2012-01",
            "price": "12.01",
            "revenue": 40916
        },
        "2012-02": {
            "month": "2012-02",
            "price": "14.37",
            "revenue": 56041
        },
        "2012-03": {
            "month": "2012-03",
            "price": "14.55",
            "revenue": 138501
        },
        "2012-04": {
            "month": "2012-04",
            "price": "12.85",
            "revenue": 66449
        },
        "2012-05": {
            "month": "2012-05",
            "price": "12.09",
            "revenue": 90187
        },
        "2012-06": {
            "month": "2012-06",
            "price": "11.13",
            "revenue": 151478
        },
        "2012-07": {
            "month": "2012-07",
            "price": "11.82",
            "revenue": 114817
        },
        "2012-08": {
            "month": "2012-08",
            "price": "11.82",
            "revenue": 103575
        },
        "2012-09": {
            "month": "2012-09",
            "price": "13.72",
            "revenue": 160408
        },
        "2012-10": {
            "month": "2012-10",
            "price": "12.81",
            "revenue": 83631
        },
        "2012-11": {
            "month": "2012-11",
            "price": "11.91",
            "revenue": 85643
        },
        "2012-12": {
            "month": "2012-12",
            "price": "11.90",
            "revenue": 98379
        },
        "2013-01": {
            "month": "2013-01",
            "price": "11.92",
            "revenue": 112728
        },
        "2013-02": {
            "month": "2013-02",
            "price": "12.22",
            "revenue": 85853
        },
        "2013-03": {
            "month": "2013-03",
            "price": "12.10",
            "revenue": 120816
        },
        "2013-04": {
            "month": "2013-04",
            "price": "11.58",
            "revenue": 133006
        },
        "2013-05": {
            "month": "2013-05",
            "price": "11.81",
            "revenue": 163038
        },
        "2013-06": {
            "month": "2013-06",
            "price": "12.00",
            "revenue": 159742
        },
        "2013-07": {
            "month": "2013-07",
            "price": "11.54",
            "revenue": 161194
        },
        "2013-08": {
            "month": "2013-08",
            "price": "12.38",
            "revenue": 150643
        },
        "2013-09": {
            "month": "2013-09",
            "price": "17.35",
            "revenue": 56232
        },
        "2013-10": {
            "month": "2013-10",
            "price": "17.12",
            "revenue": 113814
        },
        "2013-11": {
            "month": "2013-11",
            "price": "20.90",
            "revenue": 108736
        },
        "2013-12": {
            "month": "2013-12",
            "price": "18.71",
            "revenue": 93615
        },
        "2014-01": {
            "month": "2014-01",
            "price": "16.86",
            "revenue": 100730
        },
        "2014-02": {
            "month": "2014-02",
            "price": "16.60",
            "revenue": 129030
        },
        "2014-03": {
            "month": "2014-03",
            "price": "17.52",
            "revenue": 161442
        },
        "2014-04": {
            "month": "2014-04",
            "price": "17.50",
            "revenue": 163639
        },
        "2014-05": {
            "month": "2014-05",
            "price": "15.71",
            "revenue": 172155
        },
        "2014-06": {
            "month": "2014-06",
            "price": "16.40",
            "revenue": 190368
        },
        "2014-07": {
            "month": "2014-07",
            "price": "17.89",
            "revenue": 237048
        },
        "2014-08": {
            "month": "2014-08",
            "price": "24.33",
            "revenue": 194421
        },
        "2014-09": {
            "month": "2014-09",
            "price": "27.39",
            "revenue": 145938
        },
        "2014-10": {
            "month": "2014-10",
            "price": "23.10",
            "revenue": 154290
        },
        "2014-11": {
            "month": "2014-11",
            "price": "22.14",
            "revenue": 173278
        },
        "2014-12": {
            "month": "2014-12",
            "price": "24.10",
            "revenue": 176148
        },
        "2015-01": {
            "month": "2015-01",
            "price": "24.88",
            "revenue": 148797
        },
        "2015-02": {
            "month": "2015-02",
            "price": "24.43",
            "revenue": 111527
        },
        "2015-03": {
            "month": "2015-03",
            "price": "24.51",
            "revenue": 175434
        },
        "2015-04": {
            "month": "2015-04",
            "price": "23.07",
            "revenue": 177358
        },
        "2015-05": {
            "month": "2015-05",
            "price": "20.30",
            "revenue": 169789
        },
        "2015-06": {
            "month": "2015-06",
            "price": "18.90",
            "revenue": 147349
        },
        "2015-07": {
            "month": "2015-07",
            "price": "15.79",
            "revenue": 124804
        },
        "2015-08": {
            "month": "2015-08",
            "price": "11.38",
            "revenue": 116543
        },
        "2015-09": {
            "month": "2015-09",
            "price": "13.52",
            "revenue": 142650
        },
        "2015-10": {
            "month": "2015-10",
            "price": "13.77",
            "revenue": 150759
        },
        "2015-11": {
            "month": "2015-11",
            "price": "13.31",
            "revenue": 122429
        },
        "2015-12": {
            "month": "2015-12",
            "price": "12.67",
            "revenue": 154010
        },
        "2016-01": {
            "month": "2016-01",
            "price": "11.24",
            "revenue": 136287
        },
        "2016-02": {
            "month": "2016-02",
            "price": "12.38",
            "revenue": 121616
        },
        "2016-03": {
            "month": "2016-03",
            "price": "13.84",
            "revenue": 162010
        },
        "2016-04": {
            "month": "2016-04",
            "price": "13.01",
            "revenue": 167925
        },
        "2016-05": {
            "month": "2016-05",
            "price": "11.80",
            "revenue": 188912
        },
        "2016-06": {
            "month": "2016-06",
            "price": "13.83",
            "revenue": 132619
        },
        "2016-07": {
            "month": "2016-07",
            "price": "15.04",
            "revenue": 98967
        },
        "2016-08": {
            "month": "2016-08",
            "price": "14.48",
            "revenue": 96847
        },
        "2016-09": {
            "month": "2016-09",
            "price": "14.46",
            "revenue": 93408
        },
        "2016-10": {
            "month": "2016-10",
            "price": "12.64",
            "revenue": 120614
        },
        "2016-11": {
            "month": "2016-11",
            "price": "11.89",
            "revenue": 146793
        },
        "2016-12": {
            "month": "2016-12",
            "price": "12.55",
            "revenue": 132108
        },
        "2017-01": {
            "month": "2017-01",
            "price": "12.35",
            "revenue": 109818
        },
        "2017-02": {
            "month": "2017-02",
            "price": "12.74",
            "revenue": 100455
        },
        "2017-03": {
            "month": "2017-03",
            "price": "13.11",
            "revenue": 152041
        },
        "2017-04": {
            "month": "2017-04",
            "price": "12.62",
            "revenue": 139304
        },
        "2017-05": {
            "month": "2017-05",
            "price": "13.80",
            "revenue": 181351
        },
        "2017-06": {
            "month": "2017-06",
            "price": "14.05",
            "revenue": 198876
        },
        "2017-07": {
            "month": "2017-07",
            "price": "13.93",
            "revenue": 147456
        },
        "2017-08": {
            "month": "2017-08",
            "price": "17.73",
            "revenue": 147246
        },
        "2017-09": {
            "month": "2017-09",
            "price": "19.09",
            "revenue": 124715
        },
        "2017-10": {
            "month": "2017-10",
            "price": "19.30",
            "revenue": 106925
        },
        "2017-11": {
            "month": "2017-11",
            "price": "19.94",
            "revenue": 95502
        },
        "2017-12": {
            "month": "2017-12",
            "price": "19.01",
            "revenue": 112316
        },
        "2018-01": {
            "month": "2018-01",
            "price": "23.67",
            "revenue": 126630
        },
        "2018-02": {
            "month": "2018-02",
            "price": "26.97",
            "revenue": 81913
        },
        "2018-03": {
            "month": "2018-03",
            "price": "25.24",
            "revenue": 137166
        },
        "2018-04": {
            "month": "2018-04",
            "price": "20.56",
            "revenue": 134070
        },
        "2018-05": {
            "month": "2018-05",
            "price": "20.22",
            "revenue": 141814
        },
        "2018-06": {
            "month": "2018-06",
            "price": "21.77",
            "revenue": 127490
        },
        "2018-07": {
            "month": "2018-07",
            "price": "19.40",
            "revenue": 141681
        },
        "2018-08": {
            "month": "2018-08",
            "price": "18.62",
            "revenue": 128272
        },
        "2018-09": {
            "month": "2018-09",
            "price": "17.70",
            "revenue": 104669
        },
        "2018-10": {
            "month": "2018-10",
            "price": "13.88",
            "revenue": 128174
        },
        "2018-11": {
            "month": "2018-11",
            "price": "13.07",
            "revenue": 106904
        },
        "2018-12": {
            "month": "2018-12",
            "price": "14.51",
            "revenue": 128123
        },
        "2019-01": {
            "month": "2019-01",
            "price": "14.51",
            "revenue": 112897
        },
        "2019-02": {
            "month": "2019-02",
            "price": "16.30",
            "revenue": 92169
        },
        "2019-03": {
            "month": "2019-03",
            "price": "19.20",
            "revenue": 111550
        },
        "2019-04": {
            "month": "2019-04",
            "price": "19.16",
            "revenue": 129177
        },
        "2019-05": {
            "month": "2019-05",
            "price": "16.57",
            "revenue": 158758
        },
        "2019-06": {
            "month": "2019-06",
            "price": "16.52",
            "revenue": 115917
        },
        "2019-07": {
            "month": "2019-07",
            "price": "16.29",
            "revenue": 148980
        },
        "2019-08": {
            "month": "2019-08",
            "price": "15.31",
            "revenue": 121681
        },
        "2019-09": {
            "month": "2019-09",
            "price": "15.74",
            "revenue": 144234
        },
        "2019-10": {
            "month": "2019-10",
            "price": "15.55",
            "revenue": 132058
        },
        "2019-11": {
            "month": "2019-11",
            "price": "14.96",
            "revenue": 139784
        },
        "2019-12": {
            "month": "2019-12",
            "price": "15.48",
            "revenue": 135055
        },
        "2020-01": {
            "month": "2020-01",
            "price": "15.40",
            "revenue": 83532
        },
        "2020-02": {
            "month": "2020-02",
            "price": "13.96",
            "revenue": 98703
        },
        "2020-03": {
            "month": "2020-03",
            "price": "11.96",
            "revenue": 160450
        },
        "2020-04": {
            "month": "2020-04",
            "price": "12.87",
            "revenue": 185825
        },
        "2020-05": {
            "month": "2020-05",
            "price": "14.98",
            "revenue": 132338
        },
        "2020-06": {
            "month": "2020-06",
            "price": "15.14",
            "revenue": 154855
        },
        "2020-07": {
            "month": "2020-07",
            "price": "15.14",
            "revenue": 129422
        },
        "2020-08": {
            "month": "2020-08",
            "price": "15.51",
            "revenue": 122949
        },
        "2020-09": {
            "month": "2020-09",
            "price": "16.57",
            "revenue": 107368
        },
        "2020-10": {
            "month": "2020-10",
            "price": "15.53",
            "revenue": 121226
        },
        "2020-11": {
            "month": "2020-11",
            "price": "15.65",
            "revenue": 141401
        },
        "2020-12": {
            "month": "2020-12",
            "price": "16.28",
            "revenue": 165029
        },
        "2021-01": {
            "month": "2021-01",
            "price": "17.45",
            "revenue": 151902
        },
        "2021-02": {
            "month": "2021-02",
            "price": "19.01",
            "revenue": 104503
        },
        "2021-03": {
            "month": "2021-03",
            "price": "23.33",
            "revenue": 167755
        },
        "2021-04": {
            "month": "2021-04",
            "price": "23.76",
            "revenue": 165552
        },
        "2021-05": {
            "month": "2021-05",
            "price": "21.83",
            "revenue": 166012
        },
        "2021-06": {
            "month": "2021-06",
            "price": "23.44",
            "revenue": 226217
        },
        "2021-07": {
            "month": "2021-07",
            "price": "32.29",
            "revenue": 188470
        },
        "2021-08": {
            "month": "2021-08",
            "price": "32.18",
            "revenue": 173261
        },
        "2021-09": {
            "month": "2021-09",
            "price": "29.09",
            "revenue": 170067
        },
        "2021-10": {
            "month": "2021-10",
            "price": "26.81",
            "revenue": 165816
        },
        "2021-11": {
            "month": "2021-11",
            "price": "30.06",
            "revenue": 142128
        },
        "2021-12": {
            "month": "2021-12",
            "price": "30.26",
            "revenue": 140836
        },
        "2022-01": {
            "month": "2022-01",
            "price": "27.35",
            "revenue": 169327
        },
        "2022-02": {
            "month": "2022-02",
            "price": "27.03",
            "revenue": 159372
        },
        "2022-03": {
            "month": "2022-03",
            "price": "26.59",
            "revenue": 177805
        },
        "2022-04": {
            "month": "2022-04",
            "price": "25.45",
            "revenue": 143761
        },
        "2022-05": {
            "month": "2022-05",
            "price": "23.68",
            "revenue": 189337
        },
        "2022-06": {
            "month": "2022-06",
            "price": "24.73",
            "revenue": 188665
        },
        "2022-07": {
            "month": "2022-07",
            "price": "21.89",
            "revenue": 175854
        },
        "2022-08": {
            "month": "2022-08",
            "price": "23.71",
            "revenue": 134379
        },
        "2022-09": {
            "month": "2022-09",
            "price": "22.01",
            "revenue": 153886
        },
        "2022-10": {
            "month": "2022-10",
            "price": "19.73",
            "revenue": 116325
        },
        "2022-11": {
            "month": "2022-11",
            "price": "20.62",
            "revenue": 101546
        },
        "2022-12": {
            "month": "2022-12",
            "price": "20.53",
            "revenue": 90649
        },
        "2023-01": {
            "month": "2023-01",
            "price": "22.95",
            "revenue": 68791
        },
        "2023-02": {
            "month": "2023-02",
            "price": "25.89",
            "revenue": 94895
        },
        "2023-03": {
            "month": "2023-03",
            "price": "26.84",
            "revenue": 100364
        },
        "2023-04": {
            "month": "2023-04",
            "price": "28.38",
            "revenue": 83633
        }
    }
}
