{
    "summary": {
        "stock_name": "居易",
        "stock_id": "6216",
        "category": "通信網路",
        "main_business": "製造及銷售有線無線通信機械器材、電信器材及資訊軟體服務",
        "website_url": "http://www.draytek.com",
        "ceo": "馬鴻方",
        "pe_ratio": 20,
        "report_year_from": 2002,
        "report_year_to": 2023,
        "age": 21,
        "eps_negative_percentage": 4,
        "eps_growth_avg": {
            "last_all": 2.3,
            "last_2y": 7.68,
            "last_4y": -0.6,
            "last_8y": 2.39,
            "last_12y": 3.79,
            "last_16y": 4.22,
            "last_20y": null,
            "at_2006_last_3y": -9.34,
            "at_2007_last_3y": -9.55,
            "at_2008_last_3y": -11.77,
            "at_2009_last_3y": 5.64,
            "at_2010_last_3y": 2.58,
            "at_2011_last_3y": -10.02,
            "at_2012_last_3y": -1.9,
            "at_2013_last_3y": 6.94,
            "at_2014_last_3y": 18.09,
            "at_2015_last_3y": 15.78,
            "at_2016_last_3y": 19.8,
            "at_2017_last_3y": 6.13,
            "at_2018_last_3y": -0.34,
            "at_2019_last_3y": -11.06,
            "at_2020_last_3y": -19.27,
            "at_2021_last_3y": -2.65,
            "at_2022_last_3y": 0.5,
            "at_2023_last_3y": 0.5,
            "at_2006_last_all": -9.34,
            "at_2007_last_all": 8.82,
            "at_2008_last_all": -0.18,
            "at_2009_last_all": -0.48,
            "at_2010_last_all": -3.38,
            "at_2011_last_all": 0.44,
            "at_2012_last_all": -0.87,
            "at_2013_last_all": 2.22,
            "at_2014_last_all": 3.77,
            "at_2015_last_all": 5.16,
            "at_2016_last_all": 5.03,
            "at_2017_last_all": 3.26,
            "at_2018_last_all": 2.74,
            "at_2019_last_all": 1.34,
            "at_2020_last_all": -0.37,
            "at_2021_last_all": 2.02,
            "at_2022_last_all": 2.3,
            "at_2023_last_all": 2.3
        },
        "latest_eps": 1.36,
        "latest_price": 26.6,
        "latest_roe": 7.42,
        "latest_gross_margin": 47.21,
        "latest_equity": 1693689,
        "latest_revenue": 145378,
        "latest_gross_profit": 68640,
        "latest_net_income": 7840,
        "latest_debt_ratio": 9.84,
        "latest_current_ratio": 962.97,
        "latest_account_receivable_turnover_ratio": 1.49,
        "latest_inventory_turnover_ratio": 0.29,
        "latest_reinvestment_rate": -4.03,
        "latest_research_to_sale_ratio": 29.47
    },
    "eps_dividends": {
        "2001": {
            "cash": 0,
            "stock": 3,
            "eps": 0
        },
        "2002": {
            "cash": 0,
            "stock": 5,
            "eps": 6.16
        },
        "2003": {
            "cash": 6,
            "stock": 12,
            "eps": 11.23
        },
        "2004": {
            "cash": 0,
            "stock": 0,
            "eps": 7.15
        },
        "2005": {
            "cash": 3,
            "stock": 2,
            "eps": 2.01
        },
        "2006": {
            "cash": 1,
            "stock": 0,
            "eps": 1.78
        },
        "2007": {
            "cash": 1,
            "stock": 0,
            "eps": 3.23
        },
        "2008": {
            "cash": 3,
            "stock": 0,
            "eps": 1.77
        },
        "2009": {
            "cash": 2,
            "stock": 0,
            "eps": 1.73
        },
        "2010": {
            "cash": 2,
            "stock": 0,
            "eps": 1.32
        },
        "2011": {
            "cash": 3,
            "stock": 0,
            "eps": 1.73
        },
        "2012": {
            "cash": 0,
            "stock": 0,
            "eps": 1.51
        },
        "2013": {
            "cash": 1,
            "stock": 0,
            "eps": 2.01
        },
        "2014": {
            "cash": 2,
            "stock": 0,
            "eps": 2.43
        },
        "2015": {
            "cash": 2,
            "stock": 0,
            "eps": 2.96
        },
        "2016": {
            "cash": 3,
            "stock": 0,
            "eps": 3.06
        },
        "2017": {
            "cash": 3,
            "stock": 0,
            "eps": 2.4
        },
        "2018": {
            "cash": 2,
            "stock": 0,
            "eps": 2.28
        },
        "2019": {
            "cash": 2,
            "stock": 0,
            "eps": 1.8
        },
        "2020": {
            "cash": 2,
            "stock": 0,
            "eps": 1.27
        },
        "2021": {
            "cash": 1,
            "stock": 0,
            "eps": 1.84
        },
        "2022": {
            "cash": 2,
            "stock": 0,
            "eps": 1.98
        },
        "2023": {
            "cash": 2,
            "stock": 0,
            "eps": 0.09
        }
    },
    "dividends": {
        "2001-04-11": {
            "cash": 0,
            "stock": 2.5
        },
        "2002-04-23": {
            "cash": 0,
            "stock": 4.98
        },
        "2003-03-28": {
            "cash": 1.5,
            "stock": 3.5
        },
        "2003-03-31": {
            "cash": 4,
            "stock": 7.5
        },
        "2005-03-28": {
            "cash": 2.5,
            "stock": 2
        },
        "2006-06-23": {
            "cash": 1.1,
            "stock": 0.47
        },
        "2007-03-30": {
            "cash": 0.99,
            "stock": 0.49
        },
        "2008-03-28": {
            "cash": 3.35,
            "stock": 0
        },
        "2009-03-27": {
            "cash": 1.6,
            "stock": 0
        },
        "2010-04-23": {
            "cash": 1.55,
            "stock": 0
        },
        "2011-01-01": {
            "cash": 2.25,
            "stock": 0
        },
        "2011-04-22": {
            "cash": 1.18,
            "stock": 0
        },
        "2013-03-26": {
            "cash": 1.36,
            "stock": 0
        },
        "2014-09-23": {
            "cash": 1.65,
            "stock": 0
        },
        "2015-10-01": {
            "cash": 2.15,
            "stock": 0
        },
        "2016-09-01": {
            "cash": 2.62,
            "stock": 0
        },
        "2017-09-22": {
            "cash": 2.69,
            "stock": 0
        },
        "2018-10-05": {
            "cash": 2.09,
            "stock": 0
        },
        "2019-10-04": {
            "cash": 1.98,
            "stock": 0
        },
        "2020-10-06": {
            "cash": 1.87,
            "stock": 0
        },
        "2021-09-24": {
            "cash": 1.49,
            "stock": 0
        },
        "2022-10-12": {
            "cash": 1.67,
            "stock": 0
        },
        "2023-03-29": {
            "cash": 1.69,
            "stock": 0
        }
    },
    "prices": {
        "200101": "無",
        "200102": "無",
        "200103": "無",
        "200104": "無",
        "200105": "無",
        "200106": "無",
        "200107": "無",
        "200108": "無",
        "200109": "無",
        "200110": "無",
        "200111": "無",
        "200112": "無",
        "200201": "無",
        "200202": "無",
        "200203": "無",
        "200204": "無",
        "200205": "無",
        "200206": "無",
        "200207": "無",
        "200208": "無",
        "200209": "無",
        "200210": "無",
        "200211": "無",
        "200212": "無",
        "200301": "75.93",
        "200302": "73.31",
        "200303": "65.52",
        "200304": "66.91",
        "200305": "72.98",
        "200306": "84.62",
        "200307": "121.43",
        "200308": "118.45",
        "200309": "129.07",
        "200310": "118.64",
        "200311": "117.15",
        "200312": "117.15",
        "200401": "136.83",
        "200402": "160.60",
        "200403": "151.50",
        "200404": "143.48",
        "200405": "105.52",
        "200406": "83.93",
        "200407": "73.32",
        "200408": "77.30",
        "200409": "63.33",
        "200410": "62.42",
        "200411": "52.58",
        "200412": "56.74",
        "200501": "54.07",
        "200502": "59.92",
        "200503": "62.64",
        "200504": "56.08",
        "200505": "50.82",
        "200506": "53.70",
        "200507": "51.45",
        "200508": "41.09",
        "200509": "34.07",
        "200510": "26.06",
        "200511": "26.68",
        "200512": "30.37",
        "200601": "28.79",
        "200602": "25.87",
        "200603": "25.41",
        "200604": "28.38",
        "200605": "26.27",
        "200606": "21.78",
        "200607": "21.54",
        "200608": "21.08",
        "200609": "17.75",
        "200610": "18.12",
        "200611": "22.83",
        "200612": "26.31",
        "200701": "26.45",
        "200702": "25.32",
        "200703": "31.93",
        "200704": "38.99",
        "200705": "40.67",
        "200706": "41.88",
        "200707": "44.02",
        "200708": "40.66",
        "200709": "37.74",
        "200710": "35.98",
        "200711": "28.84",
        "200712": "25.96",
        "200801": "23.20",
        "200802": "22.71",
        "200803": "23.37",
        "200804": "30.80",
        "200805": "31.02",
        "200806": "28.38",
        "200807": "22.45",
        "200808": "20.15",
        "200809": "17.30",
        "200810": "14.98",
        "200811": "12.56",
        "200812": "12.34",
        "200901": "12.57",
        "200902": "13.03",
        "200903": "14.69",
        "200904": "17.19",
        "200905": "18.18",
        "200906": "17.48",
        "200907": "18.36",
        "200908": "19.42",
        "200909": "21.68",
        "200910": "24.96",
        "200911": "23.88",
        "200912": "25.39",
        "201001": "26.90",
        "201002": "23.64",
        "201003": "25.89",
        "201004": "25.36",
        "201005": "23.41",
        "201006": "23.02",
        "201007": "23.49",
        "201008": "24.43",
        "201009": "22.91",
        "201010": "21.90",
        "201011": "21.54",
        "201012": "22.42",
        "201101": "21.90",
        "201102": "21.05",
        "201103": "19.76",
        "201104": "20.05",
        "201105": "19.90",
        "201106": "19.30",
        "201107": "18.61",
        "201108": "15.94",
        "201109": "16.25",
        "201110": "16.39",
        "201111": "16.46",
        "201112": "15.54",
        "201201": "15.56",
        "201202": "17.48",
        "201203": "19.63",
        "201204": "23.01",
        "201205": "21.80",
        "201206": "21.31",
        "201207": "21.89",
        "201208": "20.73",
        "201209": "19.33",
        "201210": "17.38",
        "201211": "16.67",
        "201212": "17.25",
        "201301": "17.54",
        "201302": "18.39",
        "201303": "18.77",
        "201304": "18.57",
        "201305": "21.20",
        "201306": "20.83",
        "201307": "20.27",
        "201308": "19.62",
        "201309": "18.90",
        "201310": "20.00",
        "201311": "20.25",
        "201312": "22.20",
        "201401": "25.16",
        "201402": "26.12",
        "201403": "27.69",
        "201404": "31.41",
        "201405": "29.12",
        "201406": "30.52",
        "201407": "30.80",
        "201408": "30.42",
        "201409": "28.97",
        "201410": "26.52",
        "201411": "25.40",
        "201412": "25.40",
        "201501": "26.24",
        "201502": "25.93",
        "201503": "26.40",
        "201504": "29.70",
        "201505": "30.10",
        "201506": "28.53",
        "201507": "28.38",
        "201508": "25.26",
        "201509": "25.23",
        "201510": "26.79",
        "201511": "28.18",
        "201512": "27.08",
        "201601": "25.75",
        "201602": "27.49",
        "201603": "29.34",
        "201604": "30.91",
        "201605": "29.78",
        "201606": "29.63",
        "201607": "29.79",
        "201608": "28.88",
        "201609": "28.64",
        "201610": "28.75",
        "201611": "29.23",
        "201612": "29.71",
        "201701": "31.19",
        "201702": "33.10",
        "201703": "33.55",
        "201704": "32.74",
        "201705": "31.96",
        "201706": "31.77",
        "201707": "32.46",
        "201708": "31.39",
        "201709": "29.01",
        "201710": "28.94",
        "201711": "28.74",
        "201712": "28.46",
        "201801": "28.99",
        "201802": "28.41",
        "201803": "28.52",
        "201804": "28.76",
        "201805": "29.12",
        "201806": "29.54",
        "201807": "29.68",
        "201808": "29.52",
        "201809": "28.12",
        "201810": "27.00",
        "201811": "26.96",
        "201812": "27.70",
        "201901": "27.73",
        "201902": "28.26",
        "201903": "28.85",
        "201904": "28.98",
        "201905": "28.31",
        "201906": "28.33",
        "201907": "28.87",
        "201908": "28.79",
        "201909": "27.90",
        "201910": "27.85",
        "201911": "27.88",
        "201912": "27.94",
        "202001": "27.88",
        "202002": "27.56",
        "202003": "24.87",
        "202004": "26.53",
        "202005": "27.42",
        "202006": "27.69",
        "202007": "27.78",
        "202008": "27.05",
        "202009": "25.59",
        "202010": "25.40",
        "202011": "25.28",
        "202012": "25.89",
        "202101": "25.33",
        "202102": "25.15",
        "202103": "25.68",
        "202104": "26.12",
        "202105": "25.27",
        "202106": "25.36",
        "202107": "25.85",
        "202108": "25.74",
        "202109": "24.81",
        "202110": "25.55",
        "202111": "27.62",
        "202112": "27.15",
        "202201": "27.13",
        "202202": "26.82",
        "202203": "26.88",
        "202204": "29.98",
        "202205": "29.01",
        "202206": "30.76",
        "202207": "29.50",
        "202208": "31.65",
        "202209": "28.04",
        "202210": "25.10",
        "202211": "25.62",
        "202212": "25.68",
        "202301": "25.54",
        "202302": "26.21",
        "202303": "27.20",
        "202304": "26.71",
        "202305": "26.41"
    },
    "quarters": {
        "20011": {
            "year_quarter": 20011,
            "year": 2001,
            "quarter": 1,
            "eps": null,
            "eps_growth_year": null,
            "eps_4q": null,
            "eps_4q_growth_year": null,
            "roe": null,
            "gross_profit": null,
            "gross_margin": null,
            "net_income": null,
            "revenue": null,
            "common_shares": null,
            "equity": null,
            "current_ratio": null,
            "debt_ratio": null,
            "inventory_turnover_ratio": null,
            "account_receivable_turnover_ratio": null,
            "reinvestment_rate": null,
            "research_to_sale_ratio": null,
            "price_fair": 0,
            "eps_avg_yearly": 0,
            "eps_latest_yearly": 0,
            "eps_growth_yearly": 0
        },
        "20012": {
            "year_quarter": 20012,
            "year": 2001,
            "quarter": 2,
            "eps": null,
            "eps_growth_year": null,
            "eps_4q": null,
            "eps_4q_growth_year": null,
            "roe": null,
            "gross_profit": null,
            "gross_margin": null,
            "net_income": null,
            "revenue": null,
            "common_shares": null,
            "equity": null,
            "current_ratio": null,
            "debt_ratio": null,
            "inventory_turnover_ratio": null,
            "account_receivable_turnover_ratio": null,
            "reinvestment_rate": null,
            "research_to_sale_ratio": null,
            "price_fair": 0,
            "eps_avg_yearly": 0,
            "eps_latest_yearly": 0,
            "eps_growth_yearly": 0
        },
        "20013": {
            "year_quarter": 20013,
            "year": 2001,
            "quarter": 3,
            "eps": null,
            "eps_growth_year": null,
            "eps_4q": null,
            "eps_4q_growth_year": null,
            "roe": null,
            "gross_profit": null,
            "gross_margin": null,
            "net_income": null,
            "revenue": null,
            "common_shares": null,
            "equity": null,
            "current_ratio": null,
            "debt_ratio": null,
            "inventory_turnover_ratio": null,
            "account_receivable_turnover_ratio": null,
            "reinvestment_rate": null,
            "research_to_sale_ratio": null,
            "price_fair": 0,
            "eps_avg_yearly": 0,
            "eps_latest_yearly": 0,
            "eps_growth_yearly": 0
        },
        "20014": {
            "year_quarter": 20014,
            "year": 2001,
            "quarter": 4,
            "eps": null,
            "eps_growth_year": null,
            "eps_4q": null,
            "eps_4q_growth_year": null,
            "roe": null,
            "gross_profit": null,
            "gross_margin": null,
            "net_income": null,
            "revenue": null,
            "common_shares": 162803,
            "equity": 305748,
            "current_ratio": 349.89,
            "debt_ratio": 19.78,
            "inventory_turnover_ratio": null,
            "account_receivable_turnover_ratio": null,
            "reinvestment_rate": null,
            "research_to_sale_ratio": null,
            "price_fair": 0,
            "eps_avg_yearly": 0,
            "eps_latest_yearly": 0,
            "eps_growth_yearly": 0
        },
        "20021": {
            "year_quarter": 20021,
            "year": 2002,
            "quarter": 1,
            "eps": 1.9,
            "eps_growth_year": null,
            "eps_4q": null,
            "eps_4q_growth_year": null,
            "roe": 14.48,
            "gross_profit": 78598,
            "gross_margin": 46.68,
            "net_income": 47720,
            "revenue": 168384,
            "common_shares": 162803,
            "equity": 353468,
            "current_ratio": 319.25,
            "debt_ratio": 23.38,
            "inventory_turnover_ratio": 1.38,
            "account_receivable_turnover_ratio": null,
            "reinvestment_rate": null,
            "research_to_sale_ratio": null,
            "price_fair": 0,
            "eps_avg_yearly": 0,
            "eps_latest_yearly": 0,
            "eps_growth_yearly": 0
        },
        "20022": {
            "year_quarter": 20022,
            "year": 2002,
            "quarter": 2,
            "eps": 0.96,
            "eps_growth_year": null,
            "eps_4q": null,
            "eps_4q_growth_year": null,
            "roe": 6.58,
            "gross_profit": 48476,
            "gross_margin": 40.51,
            "net_income": 24034,
            "revenue": 119663,
            "common_shares": 251023,
            "equity": 377502,
            "current_ratio": 487.85,
            "debt_ratio": 15.3,
            "inventory_turnover_ratio": 0.9,
            "account_receivable_turnover_ratio": null,
            "reinvestment_rate": null,
            "research_to_sale_ratio": null,
            "price_fair": 11.52,
            "eps_avg_yearly": 3.84,
            "eps_latest_yearly": 3.84,
            "eps_growth_yearly": -197.89
        },
        "20023": {
            "year_quarter": 20023,
            "year": 2002,
            "quarter": 3,
            "eps": 1.37,
            "eps_growth_year": null,
            "eps_4q": null,
            "eps_4q_growth_year": null,
            "roe": 8.74,
            "gross_profit": 54057,
            "gross_margin": 41.97,
            "net_income": 34519,
            "revenue": 128789,
            "common_shares": 251023,
            "equity": 412021,
            "current_ratio": 744.64,
            "debt_ratio": 10.35,
            "inventory_turnover_ratio": 1,
            "account_receivable_turnover_ratio": null,
            "reinvestment_rate": null,
            "research_to_sale_ratio": null,
            "price_fair": 13.98,
            "eps_avg_yearly": 4.66,
            "eps_latest_yearly": 5.48,
            "eps_growth_yearly": -13.53
        },
        "20024": {
            "year_quarter": 20024,
            "year": 2002,
            "quarter": 4,
            "eps": 1.93,
            "eps_growth_year": null,
            "eps_4q": 6.17,
            "eps_4q_growth_year": null,
            "roe": 11.1,
            "gross_profit": 76556,
            "gross_margin": 41.57,
            "net_income": 48412,
            "revenue": 184183,
            "common_shares": 251023,
            "equity": 460433,
            "current_ratio": 373.79,
            "debt_ratio": 21.5,
            "inventory_turnover_ratio": 1.55,
            "account_receivable_turnover_ratio": null,
            "reinvestment_rate": null,
            "research_to_sale_ratio": null,
            "price_fair": 198.8,
            "eps_avg_yearly": 5.68,
            "eps_latest_yearly": 7.72,
            "eps_growth_yearly": 45.48
        },
        "20031": {
            "year_quarter": 20031,
            "year": 2003,
            "quarter": 1,
            "eps": 1.96,
            "eps_growth_year": 3.16,
            "eps_4q": 6.22,
            "eps_4q_growth_year": null,
            "roe": 10.15,
            "gross_profit": 71357,
            "gross_margin": 43.96,
            "net_income": 49241,
            "revenue": 162330,
            "common_shares": 251023,
            "equity": 509674,
            "current_ratio": 590.65,
            "debt_ratio": 13.8,
            "inventory_turnover_ratio": 1.09,
            "account_receivable_turnover_ratio": null,
            "reinvestment_rate": null,
            "research_to_sale_ratio": null,
            "price_fair": 217.7,
            "eps_avg_yearly": 6.22,
            "eps_latest_yearly": 7.84,
            "eps_growth_yearly": 35.66
        },
        "20032": {
            "year_quarter": 20032,
            "year": 2003,
            "quarter": 2,
            "eps": 3.08,
            "eps_growth_year": 220.83,
            "eps_4q": 8.35,
            "eps_4q_growth_year": null,
            "roe": 14.68,
            "gross_profit": 101709,
            "gross_margin": 45.81,
            "net_income": 77296,
            "revenue": 222012,
            "common_shares": 251023,
            "equity": 543748,
            "current_ratio": 480.97,
            "debt_ratio": 36.6,
            "inventory_turnover_ratio": 1.3,
            "account_receivable_turnover_ratio": null,
            "reinvestment_rate": null,
            "research_to_sale_ratio": null,
            "price_fair": 260.4,
            "eps_avg_yearly": 7.44,
            "eps_latest_yearly": 12.32,
            "eps_growth_yearly": 74.25
        },
        "20033": {
            "year_quarter": 20033,
            "year": 2003,
            "quarter": 3,
            "eps": 2.22,
            "eps_growth_year": 62.04,
            "eps_4q": 7.22,
            "eps_4q_growth_year": null,
            "roe": 12.9,
            "gross_profit": 120645,
            "gross_margin": 36.23,
            "net_income": 77717,
            "revenue": 332995,
            "common_shares": 357688,
            "equity": 661356,
            "current_ratio": 488.03,
            "debt_ratio": 30.08,
            "inventory_turnover_ratio": 2.01,
            "account_receivable_turnover_ratio": null,
            "reinvestment_rate": null,
            "research_to_sale_ratio": null,
            "price_fair": 268.8,
            "eps_avg_yearly": 7.68,
            "eps_latest_yearly": 8.88,
            "eps_growth_yearly": 43.26
        },
        "20034": {
            "year_quarter": 20034,
            "year": 2003,
            "quarter": 4,
            "eps": 3.97,
            "eps_growth_year": 105.7,
            "eps_4q": 9.78,
            "eps_4q_growth_year": 58.65,
            "roe": 19.03,
            "gross_profit": 160499,
            "gross_margin": 42.04,
            "net_income": 139481,
            "revenue": 381801,
            "common_shares": 358511,
            "equity": 804439,
            "current_ratio": 548.67,
            "debt_ratio": 25.98,
            "inventory_turnover_ratio": 1.58,
            "account_receivable_turnover_ratio": null,
            "reinvestment_rate": null,
            "research_to_sale_ratio": null,
            "price_fair": 309.8,
            "eps_avg_yearly": 8.85,
            "eps_latest_yearly": 15.88,
            "eps_growth_yearly": 82.12
        },
        "20041": {
            "year_quarter": 20041,
            "year": 2004,
            "quarter": 1,
            "eps": 3.4,
            "eps_growth_year": 73.47,
            "eps_4q": 11.56,
            "eps_4q_growth_year": 85.88,
            "roe": 13.99,
            "gross_profit": 157765,
            "gross_margin": 43.84,
            "net_income": 122746,
            "revenue": 359885,
            "common_shares": 363683,
            "equity": 950188,
            "current_ratio": 603.35,
            "debt_ratio": 21.86,
            "inventory_turnover_ratio": 1.05,
            "account_receivable_turnover_ratio": null,
            "reinvestment_rate": null,
            "research_to_sale_ratio": null,
            "price_fair": 330.58,
            "eps_avg_yearly": 9.45,
            "eps_latest_yearly": 13.6,
            "eps_growth_yearly": 64.68
        },
        "20042": {
            "year_quarter": 20042,
            "year": 2004,
            "quarter": 2,
            "eps": 1.52,
            "eps_growth_year": -50.65,
            "eps_4q": 10.9,
            "eps_4q_growth_year": 30.55,
            "roe": 6.17,
            "gross_profit": 97411,
            "gross_margin": 44.87,
            "net_income": 55108,
            "revenue": 217101,
            "common_shares": 363729,
            "equity": 837445,
            "current_ratio": 296.27,
            "debt_ratio": 27.9,
            "inventory_turnover_ratio": 0.54,
            "account_receivable_turnover_ratio": null,
            "reinvestment_rate": null,
            "research_to_sale_ratio": null,
            "price_fair": 317.49,
            "eps_avg_yearly": 9.07,
            "eps_latest_yearly": 6.08,
            "eps_growth_yearly": 32.92
        },
        "20043": {
            "year_quarter": 20043,
            "year": 2004,
            "quarter": 3,
            "eps": 1.05,
            "eps_growth_year": -52.7,
            "eps_4q": 7.37,
            "eps_4q_growth_year": 2.07,
            "roe": 6.11,
            "gross_profit": 84315,
            "gross_margin": 44.45,
            "net_income": 52746,
            "revenue": 189698,
            "common_shares": 505592,
            "equity": 890293,
            "current_ratio": 327.41,
            "debt_ratio": 25.42,
            "inventory_turnover_ratio": 0.53,
            "account_receivable_turnover_ratio": null,
            "reinvestment_rate": null,
            "research_to_sale_ratio": null,
            "price_fair": 233.97,
            "eps_avg_yearly": 8.58,
            "eps_latest_yearly": 4.2,
            "eps_growth_yearly": 17.26
        },
        "20044": {
            "year_quarter": 20044,
            "year": 2004,
            "quarter": 4,
            "eps": 1.18,
            "eps_growth_year": -70.28,
            "eps_4q": 5.76,
            "eps_4q_growth_year": -41.11,
            "roe": 6.42,
            "gross_profit": 85081,
            "gross_margin": 42.69,
            "net_income": 59391,
            "revenue": 199301,
            "common_shares": 510430,
            "equity": 959092,
            "current_ratio": 529.71,
            "debt_ratio": 15.72,
            "inventory_turnover_ratio": 0.66,
            "account_receivable_turnover_ratio": null,
            "reinvestment_rate": null,
            "research_to_sale_ratio": null,
            "price_fair": 248.55,
            "eps_avg_yearly": 8.23,
            "eps_latest_yearly": 4.72,
            "eps_growth_yearly": 20.19
        },
        "20051": {
            "year_quarter": 20051,
            "year": 2005,
            "quarter": 1,
            "eps": 0.88,
            "eps_growth_year": -74.12,
            "eps_4q": 4.17,
            "eps_4q_growth_year": -63.93,
            "roe": 4.56,
            "gross_profit": 91518,
            "gross_margin": 41.65,
            "net_income": 44749,
            "revenue": 219747,
            "common_shares": 511281,
            "equity": 1004980,
            "current_ratio": 520.17,
            "debt_ratio": 16.03,
            "inventory_turnover_ratio": 0.73,
            "account_receivable_turnover_ratio": null,
            "reinvestment_rate": null,
            "research_to_sale_ratio": null,
            "price_fair": 157.06,
            "eps_avg_yearly": 7.84,
            "eps_latest_yearly": 3.52,
            "eps_growth_yearly": 10.03
        },
        "20052": {
            "year_quarter": 20052,
            "year": 2005,
            "quarter": 2,
            "eps": 0.47,
            "eps_growth_year": -69.08,
            "eps_4q": 3.57,
            "eps_4q_growth_year": -67.28,
            "roe": 2.52,
            "gross_profit": 66835,
            "gross_margin": 40.22,
            "net_income": 23822,
            "revenue": 166191,
            "common_shares": 511280,
            "equity": 883896,
            "current_ratio": 318.04,
            "debt_ratio": 26.28,
            "inventory_turnover_ratio": 0.57,
            "account_receivable_turnover_ratio": null,
            "reinvestment_rate": null,
            "research_to_sale_ratio": null,
            "price_fair": 22.14,
            "eps_avg_yearly": 7.38,
            "eps_latest_yearly": 1.88,
            "eps_growth_yearly": -5.07
        },
        "20053": {
            "year_quarter": 20053,
            "year": 2005,
            "quarter": 3,
            "eps": 0.41,
            "eps_growth_year": -60.95,
            "eps_4q": 2.46,
            "eps_4q_growth_year": -66.64,
            "roe": 2.86,
            "gross_profit": 54290,
            "gross_margin": 39.09,
            "net_income": 25622,
            "revenue": 138900,
            "common_shares": 625223,
            "equity": 910512,
            "current_ratio": 347.5,
            "debt_ratio": 23.89,
            "inventory_turnover_ratio": 0.54,
            "account_receivable_turnover_ratio": null,
            "reinvestment_rate": null,
            "research_to_sale_ratio": null,
            "price_fair": 20.91,
            "eps_avg_yearly": 6.97,
            "eps_latest_yearly": 1.64,
            "eps_growth_yearly": -8.36
        },
        "20054": {
            "year_quarter": 20054,
            "year": 2005,
            "quarter": 4,
            "eps": 0.25,
            "eps_growth_year": -78.81,
            "eps_4q": 1.77,
            "eps_4q_growth_year": -69.24,
            "roe": 1.72,
            "gross_profit": 60102,
            "gross_margin": 36.11,
            "net_income": 15472,
            "revenue": 166426,
            "common_shares": 626869,
            "equity": 889022,
            "current_ratio": 469.44,
            "debt_ratio": 17.66,
            "inventory_turnover_ratio": 0.68,
            "account_receivable_turnover_ratio": null,
            "reinvestment_rate": 6.08,
            "research_to_sale_ratio": null,
            "price_fair": 19.72,
            "eps_avg_yearly": 6.57,
            "eps_latest_yearly": 1,
            "eps_growth_yearly": -18.21
        },
        "20061": {
            "year_quarter": 20061,
            "year": 2006,
            "quarter": 1,
            "eps": 0.69,
            "eps_growth_year": -21.59,
            "eps_4q": 1.74,
            "eps_4q_growth_year": -58.15,
            "roe": 4.64,
            "gross_profit": 84656,
            "gross_margin": 39.49,
            "net_income": 42467,
            "revenue": 214355,
            "common_shares": 627124,
            "equity": 940175,
            "current_ratio": 532.73,
            "debt_ratio": 16.13,
            "inventory_turnover_ratio": 0.78,
            "account_receivable_turnover_ratio": null,
            "reinvestment_rate": 8.6,
            "research_to_sale_ratio": null,
            "price_fair": 221.73,
            "eps_avg_yearly": 6.34,
            "eps_latest_yearly": 2.76,
            "eps_growth_yearly": 26.93
        },
        "20062": {
            "year_quarter": 20062,
            "year": 2006,
            "quarter": 2,
            "eps": 0.26,
            "eps_growth_year": -44.68,
            "eps_4q": 1.62,
            "eps_4q_growth_year": -54.68,
            "roe": 1.67,
            "gross_profit": 61495,
            "gross_margin": 33.56,
            "net_income": 16023,
            "revenue": 183247,
            "common_shares": 666517,
            "equity": 980092,
            "current_ratio": 662.52,
            "debt_ratio": 13.52,
            "inventory_turnover_ratio": 0.76,
            "account_receivable_turnover_ratio": null,
            "reinvestment_rate": 9.53,
            "research_to_sale_ratio": null,
            "price_fair": 207.7,
            "eps_avg_yearly": 6.16,
            "eps_latest_yearly": 1.04,
            "eps_growth_yearly": 23.72
        },
        "20063": {
            "year_quarter": 20063,
            "year": 2006,
            "quarter": 3,
            "eps": 0.35,
            "eps_growth_year": -14.63,
            "eps_4q": 1.47,
            "eps_4q_growth_year": -40.33,
            "roe": 2.33,
            "gross_profit": 56798,
            "gross_margin": 36.05,
            "net_income": 23187,
            "revenue": 157555,
            "common_shares": 700747,
            "equity": 1007785,
            "current_ratio": 904.63,
            "debt_ratio": 9.31,
            "inventory_turnover_ratio": 0.61,
            "account_receivable_turnover_ratio": null,
            "reinvestment_rate": 9.42,
            "research_to_sale_ratio": null,
            "price_fair": 187.16,
            "eps_avg_yearly": 5.91,
            "eps_latest_yearly": 1.4,
            "eps_growth_yearly": 21.69
        },
        "20064": {
            "year_quarter": 20064,
            "year": 2006,
            "quarter": 4,
            "eps": 0.48,
            "eps_growth_year": 92,
            "eps_4q": 1.69,
            "eps_4q_growth_year": -4.39,
            "roe": 3.15,
            "gross_profit": 79591,
            "gross_margin": 35.27,
            "net_income": 32291,
            "revenue": 225675,
            "common_shares": 702567,
            "equity": 1041372,
            "current_ratio": 879.3,
            "debt_ratio": 9.85,
            "inventory_turnover_ratio": 0.78,
            "account_receivable_turnover_ratio": null,
            "reinvestment_rate": 9.55,
            "research_to_sale_ratio": null,
            "price_fair": 170.5,
            "eps_avg_yearly": 5.54,
            "eps_latest_yearly": 1.92,
            "eps_growth_yearly": 20.76
        },
        "20071": {
            "year_quarter": 20071,
            "year": 2007,
            "quarter": 1,
            "eps": 0.85,
            "eps_growth_year": 23.19,
            "eps_4q": 1.89,
            "eps_4q_growth_year": 8.18,
            "roe": 5.46,
            "gross_profit": 94738,
            "gross_margin": 36.59,
            "net_income": 58582,
            "revenue": 258940,
            "common_shares": 702697,
            "equity": 1102706,
            "current_ratio": 807.33,
            "debt_ratio": 10.78,
            "inventory_turnover_ratio": 0.93,
            "account_receivable_turnover_ratio": null,
            "reinvestment_rate": 9.08,
            "research_to_sale_ratio": null,
            "price_fair": 184.28,
            "eps_avg_yearly": 5.27,
            "eps_latest_yearly": 3.4,
            "eps_growth_yearly": 39.64
        },
        "20072": {
            "year_quarter": 20072,
            "year": 2007,
            "quarter": 2,
            "eps": 0.79,
            "eps_growth_year": 203.85,
            "eps_4q": 2.44,
            "eps_4q_growth_year": 51.3,
            "roe": 4.97,
            "gross_profit": 94170,
            "gross_margin": 38.5,
            "net_income": 54447,
            "revenue": 244628,
            "common_shares": 702877,
            "equity": 1088775,
            "current_ratio": 597.61,
            "debt_ratio": 14.56,
            "inventory_turnover_ratio": 1.01,
            "account_receivable_turnover_ratio": null,
            "reinvestment_rate": 7.94,
            "research_to_sale_ratio": null,
            "price_fair": 157.64,
            "eps_avg_yearly": 4.69,
            "eps_latest_yearly": 3.16,
            "eps_growth_yearly": 23.59
        },
        "20073": {
            "year_quarter": 20073,
            "year": 2007,
            "quarter": 3,
            "eps": 0.69,
            "eps_growth_year": 97.14,
            "eps_4q": 2.69,
            "eps_4q_growth_year": 83.65,
            "roe": 4.45,
            "gross_profit": 89796,
            "gross_margin": 45.93,
            "net_income": 50059,
            "revenue": 195508,
            "common_shares": 741491,
            "equity": 1158614,
            "current_ratio": 939.44,
            "debt_ratio": 9.59,
            "inventory_turnover_ratio": 0.7,
            "account_receivable_turnover_ratio": null,
            "reinvestment_rate": 4,
            "research_to_sale_ratio": null,
            "price_fair": 150.85,
            "eps_avg_yearly": 4.31,
            "eps_latest_yearly": 2.76,
            "eps_growth_yearly": 27.41
        },
        "20074": {
            "year_quarter": 20074,
            "year": 2007,
            "quarter": 4,
            "eps": 0.9,
            "eps_growth_year": 87.5,
            "eps_4q": 3.12,
            "eps_4q_growth_year": 84.45,
            "roe": 5.51,
            "gross_profit": 108658,
            "gross_margin": 41.04,
            "net_income": 65974,
            "revenue": 264772,
            "common_shares": 741491,
            "equity": 1236986,
            "current_ratio": 1312.58,
            "debt_ratio": 7.2,
            "inventory_turnover_ratio": 1.13,
            "account_receivable_turnover_ratio": null,
            "reinvestment_rate": -0.24,
            "research_to_sale_ratio": null,
            "price_fair": 89.66,
            "eps_avg_yearly": 3.54,
            "eps_latest_yearly": 3.6,
            "eps_growth_yearly": 15.31
        },
        "20081": {
            "year_quarter": 20081,
            "year": 2008,
            "quarter": 1,
            "eps": 0.52,
            "eps_growth_year": -38.82,
            "eps_4q": 2.81,
            "eps_4q_growth_year": 48.82,
            "roe": 3.09,
            "gross_profit": 96299,
            "gross_margin": 46.67,
            "net_income": 38729,
            "revenue": 206339,
            "common_shares": 741491,
            "equity": 1272126,
            "current_ratio": 985.55,
            "debt_ratio": 9.46,
            "inventory_turnover_ratio": 0.84,
            "account_receivable_turnover_ratio": null,
            "reinvestment_rate": -1.94,
            "research_to_sale_ratio": null,
            "price_fair": 51.78,
            "eps_avg_yearly": 2.82,
            "eps_latest_yearly": 2.08,
            "eps_growth_yearly": 8.34
        },
        "20082": {
            "year_quarter": 20082,
            "year": 2008,
            "quarter": 2,
            "eps": 0.75,
            "eps_growth_year": -5.06,
            "eps_4q": 2.84,
            "eps_4q_growth_year": 15.98,
            "roe": 4.8,
            "gross_profit": 109192,
            "gross_margin": 43.5,
            "net_income": 55651,
            "revenue": 250990,
            "common_shares": 741491,
            "equity": 1047050,
            "current_ratio": 314.78,
            "debt_ratio": 28.3,
            "inventory_turnover_ratio": 0.95,
            "account_receivable_turnover_ratio": null,
            "reinvestment_rate": -2.24,
            "research_to_sale_ratio": null,
            "price_fair": 92.05,
            "eps_avg_yearly": 2.63,
            "eps_latest_yearly": 3,
            "eps_growth_yearly": 33.23
        },
        "20083": {
            "year_quarter": 20083,
            "year": 2008,
            "quarter": 3,
            "eps": 0.35,
            "eps_growth_year": -49.28,
            "eps_4q": 2.48,
            "eps_4q_growth_year": -7.79,
            "roe": 2.49,
            "gross_profit": 78701,
            "gross_margin": 46.06,
            "net_income": 26308,
            "revenue": 170876,
            "common_shares": 741491,
            "equity": 1067869,
            "current_ratio": 691.54,
            "debt_ratio": 13.08,
            "inventory_turnover_ratio": 0.57,
            "account_receivable_turnover_ratio": null,
            "reinvestment_rate": -2.21,
            "research_to_sale_ratio": null,
            "price_fair": 85.93,
            "eps_avg_yearly": 2.46,
            "eps_latest_yearly": 1.4,
            "eps_growth_yearly": 27.62
        },
        "20084": {
            "year_quarter": 20084,
            "year": 2008,
            "quarter": 4,
            "eps": 0.15,
            "eps_growth_year": -83.33,
            "eps_4q": 1.83,
            "eps_4q_growth_year": -41.44,
            "roe": 1.01,
            "gross_profit": 74125,
            "gross_margin": 39.6,
            "net_income": 10777,
            "revenue": 187162,
            "common_shares": 741491,
            "equity": 1076151,
            "current_ratio": 800.94,
            "debt_ratio": 11.31,
            "inventory_turnover_ratio": 0.71,
            "account_receivable_turnover_ratio": 3.15,
            "reinvestment_rate": -2.2,
            "research_to_sale_ratio": null,
            "price_fair": 44.48,
            "eps_avg_yearly": 2.2,
            "eps_latest_yearly": 0.6,
            "eps_growth_yearly": 10.24
        },
        "20091": {
            "year_quarter": 20091,
            "year": 2009,
            "quarter": 1,
            "eps": 0.18,
            "eps_growth_year": -65.38,
            "eps_4q": 1.43,
            "eps_4q_growth_year": -48.95,
            "roe": 1.23,
            "gross_profit": 60896,
            "gross_margin": 38.97,
            "net_income": 13313,
            "revenue": 156245,
            "common_shares": 741491,
            "equity": 1093964,
            "current_ratio": 642.05,
            "debt_ratio": 13.83,
            "inventory_turnover_ratio": 0.58,
            "account_receivable_turnover_ratio": 1.32,
            "reinvestment_rate": -2.48,
            "research_to_sale_ratio": null,
            "price_fair": 63.91,
            "eps_avg_yearly": 2.02,
            "eps_latest_yearly": 0.72,
            "eps_growth_yearly": 21.6
        },
        "20092": {
            "year_quarter": 20092,
            "year": 2009,
            "quarter": 2,
            "eps": 0.54,
            "eps_growth_year": -28,
            "eps_4q": 1.22,
            "eps_4q_growth_year": -56.94,
            "roe": 3.78,
            "gross_profit": 93973,
            "gross_margin": 28.66,
            "net_income": 39960,
            "revenue": 327859,
            "common_shares": 741491,
            "equity": 1017847,
            "current_ratio": 413.46,
            "debt_ratio": 21.45,
            "inventory_turnover_ratio": 1.35,
            "account_receivable_turnover_ratio": 2.73,
            "reinvestment_rate": -2.58,
            "research_to_sale_ratio": null,
            "price_fair": 71.4,
            "eps_avg_yearly": 2.04,
            "eps_latest_yearly": 2.16,
            "eps_growth_yearly": 83.25
        },
        "20093": {
            "year_quarter": 20093,
            "year": 2009,
            "quarter": 3,
            "eps": 0.51,
            "eps_growth_year": 45.71,
            "eps_4q": 1.38,
            "eps_4q_growth_year": -44.36,
            "roe": 3.61,
            "gross_profit": 100915,
            "gross_margin": 41.96,
            "net_income": 37474,
            "revenue": 240520,
            "common_shares": 741491,
            "equity": 1056101,
            "current_ratio": 774.8,
            "debt_ratio": 11.78,
            "inventory_turnover_ratio": 0.83,
            "account_receivable_turnover_ratio": 1.78,
            "reinvestment_rate": -2.49,
            "research_to_sale_ratio": null,
            "price_fair": 72.28,
            "eps_avg_yearly": 2.07,
            "eps_latest_yearly": 2.04,
            "eps_growth_yearly": 85.05
        },
        "20094": {
            "year_quarter": 20094,
            "year": 2009,
            "quarter": 4,
            "eps": 0.5,
            "eps_growth_year": 233.33,
            "eps_4q": 1.72,
            "eps_4q_growth_year": -5.94,
            "roe": 3.43,
            "gross_profit": 102475,
            "gross_margin": 42.27,
            "net_income": 36866,
            "revenue": 242448,
            "common_shares": 741491,
            "equity": 1094906,
            "current_ratio": 689.69,
            "debt_ratio": 13.25,
            "inventory_turnover_ratio": 0.91,
            "account_receivable_turnover_ratio": 2.12,
            "reinvestment_rate": 14.84,
            "research_to_sale_ratio": null,
            "price_fair": 74.46,
            "eps_avg_yearly": 2.13,
            "eps_latest_yearly": 2,
            "eps_growth_yearly": 94.31
        },
        "20101": {
            "year_quarter": 20101,
            "year": 2010,
            "quarter": 1,
            "eps": 0.44,
            "eps_growth_year": 144.44,
            "eps_4q": 1.98,
            "eps_4q_growth_year": 38.35,
            "roe": 2.95,
            "gross_profit": 102683,
            "gross_margin": 48.54,
            "net_income": 32794,
            "revenue": 211542,
            "common_shares": 741491,
            "equity": 1128237,
            "current_ratio": 647.01,
            "debt_ratio": 14.42,
            "inventory_turnover_ratio": 0.66,
            "account_receivable_turnover_ratio": 0.91,
            "reinvestment_rate": 14.61,
            "research_to_sale_ratio": 10.98,
            "price_fair": 72.28,
            "eps_avg_yearly": 2.07,
            "eps_latest_yearly": 1.76,
            "eps_growth_yearly": 47.31
        },
        "20102": {
            "year_quarter": 20102,
            "year": 2010,
            "quarter": 2,
            "eps": 0.2,
            "eps_growth_year": -63.2,
            "eps_4q": 1.64,
            "eps_4q_growth_year": 34.6,
            "roe": 1.37,
            "gross_profit": 94157,
            "gross_margin": 42.01,
            "net_income": 14736,
            "revenue": 224105,
            "common_shares": 741491,
            "equity": 1030085,
            "current_ratio": 414.19,
            "debt_ratio": 21.81,
            "inventory_turnover_ratio": 0.66,
            "account_receivable_turnover_ratio": 0.93,
            "reinvestment_rate": 14.09,
            "research_to_sale_ratio": 10.09,
            "price_fair": 71.75,
            "eps_avg_yearly": 2.05,
            "eps_latest_yearly": 0.8,
            "eps_growth_yearly": 49.26
        },
        "20103": {
            "year_quarter": 20103,
            "year": 2010,
            "quarter": 3,
            "eps": 0.69,
            "eps_growth_year": 34.9,
            "eps_4q": 1.83,
            "eps_4q_growth_year": 32.16,
            "roe": 4.83,
            "gross_profit": 97994,
            "gross_margin": 42.53,
            "net_income": 51021,
            "revenue": 230422,
            "common_shares": 741576,
            "equity": 1083792,
            "current_ratio": 440.71,
            "debt_ratio": 20.78,
            "inventory_turnover_ratio": 0.57,
            "account_receivable_turnover_ratio": 0.96,
            "reinvestment_rate": 18.78,
            "research_to_sale_ratio": 10.94,
            "price_fair": 74.73,
            "eps_avg_yearly": 2.14,
            "eps_latest_yearly": 2.76,
            "eps_growth_yearly": 101.85
        },
        "20104": {
            "year_quarter": 20104,
            "year": 2010,
            "quarter": 4,
            "eps": -0.01,
            "eps_growth_year": -101.91,
            "eps_4q": 1.32,
            "eps_4q_growth_year": -23.58,
            "roe": -0.07,
            "gross_profit": 94948,
            "gross_margin": 40.67,
            "net_income": -709,
            "revenue": 233457,
            "common_shares": 743941,
            "equity": 1080715,
            "current_ratio": 850.25,
            "debt_ratio": 11.34,
            "inventory_turnover_ratio": 0.59,
            "account_receivable_turnover_ratio": 0.99,
            "reinvestment_rate": 15.9,
            "research_to_sale_ratio": 10.42,
            "price_fair": 75.23,
            "eps_avg_yearly": 2.15,
            "eps_latest_yearly": 2.76,
            "eps_growth_yearly": 98.74
        },
        "20111": {
            "year_quarter": 20111,
            "year": 2011,
            "quarter": 1,
            "eps": 0.35,
            "eps_growth_year": -20.45,
            "eps_4q": 1.22,
            "eps_4q_growth_year": -38.36,
            "roe": 2.37,
            "gross_profit": 80034,
            "gross_margin": 42.49,
            "net_income": 25964,
            "revenue": 188352,
            "common_shares": 744281,
            "equity": 1109697,
            "current_ratio": 827.8,
            "debt_ratio": 11.67,
            "inventory_turnover_ratio": 0.53,
            "account_receivable_turnover_ratio": 0.91,
            "reinvestment_rate": 16.51,
            "research_to_sale_ratio": 12.2,
            "price_fair": 72.1,
            "eps_avg_yearly": 2.06,
            "eps_latest_yearly": 2.76,
            "eps_growth_yearly": 83.77
        },
        "20112": {
            "year_quarter": 20112,
            "year": 2011,
            "quarter": 2,
            "eps": 0.38,
            "eps_growth_year": 91.91,
            "eps_4q": 1.41,
            "eps_4q_growth_year": -14.47,
            "roe": 2.63,
            "gross_profit": 96121,
            "gross_margin": 43.36,
            "net_income": 28400,
            "revenue": 221672,
            "common_shares": 744361,
            "equity": 1051545,
            "current_ratio": 513.43,
            "debt_ratio": 18.1,
            "inventory_turnover_ratio": 0.65,
            "account_receivable_turnover_ratio": 1.14,
            "reinvestment_rate": 17.16,
            "research_to_sale_ratio": 11.07,
            "price_fair": 68,
            "eps_avg_yearly": 1.94,
            "eps_latest_yearly": 1.52,
            "eps_growth_yearly": 88.23
        },
        "20113": {
            "year_quarter": 20113,
            "year": 2011,
            "quarter": 3,
            "eps": 0.57,
            "eps_growth_year": -17.35,
            "eps_4q": 1.29,
            "eps_4q_growth_year": -29.4,
            "roe": 3.93,
            "gross_profit": 96980,
            "gross_margin": 42.31,
            "net_income": 42337,
            "revenue": 229235,
            "common_shares": 744576,
            "equity": 1103781,
            "current_ratio": 820.39,
            "debt_ratio": 11.86,
            "inventory_turnover_ratio": 0.75,
            "account_receivable_turnover_ratio": 1.24,
            "reinvestment_rate": 19.45,
            "research_to_sale_ratio": 12.38,
            "price_fair": 66.8,
            "eps_avg_yearly": 1.91,
            "eps_latest_yearly": 2.28,
            "eps_growth_yearly": 106.14
        },
        "20114": {
            "year_quarter": 20114,
            "year": 2011,
            "quarter": 4,
            "eps": 0.43,
            "eps_growth_year": null,
            "eps_4q": 1.73,
            "eps_4q_growth_year": 31.53,
            "roe": 2.87,
            "gross_profit": 96847,
            "gross_margin": 44.99,
            "net_income": 32101,
            "revenue": 215285,
            "common_shares": 744576,
            "equity": 1137047,
            "current_ratio": 783.08,
            "debt_ratio": 12.46,
            "inventory_turnover_ratio": 0.74,
            "account_receivable_turnover_ratio": 1.27,
            "reinvestment_rate": 19.45,
            "research_to_sale_ratio": 9.17,
            "price_fair": 62.1,
            "eps_avg_yearly": 1.77,
            "eps_latest_yearly": 1.72,
            "eps_growth_yearly": 90.42
        },
        "20121": {
            "year_quarter": 20121,
            "year": 2012,
            "quarter": 1,
            "eps": 0.27,
            "eps_growth_year": -22.86,
            "eps_4q": 1.65,
            "eps_4q_growth_year": 34.67,
            "roe": 1.75,
            "gross_profit": 96422,
            "gross_margin": 47.62,
            "net_income": 20103,
            "revenue": 202478,
            "common_shares": 745011,
            "equity": 1163557,
            "current_ratio": 776.33,
            "debt_ratio": 12.69,
            "inventory_turnover_ratio": 0.71,
            "account_receivable_turnover_ratio": 1.21,
            "reinvestment_rate": 20.39,
            "research_to_sale_ratio": 12.11,
            "price_fair": 59.6,
            "eps_avg_yearly": 1.7,
            "eps_latest_yearly": 1.08,
            "eps_growth_yearly": 91.86
        },
        "20122": {
            "year_quarter": 20122,
            "year": 2012,
            "quarter": 2,
            "eps": 0.48,
            "eps_growth_year": 25.69,
            "eps_4q": 1.75,
            "eps_4q_growth_year": 24.23,
            "roe": 3.26,
            "gross_profit": 98230,
            "gross_margin": 45.06,
            "net_income": 35770,
            "revenue": 217999,
            "common_shares": 746176,
            "equity": 1029678,
            "current_ratio": 386.15,
            "debt_ratio": 24.11,
            "inventory_turnover_ratio": 0.78,
            "account_receivable_turnover_ratio": 1.35,
            "reinvestment_rate": 18.98,
            "research_to_sale_ratio": 11.3,
            "price_fair": 56.9,
            "eps_avg_yearly": 1.63,
            "eps_latest_yearly": 1.92,
            "eps_growth_yearly": 101.44
        },
        "20123": {
            "year_quarter": 20123,
            "year": 2012,
            "quarter": 3,
            "eps": 0.46,
            "eps_growth_year": -18.74,
            "eps_4q": 1.64,
            "eps_4q_growth_year": 27.24,
            "roe": 3.29,
            "gross_profit": 101933,
            "gross_margin": 48.45,
            "net_income": 34499,
            "revenue": 210401,
            "common_shares": 746619,
            "equity": 1070436,
            "current_ratio": 874.73,
            "debt_ratio": 11.51,
            "inventory_turnover_ratio": 0.75,
            "account_receivable_turnover_ratio": 1.38,
            "reinvestment_rate": 20.77,
            "research_to_sale_ratio": 13.16,
            "price_fair": 58,
            "eps_avg_yearly": 1.66,
            "eps_latest_yearly": 1.84,
            "eps_growth_yearly": 115.49
        },
        "20124": {
            "year_quarter": 20124,
            "year": 2012,
            "quarter": 4,
            "eps": 0.3,
            "eps_growth_year": -29.97,
            "eps_4q": 1.51,
            "eps_4q_growth_year": -12.59,
            "roe": 2.09,
            "gross_profit": 85115,
            "gross_margin": 47.57,
            "net_income": 22546,
            "revenue": 178923,
            "common_shares": 746766,
            "equity": 1088845,
            "current_ratio": 842.49,
            "debt_ratio": 12.09,
            "inventory_turnover_ratio": 0.7,
            "account_receivable_turnover_ratio": 1.29,
            "reinvestment_rate": 17.45,
            "research_to_sale_ratio": 15.03,
            "price_fair": 59.5,
            "eps_avg_yearly": 1.7,
            "eps_latest_yearly": 1.2,
            "eps_growth_yearly": 121.88
        },
        "20131": {
            "year_quarter": 20131,
            "year": 2013,
            "quarter": 1,
            "eps": 0.42,
            "eps_growth_year": 55.56,
            "eps_4q": 1.66,
            "eps_4q_growth_year": 0.69,
            "roe": 2.81,
            "gross_profit": 97335,
            "gross_margin": 50.28,
            "net_income": 31054,
            "revenue": 193576,
            "common_shares": 746961,
            "equity": 1119803,
            "current_ratio": 751.82,
            "debt_ratio": 14.41,
            "inventory_turnover_ratio": 0.69,
            "account_receivable_turnover_ratio": 1.61,
            "reinvestment_rate": -2.11,
            "research_to_sale_ratio": 13.75,
            "price_fair": 61.9,
            "eps_avg_yearly": 1.77,
            "eps_latest_yearly": 1.68,
            "eps_growth_yearly": 127.59
        },
        "20132": {
            "year_quarter": 20132,
            "year": 2013,
            "quarter": 2,
            "eps": 0.4,
            "eps_growth_year": -16.56,
            "eps_4q": 1.58,
            "eps_4q_growth_year": -9.52,
            "roe": 2.77,
            "gross_profit": 91656,
            "gross_margin": 48.37,
            "net_income": 30099,
            "revenue": 189495,
            "common_shares": 747621,
            "equity": 1054941,
            "current_ratio": 445.65,
            "debt_ratio": 22.31,
            "inventory_turnover_ratio": 0.66,
            "account_receivable_turnover_ratio": 1.85,
            "reinvestment_rate": -1.87,
            "research_to_sale_ratio": 13.61,
            "price_fair": 60.5,
            "eps_avg_yearly": 1.73,
            "eps_latest_yearly": 1.6,
            "eps_growth_yearly": 69.09
        },
        "20133": {
            "year_quarter": 20133,
            "year": 2013,
            "quarter": 3,
            "eps": 0.46,
            "eps_growth_year": -0.45,
            "eps_4q": 1.57,
            "eps_4q_growth_year": -4.23,
            "roe": 3.18,
            "gross_profit": 99254,
            "gross_margin": 48.15,
            "net_income": 34184,
            "revenue": 206147,
            "common_shares": 750341,
            "equity": 1094799,
            "current_ratio": 688.76,
            "debt_ratio": 15.42,
            "inventory_turnover_ratio": 0.74,
            "account_receivable_turnover_ratio": 1.9,
            "reinvestment_rate": -1.34,
            "research_to_sale_ratio": 11.7,
            "price_fair": 60,
            "eps_avg_yearly": 1.71,
            "eps_latest_yearly": 1.84,
            "eps_growth_yearly": 74.96
        },
        "20134": {
            "year_quarter": 20134,
            "year": 2013,
            "quarter": 4,
            "eps": 0.73,
            "eps_growth_year": 140.18,
            "eps_4q": 1.99,
            "eps_4q_growth_year": 31.64,
            "roe": 4.84,
            "gross_profit": 118014,
            "gross_margin": 49.4,
            "net_income": 54632,
            "revenue": 238885,
            "common_shares": 750531,
            "equity": 1161446,
            "current_ratio": 754.78,
            "debt_ratio": 14.43,
            "inventory_turnover_ratio": 0.88,
            "account_receivable_turnover_ratio": 2.18,
            "reinvestment_rate": -22.37,
            "research_to_sale_ratio": 12.11,
            "price_fair": 62.3,
            "eps_avg_yearly": 1.78,
            "eps_latest_yearly": 2.92,
            "eps_growth_yearly": 92.29
        },
        "20141": {
            "year_quarter": 20141,
            "year": 2014,
            "quarter": 1,
            "eps": 0.56,
            "eps_growth_year": 33.33,
            "eps_4q": 2.12,
            "eps_4q_growth_year": 27.99,
            "roe": 3.52,
            "gross_profit": 113404,
            "gross_margin": 48.09,
            "net_income": 41894,
            "revenue": 235803,
            "common_shares": 757011,
            "equity": 1217372,
            "current_ratio": 699.2,
            "debt_ratio": 15.32,
            "inventory_turnover_ratio": 0.92,
            "account_receivable_turnover_ratio": 2.36,
            "reinvestment_rate": -21.32,
            "research_to_sale_ratio": 12.3,
            "price_fair": 63.5,
            "eps_avg_yearly": 1.81,
            "eps_latest_yearly": 2.24,
            "eps_growth_yearly": 89.07
        },
        "20142": {
            "year_quarter": 20142,
            "year": 2014,
            "quarter": 2,
            "eps": 0.66,
            "eps_growth_year": 65,
            "eps_4q": 2.37,
            "eps_4q_growth_year": 50.18,
            "roe": 4.27,
            "gross_profit": 129075,
            "gross_margin": 50.05,
            "net_income": 50641,
            "revenue": 257904,
            "common_shares": 764231,
            "equity": 1155923,
            "current_ratio": 413.45,
            "debt_ratio": 24.08,
            "inventory_turnover_ratio": 0.95,
            "account_receivable_turnover_ratio": 2.69,
            "reinvestment_rate": -21.15,
            "research_to_sale_ratio": 11.29,
            "price_fair": 68.1,
            "eps_avg_yearly": 1.95,
            "eps_latest_yearly": 2.64,
            "eps_growth_yearly": 109.75
        },
        "20143": {
            "year_quarter": 20143,
            "year": 2014,
            "quarter": 3,
            "eps": 0.48,
            "eps_growth_year": 4.35,
            "eps_4q": 2.39,
            "eps_4q_growth_year": 52.16,
            "roe": 3.13,
            "gross_profit": 117747,
            "gross_margin": 44.36,
            "net_income": 36987,
            "revenue": 265427,
            "common_shares": 770311,
            "equity": 1210184,
            "current_ratio": 627.57,
            "debt_ratio": 16.8,
            "inventory_turnover_ratio": 1.04,
            "account_receivable_turnover_ratio": 2.08,
            "reinvestment_rate": -27.74,
            "research_to_sale_ratio": 10.72,
            "price_fair": 66,
            "eps_avg_yearly": 1.89,
            "eps_latest_yearly": 1.92,
            "eps_growth_yearly": 31.96
        },
        "20144": {
            "year_quarter": 20144,
            "year": 2014,
            "quarter": 4,
            "eps": 0.73,
            "eps_growth_year": 0.26,
            "eps_4q": 2.41,
            "eps_4q_growth_year": 20.98,
            "roe": 4.51,
            "gross_profit": 123870,
            "gross_margin": 45.5,
            "net_income": 56014,
            "revenue": 272253,
            "common_shares": 770451,
            "equity": 1272355,
            "current_ratio": 709,
            "debt_ratio": 15.42,
            "inventory_turnover_ratio": 1.22,
            "account_receivable_turnover_ratio": 1.67,
            "reinvestment_rate": -21.41,
            "research_to_sale_ratio": 11.42,
            "price_fair": 68.41,
            "eps_avg_yearly": 1.95,
            "eps_latest_yearly": 2.92,
            "eps_growth_yearly": 43.72
        },
        "20151": {
            "year_quarter": 20151,
            "year": 2015,
            "quarter": 1,
            "eps": 0.4,
            "eps_growth_year": -28.57,
            "eps_4q": 2.27,
            "eps_4q_growth_year": 6.75,
            "roe": 2.41,
            "gross_profit": 119196,
            "gross_margin": 44.84,
            "net_income": 31102,
            "revenue": 265852,
            "common_shares": 770739,
            "equity": 1307157,
            "current_ratio": 620.79,
            "debt_ratio": 17.17,
            "inventory_turnover_ratio": 1.47,
            "account_receivable_turnover_ratio": 1.49,
            "reinvestment_rate": -20.51,
            "research_to_sale_ratio": 11.57,
            "price_fair": 67.64,
            "eps_avg_yearly": 1.93,
            "eps_latest_yearly": 1.6,
            "eps_growth_yearly": 29.68
        },
        "20152": {
            "year_quarter": 20152,
            "year": 2015,
            "quarter": 2,
            "eps": 1.05,
            "eps_growth_year": 59.09,
            "eps_4q": 2.63,
            "eps_4q_growth_year": 11.02,
            "roe": 6.39,
            "gross_profit": 164362,
            "gross_margin": 47.44,
            "net_income": 81373,
            "revenue": 346435,
            "common_shares": 779961,
            "equity": 1238461,
            "current_ratio": 331.43,
            "debt_ratio": 29.85,
            "inventory_turnover_ratio": 1.57,
            "account_receivable_turnover_ratio": 1.74,
            "reinvestment_rate": -18.39,
            "research_to_sale_ratio": 10,
            "price_fair": 73.5,
            "eps_avg_yearly": 2.1,
            "eps_latest_yearly": 4.2,
            "eps_growth_yearly": 68.17
        },
        "20153": {
            "year_quarter": 20153,
            "year": 2015,
            "quarter": 3,
            "eps": 0.95,
            "eps_growth_year": 97.92,
            "eps_4q": 3.1,
            "eps_4q_growth_year": 29.88,
            "roe": 5.81,
            "gross_profit": 128555,
            "gross_margin": 49.7,
            "net_income": 74499,
            "revenue": 258675,
            "common_shares": 782571,
            "equity": 1325254,
            "current_ratio": 644.1,
            "debt_ratio": 16.69,
            "inventory_turnover_ratio": 1.01,
            "account_receivable_turnover_ratio": 1.38,
            "reinvestment_rate": -18.89,
            "research_to_sale_ratio": 13.53,
            "price_fair": 76.83,
            "eps_avg_yearly": 2.2,
            "eps_latest_yearly": 3.8,
            "eps_growth_yearly": 53.29
        },
        "20154": {
            "year_quarter": 20154,
            "year": 2015,
            "quarter": 4,
            "eps": 0.56,
            "eps_growth_year": -23.31,
            "eps_4q": 2.95,
            "eps_4q_growth_year": 22.29,
            "roe": 3.24,
            "gross_profit": 114650,
            "gross_margin": 52.31,
            "net_income": 43666,
            "revenue": 219188,
            "common_shares": 783039,
            "equity": 1366438,
            "current_ratio": 660.52,
            "debt_ratio": 16.39,
            "inventory_turnover_ratio": 0.86,
            "account_receivable_turnover_ratio": 1.44,
            "reinvestment_rate": -17.86,
            "research_to_sale_ratio": 15.16,
            "price_fair": 77.96,
            "eps_avg_yearly": 2.23,
            "eps_latest_yearly": 2.24,
            "eps_growth_yearly": 49.16
        },
        "20161": {
            "year_quarter": 20161,
            "year": 2016,
            "quarter": 1,
            "eps": 0.68,
            "eps_growth_year": 70,
            "eps_4q": 3.23,
            "eps_4q_growth_year": 42.44,
            "roe": 3.83,
            "gross_profit": 153610,
            "gross_margin": 50.83,
            "net_income": 53409,
            "revenue": 302194,
            "common_shares": 783716,
            "equity": 1419540,
            "current_ratio": 497,
            "debt_ratio": 20.63,
            "inventory_turnover_ratio": 1.31,
            "account_receivable_turnover_ratio": 1.81,
            "reinvestment_rate": -16.22,
            "research_to_sale_ratio": 12.52,
            "price_fair": 81.55,
            "eps_avg_yearly": 2.33,
            "eps_latest_yearly": 2.72,
            "eps_growth_yearly": 63.82
        },
        "20162": {
            "year_quarter": 20162,
            "year": 2016,
            "quarter": 2,
            "eps": 0.97,
            "eps_growth_year": -7.62,
            "eps_4q": 3.1,
            "eps_4q_growth_year": 17.78,
            "roe": 5.54,
            "gross_profit": 156487,
            "gross_margin": 52.24,
            "net_income": 75668,
            "revenue": 299539,
            "common_shares": 793416,
            "equity": 1310109,
            "current_ratio": 329.56,
            "debt_ratio": 29.65,
            "inventory_turnover_ratio": 1.25,
            "account_receivable_turnover_ratio": 1.75,
            "reinvestment_rate": -12.69,
            "research_to_sale_ratio": 12.66,
            "price_fair": 85.84,
            "eps_avg_yearly": 2.45,
            "eps_latest_yearly": 3.88,
            "eps_growth_yearly": 55.04
        },
        "20163": {
            "year_quarter": 20163,
            "year": 2016,
            "quarter": 3,
            "eps": 0.72,
            "eps_growth_year": -24.21,
            "eps_4q": 2.87,
            "eps_4q_growth_year": -7.54,
            "roe": 4.27,
            "gross_profit": 124689,
            "gross_margin": 48.05,
            "net_income": 56740,
            "revenue": 259503,
            "common_shares": 799354,
            "equity": 1349870,
            "current_ratio": 614.38,
            "debt_ratio": 16.41,
            "inventory_turnover_ratio": 1.13,
            "account_receivable_turnover_ratio": 1.54,
            "reinvestment_rate": -7.83,
            "research_to_sale_ratio": 13.16,
            "price_fair": 88.11,
            "eps_avg_yearly": 2.52,
            "eps_latest_yearly": 2.88,
            "eps_growth_yearly": 49.64
        },
        "20164": {
            "year_quarter": 20164,
            "year": 2016,
            "quarter": 4,
            "eps": 0.69,
            "eps_growth_year": 23.67,
            "eps_4q": 3.01,
            "eps_4q_growth_year": 2.35,
            "roe": 4,
            "gross_profit": 140515,
            "gross_margin": 49.95,
            "net_income": 55119,
            "revenue": 281332,
            "common_shares": 799354,
            "equity": 1406187,
            "current_ratio": 494.63,
            "debt_ratio": 19.62,
            "inventory_turnover_ratio": 1.28,
            "account_receivable_turnover_ratio": 1.75,
            "reinvestment_rate": -3.82,
            "research_to_sale_ratio": 17.28,
            "price_fair": 91.53,
            "eps_avg_yearly": 2.62,
            "eps_latest_yearly": 2.76,
            "eps_growth_yearly": 57.29
        },
        "20171": {
            "year_quarter": 20171,
            "year": 2017,
            "quarter": 1,
            "eps": 0.4,
            "eps_growth_year": -41.18,
            "eps_4q": 2.74,
            "eps_4q_growth_year": -15.06,
            "roe": 2.22,
            "gross_profit": 132659,
            "gross_margin": 51.88,
            "net_income": 31602,
            "revenue": 255691,
            "common_shares": 799354,
            "equity": 1438182,
            "current_ratio": 556.24,
            "debt_ratio": 17.4,
            "inventory_turnover_ratio": 1.11,
            "account_receivable_turnover_ratio": 2.23,
            "reinvestment_rate": 9.67,
            "research_to_sale_ratio": 11.27,
            "price_fair": 91.35,
            "eps_avg_yearly": 2.61,
            "eps_latest_yearly": 1.6,
            "eps_growth_yearly": 36.78
        },
        "20172": {
            "year_quarter": 20172,
            "year": 2017,
            "quarter": 2,
            "eps": 0.79,
            "eps_growth_year": -18.56,
            "eps_4q": 2.55,
            "eps_4q_growth_year": -17.89,
            "roe": 4.62,
            "gross_profit": 134589,
            "gross_margin": 51.35,
            "net_income": 63603,
            "revenue": 262103,
            "common_shares": 812471,
            "equity": 1315358,
            "current_ratio": 357.14,
            "debt_ratio": 25.89,
            "inventory_turnover_ratio": 1.06,
            "account_receivable_turnover_ratio": 2.22,
            "reinvestment_rate": 9.38,
            "research_to_sale_ratio": 14.29,
            "price_fair": 94.76,
            "eps_avg_yearly": 2.71,
            "eps_latest_yearly": 3.16,
            "eps_growth_yearly": 62.35
        },
        "20173": {
            "year_quarter": 20173,
            "year": 2017,
            "quarter": 3,
            "eps": 0.49,
            "eps_growth_year": -31.94,
            "eps_4q": 2.33,
            "eps_4q_growth_year": -18.92,
            "roe": 2.95,
            "gross_profit": 108689,
            "gross_margin": 51.86,
            "net_income": 39530,
            "revenue": 209565,
            "common_shares": 815611,
            "equity": 1363548,
            "current_ratio": 792.99,
            "debt_ratio": 12.55,
            "inventory_turnover_ratio": 0.83,
            "account_receivable_turnover_ratio": 1.67,
            "reinvestment_rate": 8.99,
            "research_to_sale_ratio": 16.92,
            "price_fair": 95.03,
            "eps_avg_yearly": 2.72,
            "eps_latest_yearly": 1.96,
            "eps_growth_yearly": 49.11
        },
        "20174": {
            "year_quarter": 20174,
            "year": 2017,
            "quarter": 4,
            "eps": 0.72,
            "eps_growth_year": 4.39,
            "eps_4q": 2.37,
            "eps_4q_growth_year": -21.31,
            "roe": 4.21,
            "gross_profit": 133012,
            "gross_margin": 52.34,
            "net_income": 58709,
            "revenue": 254137,
            "common_shares": 815611,
            "equity": 1424184,
            "current_ratio": 714.77,
            "debt_ratio": 13.56,
            "inventory_turnover_ratio": 0.93,
            "account_receivable_turnover_ratio": 2.05,
            "reinvestment_rate": 8.92,
            "research_to_sale_ratio": 15.08,
            "price_fair": 94.94,
            "eps_avg_yearly": 2.71,
            "eps_latest_yearly": 2.88,
            "eps_growth_yearly": 46.17
        },
        "20181": {
            "year_quarter": 20181,
            "year": 2018,
            "quarter": 1,
            "eps": 0.45,
            "eps_growth_year": 12.5,
            "eps_4q": 2.43,
            "eps_4q_growth_year": -11.34,
            "roe": 2.52,
            "gross_profit": 116739,
            "gross_margin": 51.52,
            "net_income": 36384,
            "revenue": 226597,
            "common_shares": 815611,
            "equity": 1463822,
            "current_ratio": 711.23,
            "debt_ratio": 13.52,
            "inventory_turnover_ratio": 0.7,
            "account_receivable_turnover_ratio": 1.76,
            "reinvestment_rate": 8.88,
            "research_to_sale_ratio": 15.7,
            "price_fair": 93.98,
            "eps_avg_yearly": 2.69,
            "eps_latest_yearly": 1.8,
            "eps_growth_yearly": 42.61
        },
        "20182": {
            "year_quarter": 20182,
            "year": 2018,
            "quarter": 2,
            "eps": 0.82,
            "eps_growth_year": 3.8,
            "eps_4q": 2.45,
            "eps_4q_growth_year": -3.94,
            "roe": 4.74,
            "gross_profit": 129345,
            "gross_margin": 47.01,
            "net_income": 67543,
            "revenue": 275172,
            "common_shares": 825821,
            "equity": 1384439,
            "current_ratio": 402.97,
            "debt_ratio": 22.68,
            "inventory_turnover_ratio": 0.84,
            "account_receivable_turnover_ratio": 2.17,
            "reinvestment_rate": 8.96,
            "research_to_sale_ratio": 16.48,
            "price_fair": 95.38,
            "eps_avg_yearly": 2.73,
            "eps_latest_yearly": 3.28,
            "eps_growth_yearly": 58.71
        },
        "20183": {
            "year_quarter": 20183,
            "year": 2018,
            "quarter": 3,
            "eps": 0.47,
            "eps_growth_year": -4.08,
            "eps_4q": 2.43,
            "eps_4q_growth_year": 4.26,
            "roe": 2.76,
            "gross_profit": 119649,
            "gross_margin": 52.35,
            "net_income": 38868,
            "revenue": 228541,
            "common_shares": 830271,
            "equity": 1435274,
            "current_ratio": 404.87,
            "debt_ratio": 22.53,
            "inventory_turnover_ratio": 0.64,
            "account_receivable_turnover_ratio": 1.95,
            "reinvestment_rate": 8.82,
            "research_to_sale_ratio": 17.02,
            "price_fair": 95.29,
            "eps_avg_yearly": 2.72,
            "eps_latest_yearly": 1.88,
            "eps_growth_yearly": 54.85
        },
        "20184": {
            "year_quarter": 20184,
            "year": 2018,
            "quarter": 4,
            "eps": 0.54,
            "eps_growth_year": -24.81,
            "eps_4q": 2.26,
            "eps_4q_growth_year": -4.67,
            "roe": 3.08,
            "gross_profit": 129455,
            "gross_margin": 50.6,
            "net_income": 44939,
            "revenue": 255833,
            "common_shares": 830271,
            "equity": 1484178,
            "current_ratio": 774.06,
            "debt_ratio": 12.42,
            "inventory_turnover_ratio": 0.82,
            "account_receivable_turnover_ratio": 2,
            "reinvestment_rate": 9.05,
            "research_to_sale_ratio": 15.08,
            "price_fair": 93.63,
            "eps_avg_yearly": 2.68,
            "eps_latest_yearly": 2.16,
            "eps_growth_yearly": 45.56
        },
        "20191": {
            "year_quarter": 20191,
            "year": 2019,
            "quarter": 1,
            "eps": 0.24,
            "eps_growth_year": -46.67,
            "eps_4q": 2.06,
            "eps_4q_growth_year": -15.18,
            "roe": 1.32,
            "gross_profit": 90934,
            "gross_margin": 47.52,
            "net_income": 19804,
            "revenue": 191363,
            "common_shares": 830271,
            "equity": 1507155,
            "current_ratio": 716.61,
            "debt_ratio": 13.2,
            "inventory_turnover_ratio": 0.73,
            "account_receivable_turnover_ratio": 1.37,
            "reinvestment_rate": 9.15,
            "research_to_sale_ratio": 20.46,
            "price_fair": 92.23,
            "eps_avg_yearly": 2.64,
            "eps_latest_yearly": 0.96,
            "eps_growth_yearly": 42.97
        },
        "20192": {
            "year_quarter": 20192,
            "year": 2019,
            "quarter": 2,
            "eps": 0.67,
            "eps_growth_year": -18.29,
            "eps_4q": 1.9,
            "eps_4q_growth_year": -22.43,
            "roe": 3.85,
            "gross_profit": 124262,
            "gross_margin": 50.38,
            "net_income": 56496,
            "revenue": 246626,
            "common_shares": 843456,
            "equity": 1425384,
            "current_ratio": 399.33,
            "debt_ratio": 22.76,
            "inventory_turnover_ratio": 0.94,
            "account_receivable_turnover_ratio": 1.68,
            "reinvestment_rate": 9.31,
            "research_to_sale_ratio": 16.42,
            "price_fair": 88.9,
            "eps_avg_yearly": 2.54,
            "eps_latest_yearly": 2.68,
            "eps_growth_yearly": 47.13
        },
        "20193": {
            "year_quarter": 20193,
            "year": 2019,
            "quarter": 3,
            "eps": 0.51,
            "eps_growth_year": 8.51,
            "eps_4q": 1.94,
            "eps_4q_growth_year": -20.2,
            "roe": 2.98,
            "gross_profit": 124606,
            "gross_margin": 50.42,
            "net_income": 43369,
            "revenue": 247149,
            "common_shares": 849976,
            "equity": 1485028,
            "current_ratio": 426.65,
            "debt_ratio": 21.3,
            "inventory_turnover_ratio": 0.98,
            "account_receivable_turnover_ratio": 1.61,
            "reinvestment_rate": 9.58,
            "research_to_sale_ratio": 16.74,
            "price_fair": 85.05,
            "eps_avg_yearly": 2.43,
            "eps_latest_yearly": 2.04,
            "eps_growth_yearly": 43.55
        },
        "20194": {
            "year_quarter": 20194,
            "year": 2019,
            "quarter": 4,
            "eps": 0.38,
            "eps_growth_year": -30.64,
            "eps_4q": 1.78,
            "eps_4q_growth_year": -21.13,
            "roe": 2.12,
            "gross_profit": 117252,
            "gross_margin": 49.64,
            "net_income": 31908,
            "revenue": 236195,
            "common_shares": 849976,
            "equity": 1519837,
            "current_ratio": 828.91,
            "debt_ratio": 11.04,
            "inventory_turnover_ratio": 0.93,
            "account_receivable_turnover_ratio": 1.68,
            "reinvestment_rate": 9.6,
            "research_to_sale_ratio": 16.17,
            "price_fair": 83.48,
            "eps_avg_yearly": 2.39,
            "eps_latest_yearly": 1.52,
            "eps_growth_yearly": 47.44
        },
        "20201": {
            "year_quarter": 20201,
            "year": 2020,
            "quarter": 1,
            "eps": 0.3,
            "eps_growth_year": 25,
            "eps_4q": 1.85,
            "eps_4q_growth_year": -10.12,
            "roe": 1.68,
            "gross_profit": 103326,
            "gross_margin": 47.24,
            "net_income": 25720,
            "revenue": 218730,
            "common_shares": 849976,
            "equity": 1547551,
            "current_ratio": 762.56,
            "debt_ratio": 11.85,
            "inventory_turnover_ratio": 0.93,
            "account_receivable_turnover_ratio": 1.44,
            "reinvestment_rate": 8.84,
            "research_to_sale_ratio": 18.66,
            "price_fair": 80.15,
            "eps_avg_yearly": 2.29,
            "eps_latest_yearly": 1.2,
            "eps_growth_yearly": 36.82
        },
        "20202": {
            "year_quarter": 20202,
            "year": 2020,
            "quarter": 2,
            "eps": 0.27,
            "eps_growth_year": -59.7,
            "eps_4q": 1.45,
            "eps_4q_growth_year": -23.64,
            "roe": 1.56,
            "gross_profit": 96456,
            "gross_margin": 50.44,
            "net_income": 23167,
            "revenue": 191218,
            "common_shares": 856589,
            "equity": 1425089,
            "current_ratio": 430.33,
            "debt_ratio": 20.5,
            "inventory_turnover_ratio": 0.76,
            "account_receivable_turnover_ratio": 1.29,
            "reinvestment_rate": 8.29,
            "research_to_sale_ratio": 20.07,
            "price_fair": 71.18,
            "eps_avg_yearly": 2.12,
            "eps_latest_yearly": 1.08,
            "eps_growth_yearly": 23.65
        },
        "20203": {
            "year_quarter": 20203,
            "year": 2020,
            "quarter": 3,
            "eps": 0.35,
            "eps_growth_year": -31.37,
            "eps_4q": 1.28,
            "eps_4q_growth_year": -34,
            "roe": 2.05,
            "gross_profit": 107025,
            "gross_margin": 48.82,
            "net_income": 29763,
            "revenue": 219204,
            "common_shares": 864909,
            "equity": 1474989,
            "current_ratio": 495.53,
            "debt_ratio": 17.72,
            "inventory_turnover_ratio": 0.94,
            "account_receivable_turnover_ratio": 1.58,
            "reinvestment_rate": 1.79,
            "research_to_sale_ratio": 18.43,
            "price_fair": 70.79,
            "eps_avg_yearly": 2.02,
            "eps_latest_yearly": 1.4,
            "eps_growth_yearly": 37.5
        },
        "20204": {
            "year_quarter": 20204,
            "year": 2020,
            "quarter": 4,
            "eps": 0.35,
            "eps_growth_year": -7.38,
            "eps_4q": 1.26,
            "eps_4q_growth_year": -29.51,
            "roe": 2.02,
            "gross_profit": 103522,
            "gross_margin": 48.81,
            "net_income": 30073,
            "revenue": 212093,
            "common_shares": 864909,
            "equity": 1505916,
            "current_ratio": 894.79,
            "debt_ratio": 9.78,
            "inventory_turnover_ratio": 1.11,
            "account_receivable_turnover_ratio": 1.55,
            "reinvestment_rate": -1.04,
            "research_to_sale_ratio": 17.86,
            "price_fair": 67.81,
            "eps_avg_yearly": 1.94,
            "eps_latest_yearly": 1.4,
            "eps_growth_yearly": 38.55
        },
        "20211": {
            "year_quarter": 20211,
            "year": 2021,
            "quarter": 1,
            "eps": 0.4,
            "eps_growth_year": 33.33,
            "eps_4q": 1.36,
            "eps_4q_growth_year": -26.78,
            "roe": 2.25,
            "gross_profit": 107272,
            "gross_margin": 49.73,
            "net_income": 34341,
            "revenue": 215713,
            "common_shares": 864909,
            "equity": 1542115,
            "current_ratio": 710.55,
            "debt_ratio": 12.28,
            "inventory_turnover_ratio": 1.01,
            "account_receivable_turnover_ratio": 1.63,
            "reinvestment_rate": -3.56,
            "research_to_sale_ratio": 20.33,
            "price_fair": 67.81,
            "eps_avg_yearly": 1.94,
            "eps_latest_yearly": 1.6,
            "eps_growth_yearly": 52.63
        },
        "20212": {
            "year_quarter": 20212,
            "year": 2021,
            "quarter": 2,
            "eps": 0.4,
            "eps_growth_year": 48.15,
            "eps_4q": 1.48,
            "eps_4q_growth_year": 2.25,
            "roe": 2.23,
            "gross_profit": 107518,
            "gross_margin": 50.17,
            "net_income": 34896,
            "revenue": 214328,
            "common_shares": 870856,
            "equity": 1587085,
            "current_ratio": 652.49,
            "debt_ratio": 13.43,
            "inventory_turnover_ratio": 0.7,
            "account_receivable_turnover_ratio": 1.57,
            "reinvestment_rate": -3.86,
            "research_to_sale_ratio": 18.92,
            "price_fair": 64.4,
            "eps_avg_yearly": 1.84,
            "eps_latest_yearly": 1.6,
            "eps_growth_yearly": 28.25
        },
        "20213": {
            "year_quarter": 20213,
            "year": 2021,
            "quarter": 3,
            "eps": 0.4,
            "eps_growth_year": 14.29,
            "eps_4q": 1.53,
            "eps_4q_growth_year": 19.83,
            "roe": 2.28,
            "gross_profit": 115053,
            "gross_margin": 48.55,
            "net_income": 35307,
            "revenue": 236999,
            "common_shares": 878881,
            "equity": 1512429,
            "current_ratio": 764.08,
            "debt_ratio": 11.37,
            "inventory_turnover_ratio": 0.64,
            "account_receivable_turnover_ratio": 1.62,
            "reinvestment_rate": -3.68,
            "research_to_sale_ratio": 16.34,
            "price_fair": 63.61,
            "eps_avg_yearly": 1.82,
            "eps_latest_yearly": 1.6,
            "eps_growth_yearly": 37.74
        },
        "20214": {
            "year_quarter": 20214,
            "year": 2021,
            "quarter": 4,
            "eps": 0.64,
            "eps_growth_year": 84.58,
            "eps_4q": 1.83,
            "eps_4q_growth_year": 45.68,
            "roe": 3.65,
            "gross_profit": 124962,
            "gross_margin": 47.34,
            "net_income": 56404,
            "revenue": 263974,
            "common_shares": 878881,
            "equity": 1582371,
            "current_ratio": 861.33,
            "debt_ratio": 10.65,
            "inventory_turnover_ratio": 0.66,
            "account_receivable_turnover_ratio": 1.55,
            "reinvestment_rate": -3.66,
            "research_to_sale_ratio": 14.85,
            "price_fair": 62.91,
            "eps_avg_yearly": 1.8,
            "eps_latest_yearly": 2.56,
            "eps_growth_yearly": 41.01
        },
        "20221": {
            "year_quarter": 20221,
            "year": 2022,
            "quarter": 1,
            "eps": 0.68,
            "eps_growth_year": 70,
            "eps_4q": 2.12,
            "eps_4q_growth_year": 56.36,
            "roe": 3.71,
            "gross_profit": 134052,
            "gross_margin": 46.08,
            "net_income": 59836,
            "revenue": 290902,
            "common_shares": 878881,
            "equity": 1643545,
            "current_ratio": 725.47,
            "debt_ratio": 12.64,
            "inventory_turnover_ratio": 0.66,
            "account_receivable_turnover_ratio": 1.49,
            "reinvestment_rate": -3.45,
            "research_to_sale_ratio": 16.29,
            "price_fair": 64.93,
            "eps_avg_yearly": 1.86,
            "eps_latest_yearly": 2.72,
            "eps_growth_yearly": 51.95
        },
        "20222": {
            "year_quarter": 20222,
            "year": 2022,
            "quarter": 2,
            "eps": 0.9,
            "eps_growth_year": 125,
            "eps_4q": 2.58,
            "eps_4q_growth_year": 74.18,
            "roe": 4.92,
            "gross_profit": 140634,
            "gross_margin": 46.6,
            "net_income": 80209,
            "revenue": 301768,
            "common_shares": 897736,
            "equity": 1617658,
            "current_ratio": 438.93,
            "debt_ratio": 20.76,
            "inventory_turnover_ratio": 0.64,
            "account_receivable_turnover_ratio": 1.51,
            "reinvestment_rate": -3.72,
            "research_to_sale_ratio": 15.26,
            "price_fair": 65.63,
            "eps_avg_yearly": 1.88,
            "eps_latest_yearly": 3.6,
            "eps_growth_yearly": 39.48
        },
        "20223": {
            "year_quarter": 20223,
            "year": 2022,
            "quarter": 3,
            "eps": 0.46,
            "eps_growth_year": 15,
            "eps_4q": 2.61,
            "eps_4q_growth_year": 70.35,
            "roe": 2.5,
            "gross_profit": 66325,
            "gross_margin": 46.9,
            "net_income": 41391,
            "revenue": 141415,
            "common_shares": 911514,
            "equity": 1692013,
            "current_ratio": 513.55,
            "debt_ratio": 17.84,
            "inventory_turnover_ratio": 0.29,
            "account_receivable_turnover_ratio": 0.96,
            "reinvestment_rate": -3.64,
            "research_to_sale_ratio": 28.84,
            "price_fair": 65.54,
            "eps_avg_yearly": 1.87,
            "eps_latest_yearly": 1.84,
            "eps_growth_yearly": 37.93
        },
        "20224": {
            "year_quarter": 20224,
            "year": 2022,
            "quarter": 4,
            "eps": -0.06,
            "eps_growth_year": -109.58,
            "eps_4q": 1.93,
            "eps_4q_growth_year": 5.34,
            "roe": -0.33,
            "gross_profit": 75002,
            "gross_margin": 45.4,
            "net_income": -5602,
            "revenue": 165203,
            "common_shares": 911514,
            "equity": 1684223,
            "current_ratio": 900.31,
            "debt_ratio": 10.48,
            "inventory_turnover_ratio": 0.33,
            "account_receivable_turnover_ratio": 1.59,
            "reinvestment_rate": -4.08,
            "research_to_sale_ratio": 21.75,
            "price_fair": 64.87,
            "eps_avg_yearly": 1.85,
            "eps_latest_yearly": 1.84,
            "eps_growth_yearly": 36.48
        },
        "20231": {
            "year_quarter": 20231,
            "year": 2023,
            "quarter": 1,
            "eps": 0.09,
            "eps_growth_year": -86.76,
            "eps_4q": 1.36,
            "eps_4q_growth_year": -35.96,
            "roe": 0.46,
            "gross_profit": 68640,
            "gross_margin": 47.21,
            "net_income": 7840,
            "revenue": 145378,
            "common_shares": 911514,
            "equity": 1693689,
            "current_ratio": 962.97,
            "debt_ratio": 9.84,
            "inventory_turnover_ratio": 0.29,
            "account_receivable_turnover_ratio": 1.49,
            "reinvestment_rate": -4.03,
            "research_to_sale_ratio": 29.47,
            "price_fair": 67.1,
            "eps_avg_yearly": 1.92,
            "eps_latest_yearly": 1.84,
            "eps_growth_yearly": 54.96
        }
    },
    "months": {
        "2003-01": {
            "month": "2003-01",
            "price": "75.93",
            "revenue": 49878
        },
        "2003-02": {
            "month": "2003-02",
            "price": "73.31",
            "revenue": 54387
        },
        "2003-03": {
            "month": "2003-03",
            "price": "65.52",
            "revenue": 58065
        },
        "2003-04": {
            "month": "2003-04",
            "price": "66.91",
            "revenue": 51176
        },
        "2003-05": {
            "month": "2003-05",
            "price": "72.98",
            "revenue": 50049
        },
        "2003-06": {
            "month": "2003-06",
            "price": "84.62",
            "revenue": 120786
        },
        "2003-07": {
            "month": "2003-07",
            "price": "121.43",
            "revenue": 106677
        },
        "2003-08": {
            "month": "2003-08",
            "price": "118.45",
            "revenue": 96103
        },
        "2003-09": {
            "month": "2003-09",
            "price": "129.07",
            "revenue": 130215
        },
        "2003-10": {
            "month": "2003-10",
            "price": "118.64",
            "revenue": 145866
        },
        "2003-11": {
            "month": "2003-11",
            "price": "117.15",
            "revenue": 112832
        },
        "2003-12": {
            "month": "2003-12",
            "price": "117.15",
            "revenue": 123103
        },
        "2004-01": {
            "month": "2004-01",
            "price": "136.83",
            "revenue": 96176
        },
        "2004-02": {
            "month": "2004-02",
            "price": "160.60",
            "revenue": 129306
        },
        "2004-03": {
            "month": "2004-03",
            "price": "151.50",
            "revenue": 134403
        },
        "2004-04": {
            "month": "2004-04",
            "price": "143.48",
            "revenue": 97488
        },
        "2004-05": {
            "month": "2004-05",
            "price": "105.52",
            "revenue": 62468
        },
        "2004-06": {
            "month": "2004-06",
            "price": "83.93",
            "revenue": 57144
        },
        "2004-07": {
            "month": "2004-07",
            "price": "73.32",
            "revenue": 57462
        },
        "2004-08": {
            "month": "2004-08",
            "price": "77.30",
            "revenue": 68751
        },
        "2004-09": {
            "month": "2004-09",
            "price": "63.33",
            "revenue": 63485
        },
        "2004-10": {
            "month": "2004-10",
            "price": "62.42",
            "revenue": 54140
        },
        "2004-11": {
            "month": "2004-11",
            "price": "52.58",
            "revenue": 75450
        },
        "2004-12": {
            "month": "2004-12",
            "price": "56.74",
            "revenue": 69711
        },
        "2005-01": {
            "month": "2005-01",
            "price": "54.07",
            "revenue": 84514
        },
        "2005-02": {
            "month": "2005-02",
            "price": "59.92",
            "revenue": 54448
        },
        "2005-03": {
            "month": "2005-03",
            "price": "62.64",
            "revenue": 80784
        },
        "2005-04": {
            "month": "2005-04",
            "price": "56.08",
            "revenue": 63118
        },
        "2005-05": {
            "month": "2005-05",
            "price": "50.82",
            "revenue": 60566
        },
        "2005-06": {
            "month": "2005-06",
            "price": "53.70",
            "revenue": 42506
        },
        "2005-07": {
            "month": "2005-07",
            "price": "51.45",
            "revenue": 42448
        },
        "2005-08": {
            "month": "2005-08",
            "price": "41.09",
            "revenue": 47380
        },
        "2005-09": {
            "month": "2005-09",
            "price": "34.07",
            "revenue": 49073
        },
        "2005-10": {
            "month": "2005-10",
            "price": "26.06",
            "revenue": 56256
        },
        "2005-11": {
            "month": "2005-11",
            "price": "26.68",
            "revenue": 37855
        },
        "2005-12": {
            "month": "2005-12",
            "price": "30.37",
            "revenue": 72315
        },
        "2006-01": {
            "month": "2006-01",
            "price": "28.79",
            "revenue": 65435
        },
        "2006-02": {
            "month": "2006-02",
            "price": "25.87",
            "revenue": 66524
        },
        "2006-03": {
            "month": "2006-03",
            "price": "25.41",
            "revenue": 82396
        },
        "2006-04": {
            "month": "2006-04",
            "price": "28.38",
            "revenue": 63964
        },
        "2006-05": {
            "month": "2006-05",
            "price": "26.27",
            "revenue": 57114
        },
        "2006-06": {
            "month": "2006-06",
            "price": "21.78",
            "revenue": 70169
        },
        "2006-07": {
            "month": "2006-07",
            "price": "21.54",
            "revenue": 44748
        },
        "2006-08": {
            "month": "2006-08",
            "price": "21.08",
            "revenue": 61511
        },
        "2006-09": {
            "month": "2006-09",
            "price": "17.75",
            "revenue": 49837
        },
        "2006-10": {
            "month": "2006-10",
            "price": "18.12",
            "revenue": 72634
        },
        "2006-11": {
            "month": "2006-11",
            "price": "22.83",
            "revenue": 72912
        },
        "2006-12": {
            "month": "2006-12",
            "price": "26.31",
            "revenue": 81671
        },
        "2007-01": {
            "month": "2007-01",
            "price": "26.45",
            "revenue": 92580
        },
        "2007-02": {
            "month": "2007-02",
            "price": "25.32",
            "revenue": 50092
        },
        "2007-03": {
            "month": "2007-03",
            "price": "31.93",
            "revenue": 114514
        },
        "2007-04": {
            "month": "2007-04",
            "price": "38.99",
            "revenue": 88312
        },
        "2007-05": {
            "month": "2007-05",
            "price": "40.67",
            "revenue": 82673
        },
        "2007-06": {
            "month": "2007-06",
            "price": "41.88",
            "revenue": 73642
        },
        "2007-07": {
            "month": "2007-07",
            "price": "44.02",
            "revenue": 57799
        },
        "2007-08": {
            "month": "2007-08",
            "price": "40.66",
            "revenue": 78271
        },
        "2007-09": {
            "month": "2007-09",
            "price": "37.74",
            "revenue": 59438
        },
        "2007-10": {
            "month": "2007-10",
            "price": "35.98",
            "revenue": 87692
        },
        "2007-11": {
            "month": "2007-11",
            "price": "28.84",
            "revenue": 89459
        },
        "2007-12": {
            "month": "2007-12",
            "price": "25.96",
            "revenue": 87562
        },
        "2008-01": {
            "month": "2008-01",
            "price": "23.20",
            "revenue": 91778
        },
        "2008-02": {
            "month": "2008-02",
            "price": "22.71",
            "revenue": 37975
        },
        "2008-03": {
            "month": "2008-03",
            "price": "23.37",
            "revenue": 86005
        },
        "2008-04": {
            "month": "2008-04",
            "price": "30.80",
            "revenue": 90725
        },
        "2008-05": {
            "month": "2008-05",
            "price": "31.02",
            "revenue": 76296
        },
        "2008-06": {
            "month": "2008-06",
            "price": "28.38",
            "revenue": 66272
        },
        "2008-07": {
            "month": "2008-07",
            "price": "22.45",
            "revenue": 46732
        },
        "2008-08": {
            "month": "2008-08",
            "price": "20.15",
            "revenue": 51528
        },
        "2008-09": {
            "month": "2008-09",
            "price": "17.30",
            "revenue": 52119
        },
        "2008-10": {
            "month": "2008-10",
            "price": "14.98",
            "revenue": 65405
        },
        "2008-11": {
            "month": "2008-11",
            "price": "12.56",
            "revenue": 56621
        },
        "2008-12": {
            "month": "2008-12",
            "price": "12.34",
            "revenue": 59659
        },
        "2009-01": {
            "month": "2009-01",
            "price": "12.57",
            "revenue": 30131
        },
        "2009-02": {
            "month": "2009-02",
            "price": "13.03",
            "revenue": 40900
        },
        "2009-03": {
            "month": "2009-03",
            "price": "14.69",
            "revenue": 74621
        },
        "2009-04": {
            "month": "2009-04",
            "price": "17.19",
            "revenue": 72228
        },
        "2009-05": {
            "month": "2009-05",
            "price": "18.18",
            "revenue": 62099
        },
        "2009-06": {
            "month": "2009-06",
            "price": "17.48",
            "revenue": 87455
        },
        "2009-07": {
            "month": "2009-07",
            "price": "18.36",
            "revenue": 51675
        },
        "2009-08": {
            "month": "2009-08",
            "price": "19.42",
            "revenue": 85704
        },
        "2009-09": {
            "month": "2009-09",
            "price": "21.68",
            "revenue": 70613
        },
        "2009-10": {
            "month": "2009-10",
            "price": "24.96",
            "revenue": 54131
        },
        "2009-11": {
            "month": "2009-11",
            "price": "23.88",
            "revenue": 74269
        },
        "2009-12": {
            "month": "2009-12",
            "price": "25.39",
            "revenue": 77289
        },
        "2010-01": {
            "month": "2010-01",
            "price": "26.90",
            "revenue": 67750
        },
        "2010-02": {
            "month": "2010-02",
            "price": "23.64",
            "revenue": 50731
        },
        "2010-03": {
            "month": "2010-03",
            "price": "25.89",
            "revenue": 75713
        },
        "2010-04": {
            "month": "2010-04",
            "price": "25.36",
            "revenue": 65294
        },
        "2010-05": {
            "month": "2010-05",
            "price": "23.41",
            "revenue": 77351
        },
        "2010-06": {
            "month": "2010-06",
            "price": "23.02",
            "revenue": 70396
        },
        "2010-07": {
            "month": "2010-07",
            "price": "23.49",
            "revenue": 68896
        },
        "2010-08": {
            "month": "2010-08",
            "price": "24.43",
            "revenue": 68984
        },
        "2010-09": {
            "month": "2010-09",
            "price": "22.91",
            "revenue": 84716
        },
        "2010-10": {
            "month": "2010-10",
            "price": "21.90",
            "revenue": 70417
        },
        "2010-11": {
            "month": "2010-11",
            "price": "21.54",
            "revenue": 98162
        },
        "2010-12": {
            "month": "2010-12",
            "price": "22.42",
            "revenue": 62888
        },
        "2011-01": {
            "month": "2011-01",
            "price": "21.90",
            "revenue": 64724
        },
        "2011-02": {
            "month": "2011-02",
            "price": "21.05",
            "revenue": 30411
        },
        "2011-03": {
            "month": "2011-03",
            "price": "19.76",
            "revenue": 85250
        },
        "2011-04": {
            "month": "2011-04",
            "price": "20.05",
            "revenue": 63796
        },
        "2011-05": {
            "month": "2011-05",
            "price": "19.90",
            "revenue": 62880
        },
        "2011-06": {
            "month": "2011-06",
            "price": "19.30",
            "revenue": 82709
        },
        "2011-07": {
            "month": "2011-07",
            "price": "18.61",
            "revenue": 74886
        },
        "2011-08": {
            "month": "2011-08",
            "price": "15.94",
            "revenue": 62777
        },
        "2011-09": {
            "month": "2011-09",
            "price": "16.25",
            "revenue": 68801
        },
        "2011-10": {
            "month": "2011-10",
            "price": "16.39",
            "revenue": 53297
        },
        "2011-11": {
            "month": "2011-11",
            "price": "16.46",
            "revenue": 76883
        },
        "2011-12": {
            "month": "2011-12",
            "price": "15.54",
            "revenue": 87116
        },
        "2012-01": {
            "month": "2012-01",
            "price": "15.56",
            "revenue": 32129
        },
        "2012-02": {
            "month": "2012-02",
            "price": "17.48",
            "revenue": 66889
        },
        "2012-03": {
            "month": "2012-03",
            "price": "19.63",
            "revenue": 88821
        },
        "2012-04": {
            "month": "2012-04",
            "price": "23.01",
            "revenue": 72905
        },
        "2012-05": {
            "month": "2012-05",
            "price": "21.80",
            "revenue": 71364
        },
        "2012-06": {
            "month": "2012-06",
            "price": "21.31",
            "revenue": 66048
        },
        "2012-07": {
            "month": "2012-07",
            "price": "21.89",
            "revenue": 72236
        },
        "2012-08": {
            "month": "2012-08",
            "price": "20.73",
            "revenue": 60142
        },
        "2012-09": {
            "month": "2012-09",
            "price": "19.33",
            "revenue": 64194
        },
        "2012-10": {
            "month": "2012-10",
            "price": "17.38",
            "revenue": 47378
        },
        "2012-11": {
            "month": "2012-11",
            "price": "16.67",
            "revenue": 71993
        },
        "2012-12": {
            "month": "2012-12",
            "price": "17.25",
            "revenue": 59912
        },
        "2013-01": {
            "month": "2013-01",
            "price": "17.54",
            "revenue": 60634
        },
        "2013-02": {
            "month": "2013-02",
            "price": "18.39",
            "revenue": 53868
        },
        "2013-03": {
            "month": "2013-03",
            "price": "18.77",
            "revenue": 79042
        },
        "2013-04": {
            "month": "2013-04",
            "price": "18.57",
            "revenue": 75292
        },
        "2013-05": {
            "month": "2013-05",
            "price": "21.20",
            "revenue": 54374
        },
        "2013-06": {
            "month": "2013-06",
            "price": "20.83",
            "revenue": 59842
        },
        "2013-07": {
            "month": "2013-07",
            "price": "20.27",
            "revenue": 70652
        },
        "2013-08": {
            "month": "2013-08",
            "price": "19.62",
            "revenue": 59399
        },
        "2013-09": {
            "month": "2013-09",
            "price": "18.90",
            "revenue": 76070
        },
        "2013-10": {
            "month": "2013-10",
            "price": "20.00",
            "revenue": 76376
        },
        "2013-11": {
            "month": "2013-11",
            "price": "20.25",
            "revenue": 77362
        },
        "2013-12": {
            "month": "2013-12",
            "price": "22.20",
            "revenue": 85293
        },
        "2014-01": {
            "month": "2014-01",
            "price": "25.16",
            "revenue": 73516
        },
        "2014-02": {
            "month": "2014-02",
            "price": "26.12",
            "revenue": 79245
        },
        "2014-03": {
            "month": "2014-03",
            "price": "27.69",
            "revenue": 82972
        },
        "2014-04": {
            "month": "2014-04",
            "price": "31.41",
            "revenue": 84983
        },
        "2014-05": {
            "month": "2014-05",
            "price": "29.12",
            "revenue": 80848
        },
        "2014-06": {
            "month": "2014-06",
            "price": "30.52",
            "revenue": 92113
        },
        "2014-07": {
            "month": "2014-07",
            "price": "30.80",
            "revenue": 83239
        },
        "2014-08": {
            "month": "2014-08",
            "price": "30.42",
            "revenue": 92386
        },
        "2014-09": {
            "month": "2014-09",
            "price": "28.97",
            "revenue": 89974
        },
        "2014-10": {
            "month": "2014-10",
            "price": "26.52",
            "revenue": 90805
        },
        "2014-11": {
            "month": "2014-11",
            "price": "25.40",
            "revenue": 82163
        },
        "2014-12": {
            "month": "2014-12",
            "price": "25.40",
            "revenue": 99321
        },
        "2015-01": {
            "month": "2015-01",
            "price": "26.24",
            "revenue": 75916
        },
        "2015-02": {
            "month": "2015-02",
            "price": "25.93",
            "revenue": 63329
        },
        "2015-03": {
            "month": "2015-03",
            "price": "26.40",
            "revenue": 125801
        },
        "2015-04": {
            "month": "2015-04",
            "price": "29.70",
            "revenue": 122410
        },
        "2015-05": {
            "month": "2015-05",
            "price": "30.10",
            "revenue": 116263
        },
        "2015-06": {
            "month": "2015-06",
            "price": "28.53",
            "revenue": 107607
        },
        "2015-07": {
            "month": "2015-07",
            "price": "28.38",
            "revenue": 76816
        },
        "2015-08": {
            "month": "2015-08",
            "price": "25.26",
            "revenue": 95669
        },
        "2015-09": {
            "month": "2015-09",
            "price": "25.23",
            "revenue": 88226
        },
        "2015-10": {
            "month": "2015-10",
            "price": "26.79",
            "revenue": 71032
        },
        "2015-11": {
            "month": "2015-11",
            "price": "28.18",
            "revenue": 72808
        },
        "2015-12": {
            "month": "2015-12",
            "price": "27.08",
            "revenue": 73683
        },
        "2016-01": {
            "month": "2016-01",
            "price": "25.75",
            "revenue": 96200
        },
        "2016-02": {
            "month": "2016-02",
            "price": "27.49",
            "revenue": 78878
        },
        "2016-03": {
            "month": "2016-03",
            "price": "29.34",
            "revenue": 127114
        },
        "2016-04": {
            "month": "2016-04",
            "price": "30.91",
            "revenue": 98736
        },
        "2016-05": {
            "month": "2016-05",
            "price": "29.78",
            "revenue": 110762
        },
        "2016-06": {
            "month": "2016-06",
            "price": "29.63",
            "revenue": 90215
        },
        "2016-07": {
            "month": "2016-07",
            "price": "29.79",
            "revenue": 85631
        },
        "2016-08": {
            "month": "2016-08",
            "price": "28.88",
            "revenue": 79833
        },
        "2016-09": {
            "month": "2016-09",
            "price": "28.64",
            "revenue": 94229
        },
        "2016-10": {
            "month": "2016-10",
            "price": "28.75",
            "revenue": 99729
        },
        "2016-11": {
            "month": "2016-11",
            "price": "29.23",
            "revenue": 72519
        },
        "2016-12": {
            "month": "2016-12",
            "price": "29.71",
            "revenue": 109394
        },
        "2017-01": {
            "month": "2017-01",
            "price": "31.19",
            "revenue": 72929
        },
        "2017-02": {
            "month": "2017-02",
            "price": "33.10",
            "revenue": 88679
        },
        "2017-03": {
            "month": "2017-03",
            "price": "33.55",
            "revenue": 94087
        },
        "2017-04": {
            "month": "2017-04",
            "price": "32.74",
            "revenue": 78305
        },
        "2017-05": {
            "month": "2017-05",
            "price": "31.96",
            "revenue": 77223
        },
        "2017-06": {
            "month": "2017-06",
            "price": "31.77",
            "revenue": 106532
        },
        "2017-07": {
            "month": "2017-07",
            "price": "32.46",
            "revenue": 55849
        },
        "2017-08": {
            "month": "2017-08",
            "price": "31.39",
            "revenue": 57318
        },
        "2017-09": {
            "month": "2017-09",
            "price": "29.01",
            "revenue": 96280
        },
        "2017-10": {
            "month": "2017-10",
            "price": "28.94",
            "revenue": 71779
        },
        "2017-11": {
            "month": "2017-11",
            "price": "28.74",
            "revenue": 78283
        },
        "2017-12": {
            "month": "2017-12",
            "price": "28.46",
            "revenue": 104167
        },
        "2018-01": {
            "month": "2018-01",
            "price": "28.99",
            "revenue": 65039
        },
        "2018-02": {
            "month": "2018-02",
            "price": "28.41",
            "revenue": 69074
        },
        "2018-03": {
            "month": "2018-03",
            "price": "28.52",
            "revenue": 92453
        },
        "2018-04": {
            "month": "2018-04",
            "price": "28.76",
            "revenue": 100520
        },
        "2018-05": {
            "month": "2018-05",
            "price": "29.12",
            "revenue": 85092
        },
        "2018-06": {
            "month": "2018-06",
            "price": "29.54",
            "revenue": 89561
        },
        "2018-07": {
            "month": "2018-07",
            "price": "29.68",
            "revenue": 54247
        },
        "2018-08": {
            "month": "2018-08",
            "price": "29.52",
            "revenue": 91016
        },
        "2018-09": {
            "month": "2018-09",
            "price": "28.12",
            "revenue": 83281
        },
        "2018-10": {
            "month": "2018-10",
            "price": "27.00",
            "revenue": 95237
        },
        "2018-11": {
            "month": "2018-11",
            "price": "26.96",
            "revenue": 88802
        },
        "2018-12": {
            "month": "2018-12",
            "price": "27.70",
            "revenue": 71821
        },
        "2019-01": {
            "month": "2019-01",
            "price": "27.73",
            "revenue": 63635
        },
        "2019-02": {
            "month": "2019-02",
            "price": "28.26",
            "revenue": 58884
        },
        "2019-03": {
            "month": "2019-03",
            "price": "28.85",
            "revenue": 68839
        },
        "2019-04": {
            "month": "2019-04",
            "price": "28.98",
            "revenue": 77462
        },
        "2019-05": {
            "month": "2019-05",
            "price": "28.31",
            "revenue": 74630
        },
        "2019-06": {
            "month": "2019-06",
            "price": "28.33",
            "revenue": 94539
        },
        "2019-07": {
            "month": "2019-07",
            "price": "28.87",
            "revenue": 93729
        },
        "2019-08": {
            "month": "2019-08",
            "price": "28.79",
            "revenue": 82694
        },
        "2019-09": {
            "month": "2019-09",
            "price": "27.90",
            "revenue": 70726
        },
        "2019-10": {
            "month": "2019-10",
            "price": "27.85",
            "revenue": 73813
        },
        "2019-11": {
            "month": "2019-11",
            "price": "27.88",
            "revenue": 76917
        },
        "2019-12": {
            "month": "2019-12",
            "price": "27.94",
            "revenue": 85465
        },
        "2020-01": {
            "month": "2020-01",
            "price": "27.88",
            "revenue": 39748
        },
        "2020-02": {
            "month": "2020-02",
            "price": "27.56",
            "revenue": 82505
        },
        "2020-03": {
            "month": "2020-03",
            "price": "24.87",
            "revenue": 96477
        },
        "2020-04": {
            "month": "2020-04",
            "price": "26.53",
            "revenue": 65306
        },
        "2020-05": {
            "month": "2020-05",
            "price": "27.42",
            "revenue": 68410
        },
        "2020-06": {
            "month": "2020-06",
            "price": "27.69",
            "revenue": 57502
        },
        "2020-07": {
            "month": "2020-07",
            "price": "27.78",
            "revenue": 55854
        },
        "2020-08": {
            "month": "2020-08",
            "price": "27.05",
            "revenue": 86746
        },
        "2020-09": {
            "month": "2020-09",
            "price": "25.59",
            "revenue": 76604
        },
        "2020-10": {
            "month": "2020-10",
            "price": "25.40",
            "revenue": 57234
        },
        "2020-11": {
            "month": "2020-11",
            "price": "25.28",
            "revenue": 75608
        },
        "2020-12": {
            "month": "2020-12",
            "price": "25.89",
            "revenue": 79251
        },
        "2021-01": {
            "month": "2021-01",
            "price": "25.33",
            "revenue": 76611
        },
        "2021-02": {
            "month": "2021-02",
            "price": "25.15",
            "revenue": 60543
        },
        "2021-03": {
            "month": "2021-03",
            "price": "25.68",
            "revenue": 78559
        },
        "2021-04": {
            "month": "2021-04",
            "price": "26.12",
            "revenue": 68009
        },
        "2021-05": {
            "month": "2021-05",
            "price": "25.27",
            "revenue": 79488
        },
        "2021-06": {
            "month": "2021-06",
            "price": "25.36",
            "revenue": 66831
        },
        "2021-07": {
            "month": "2021-07",
            "price": "25.85",
            "revenue": 79014
        },
        "2021-08": {
            "month": "2021-08",
            "price": "25.74",
            "revenue": 66900
        },
        "2021-09": {
            "month": "2021-09",
            "price": "24.81",
            "revenue": 91085
        },
        "2021-10": {
            "month": "2021-10",
            "price": "25.55",
            "revenue": 80769
        },
        "2021-11": {
            "month": "2021-11",
            "price": "27.62",
            "revenue": 85800
        },
        "2021-12": {
            "month": "2021-12",
            "price": "27.15",
            "revenue": 97405
        },
        "2022-01": {
            "month": "2022-01",
            "price": "27.13",
            "revenue": 84233
        },
        "2022-02": {
            "month": "2022-02",
            "price": "26.82",
            "revenue": 73197
        },
        "2022-03": {
            "month": "2022-03",
            "price": "26.88",
            "revenue": 133472
        },
        "2022-04": {
            "month": "2022-04",
            "price": "29.98",
            "revenue": 99868
        },
        "2022-05": {
            "month": "2022-05",
            "price": "29.01",
            "revenue": 121254
        },
        "2022-06": {
            "month": "2022-06",
            "price": "30.76",
            "revenue": 80646
        },
        "2022-07": {
            "month": "2022-07",
            "price": "29.50",
            "revenue": 56370
        },
        "2022-08": {
            "month": "2022-08",
            "price": "31.65",
            "revenue": 47227
        },
        "2022-09": {
            "month": "2022-09",
            "price": "28.04",
            "revenue": 37818
        },
        "2022-10": {
            "month": "2022-10",
            "price": "25.10",
            "revenue": 54474
        },
        "2022-11": {
            "month": "2022-11",
            "price": "25.62",
            "revenue": 49135
        },
        "2022-12": {
            "month": "2022-12",
            "price": "25.68",
            "revenue": 61594
        },
        "2023-01": {
            "month": "2023-01",
            "price": "25.54",
            "revenue": 33787
        },
        "2023-02": {
            "month": "2023-02",
            "price": "26.21",
            "revenue": 66855
        },
        "2023-03": {
            "month": "2023-03",
            "price": "27.20",
            "revenue": 44735
        },
        "2023-04": {
            "month": "2023-04",
            "price": "26.71",
            "revenue": 75013
        }
    }
}
