{
    "summary": {
        "stock_name": "中探針",
        "stock_id": "6217",
        "category": "電子零組件",
        "main_business": "各種精密探針製造及加工買賣、各種探針用測試治具之研發製造銷售<br>電子零組件、有線及無線電通信機械器材製造業、電子材料買賣<br>有關進出口貿易業務之經營",
        "website_url": "https://www.ccpcontactprobes.com/",
        "ceo": "蔡伯晨",
        "pe_ratio": -120,
        "report_year_from": 2001,
        "report_year_to": 2023,
        "age": 23,
        "eps_negative_percentage": 17,
        "eps_growth_avg": {
            "last_all": -0.57,
            "last_2y": -8.64,
            "last_4y": 5.38,
            "last_8y": -6.55,
            "last_12y": 1.36,
            "last_16y": 1.18,
            "last_20y": -6.49,
            "at_2006_last_3y": -63.98,
            "at_2007_last_3y": -100,
            "at_2008_last_3y": -100,
            "at_2009_last_3y": -100,
            "at_2010_last_3y": 0,
            "at_2011_last_3y": 31.25,
            "at_2012_last_3y": 19.85,
            "at_2013_last_3y": 28.43,
            "at_2014_last_3y": 19.15,
            "at_2015_last_3y": 32.78,
            "at_2016_last_3y": 25.21,
            "at_2017_last_3y": 8.84,
            "at_2018_last_3y": -21.46,
            "at_2019_last_3y": -14.14,
            "at_2020_last_3y": -4.21,
            "at_2021_last_3y": 18.38,
            "at_2022_last_3y": 30.79,
            "at_2023_last_3y": -4.86,
            "at_2024_last_3y": -4.86,
            "at_2006_last_all": -9.32,
            "at_2007_last_all": -31.99,
            "at_2008_last_all": -31.99,
            "at_2009_last_all": -31.99,
            "at_2010_last_all": -5.59,
            "at_2011_last_all": -10.91,
            "at_2012_last_all": -9.78,
            "at_2013_last_all": -1.78,
            "at_2014_last_all": 5.4,
            "at_2015_last_all": 6.57,
            "at_2016_last_all": 2.95,
            "at_2017_last_all": 1.76,
            "at_2018_last_all": -2.86,
            "at_2019_last_all": 0.65,
            "at_2020_last_all": 1.04,
            "at_2021_last_all": 5.92,
            "at_2022_last_all": 5.06,
            "at_2023_last_all": -0.57,
            "at_2024_last_all": -0.57
        },
        "latest_eps": -0.41,
        "latest_price": 49.35,
        "latest_roe": -0.3,
        "latest_gross_margin": 28.39,
        "latest_equity": 2858093,
        "latest_revenue": 739490,
        "latest_gross_profit": 209938,
        "latest_net_income": -21207,
        "latest_debt_ratio": 44.61,
        "latest_current_ratio": 204.31,
        "latest_account_receivable_turnover_ratio": 0.85,
        "latest_inventory_turnover_ratio": 1.3,
        "latest_reinvestment_rate": 231.72,
        "latest_research_to_sale_ratio": 7.91
    },
    "eps_dividends": {
        "2001": {
            "cash": 0,
            "stock": 0,
            "eps": 0.97
        },
        "2002": {
            "cash": 0,
            "stock": 0.2,
            "eps": 3.29
        },
        "2003": {
            "cash": 1.2,
            "stock": 0.8,
            "eps": 2.37
        },
        "2004": {
            "cash": 1,
            "stock": 1,
            "eps": -0.8
        },
        "2005": {
            "cash": 0,
            "stock": 0,
            "eps": -1.75
        },
        "2006": {
            "cash": 0,
            "stock": 0,
            "eps": 0.32
        },
        "2007": {
            "cash": 0,
            "stock": 0,
            "eps": -0.58
        },
        "2008": {
            "cash": 0,
            "stock": 0,
            "eps": -0.39
        },
        "2009": {
            "cash": 0,
            "stock": 0,
            "eps": 0.82
        },
        "2010": {
            "cash": 0,
            "stock": 0,
            "eps": 2.16
        },
        "2011": {
            "cash": 0.1,
            "stock": 0.3,
            "eps": 1.35
        },
        "2012": {
            "cash": 0.1,
            "stock": 0.5,
            "eps": 1.31
        },
        "2013": {
            "cash": 0.6,
            "stock": 0.1,
            "eps": 2.02
        },
        "2014": {
            "cash": 0.7,
            "stock": 0.1,
            "eps": 3.29
        },
        "2015": {
            "cash": 2,
            "stock": 0.1,
            "eps": 3.85
        },
        "2016": {
            "cash": 2.4,
            "stock": 0.4,
            "eps": 2.57
        },
        "2017": {
            "cash": 1.7,
            "stock": 0.1,
            "eps": 2.28
        },
        "2018": {
            "cash": 1.6,
            "stock": 0,
            "eps": 0.95
        },
        "2019": {
            "cash": 0.7,
            "stock": 0,
            "eps": 1.39
        },
        "2020": {
            "cash": 1,
            "stock": 0,
            "eps": 1.48
        },
        "2021": {
            "cash": 1.05,
            "stock": 0,
            "eps": 2.65
        },
        "2022": {
            "cash": 1.8,
            "stock": 0,
            "eps": 2.42
        },
        "2023": {
            "cash": 1.5,
            "stock": 0,
            "eps": 0.09
        }
    },
    "dividends": {
        "2002-06-27": {
            "cash": 0,
            "stock": 0.2
        },
        "2003-05-06": {
            "cash": 1.2,
            "stock": 0.8
        },
        "2004-03-26": {
            "cash": 1,
            "stock": 1
        },
        "2011-04-29": {
            "cash": 0.1,
            "stock": 0.3
        },
        "2012-06-26": {
            "cash": 0.1,
            "stock": 0.5
        },
        "2013-06-21": {
            "cash": 0.6,
            "stock": 0.1
        },
        "2014-09-24": {
            "cash": 0.7,
            "stock": 0.1
        },
        "2015-10-08": {
            "cash": 2,
            "stock": 0.1
        },
        "2016-09-08": {
            "cash": 2.4,
            "stock": 0.4
        },
        "2017-09-26": {
            "cash": 1.7,
            "stock": 0.1
        },
        "2018-07-27": {
            "cash": 1.6,
            "stock": 0
        },
        "2019-08-16": {
            "cash": 0.7,
            "stock": 0
        },
        "2020-07-31": {
            "cash": 1,
            "stock": 0
        },
        "2021-08-18": {
            "cash": 1.05,
            "stock": 0
        },
        "2022-08-05": {
            "cash": 1.8,
            "stock": 0
        },
        "2023-08-09": {
            "cash": 1.5,
            "stock": 0
        }
    },
    "prices": {
        "200101": "無",
        "200102": "無",
        "200103": "無",
        "200104": "無",
        "200105": "無",
        "200106": "無",
        "200107": "無",
        "200108": "無",
        "200109": "無",
        "200110": "無",
        "200111": "無",
        "200112": "無",
        "200201": "無",
        "200202": "無",
        "200203": "無",
        "200204": "無",
        "200205": "無",
        "200206": "無",
        "200207": "無",
        "200208": "無",
        "200209": "無",
        "200210": "無",
        "200211": "無",
        "200212": "無",
        "200301": "33.68",
        "200302": "35.71",
        "200303": "35.42",
        "200304": "34.18",
        "200305": "31.80",
        "200306": "31.86",
        "200307": "31.82",
        "200308": "31.49",
        "200309": "29.86",
        "200310": "30.54",
        "200311": "32.85",
        "200312": "29.95",
        "200401": "28.95",
        "200402": "29.70",
        "200403": "30.62",
        "200404": "29.31",
        "200405": "24.44",
        "200406": "25.53",
        "200407": "21.53",
        "200408": "19.94",
        "200409": "21.96",
        "200410": "24.14",
        "200411": "18.78",
        "200412": "15.51",
        "200501": "12.78",
        "200502": "12.05",
        "200503": "12.27",
        "200504": "9.51",
        "200505": "6.91",
        "200506": "8.80",
        "200507": "12.80",
        "200508": "11.44",
        "200509": "10.66",
        "200510": "11.33",
        "200511": "12.60",
        "200512": "11.95",
        "200601": "11.10",
        "200602": "10.42",
        "200603": "12.01",
        "200604": "15.94",
        "200605": "14.89",
        "200606": "12.93",
        "200607": "12.29",
        "200608": "11.91",
        "200609": "11.29",
        "200610": "12.17",
        "200611": "14.21",
        "200612": "13.70",
        "200701": "13.67",
        "200702": "13.45",
        "200703": "14.35",
        "200704": "14.34",
        "200705": "13.60",
        "200706": "14.01",
        "200707": "16.24",
        "200708": "14.42",
        "200709": "13.11",
        "200710": "11.80",
        "200711": "9.25",
        "200712": "7.79",
        "200801": "6.98",
        "200802": "7.28",
        "200803": "8.25",
        "200804": "8.65",
        "200805": "8.56",
        "200806": "7.87",
        "200807": "7.09",
        "200808": "7.11",
        "200809": "6.25",
        "200810": "6.26",
        "200811": "4.64",
        "200812": "4.12",
        "200901": "3.95",
        "200902": "3.93",
        "200903": "4.63",
        "200904": "6.04",
        "200905": "6.86",
        "200906": "7.73",
        "200907": "11.65",
        "200908": "15.67",
        "200909": "18.51",
        "200910": "20.66",
        "200911": "19.84",
        "200912": "20.89",
        "201001": "22.06",
        "201002": "23.88",
        "201003": "36.12",
        "201004": "62.57",
        "201005": "59.21",
        "201006": "48.99",
        "201007": "54.86",
        "201008": "51.92",
        "201009": "41.87",
        "201010": "38.95",
        "201011": "33.31",
        "201012": "39.23",
        "201101": "40.90",
        "201102": "42.46",
        "201103": "46.40",
        "201104": "45.14",
        "201105": "41.03",
        "201106": "35.78",
        "201107": "31.25",
        "201108": "26.66",
        "201109": "31.95",
        "201110": "29.30",
        "201111": "32.85",
        "201112": "26.26",
        "201201": "26.44",
        "201202": "41.22",
        "201203": "43.78",
        "201204": "37.08",
        "201205": "40.13",
        "201206": "40.32",
        "201207": "42.45",
        "201208": "42.46",
        "201209": "46.15",
        "201210": "43.57",
        "201211": "39.24",
        "201212": "35.90",
        "201301": "35.17",
        "201302": "35.35",
        "201303": "33.40",
        "201304": "29.16",
        "201305": "29.69",
        "201306": "27.76",
        "201307": "24.78",
        "201308": "26.09",
        "201309": "26.63",
        "201310": "26.87",
        "201311": "25.77",
        "201312": "26.73",
        "201401": "36.82",
        "201402": "35.98",
        "201403": "39.48",
        "201404": "38.95",
        "201405": "42.86",
        "201406": "43.88",
        "201407": "40.79",
        "201408": "37.84",
        "201409": "38.77",
        "201410": "34.70",
        "201411": "36.20",
        "201412": "43.13",
        "201501": "48.46",
        "201502": "47.65",
        "201503": "45.34",
        "201504": "49.76",
        "201505": "45.03",
        "201506": "44.26",
        "201507": "50.32",
        "201508": "44.14",
        "201509": "44.80",
        "201510": "47.45",
        "201511": "48.11",
        "201512": "47.60",
        "201601": "40.44",
        "201602": "43.21",
        "201603": "45.06",
        "201604": "43.49",
        "201605": "39.75",
        "201606": "39.45",
        "201607": "39.70",
        "201608": "38.01",
        "201609": "39.96",
        "201610": "39.52",
        "201611": "35.16",
        "201612": "36.33",
        "201701": "36.32",
        "201702": "37.29",
        "201703": "38.32",
        "201704": "37.25",
        "201705": "34.65",
        "201706": "35.56",
        "201707": "36.24",
        "201708": "37.73",
        "201709": "36.86",
        "201710": "36.47",
        "201711": "34.65",
        "201712": "33.32",
        "201801": "33.94",
        "201802": "30.57",
        "201803": "31.54",
        "201804": "30.74",
        "201805": "28.52",
        "201806": "29.08",
        "201807": "26.16",
        "201808": "25.06",
        "201809": "21.72",
        "201810": "19.88",
        "201811": "19.13",
        "201812": "19.88",
        "201901": "19.18",
        "201902": "20.93",
        "201903": "22.17",
        "201904": "27.02",
        "201905": "33.67",
        "201906": "33.77",
        "201907": "35.15",
        "201908": "37.34",
        "201909": "39.89",
        "201910": "37.22",
        "201911": "37.66",
        "201912": "38.29",
        "202001": "36.53",
        "202002": "32.48",
        "202003": "24.68",
        "202004": "27.60",
        "202005": "31.16",
        "202006": "31.15",
        "202007": "34.15",
        "202008": "31.47",
        "202009": "34.89",
        "202010": "34.98",
        "202011": "33.73",
        "202012": "33.61",
        "202101": "37.61",
        "202102": "35.58",
        "202103": "38.15",
        "202104": "42.98",
        "202105": "34.93",
        "202106": "36.05",
        "202107": "39.91",
        "202108": "40.15",
        "202109": "47.73",
        "202110": "50.98",
        "202111": "58.08",
        "202112": "52.72",
        "202201": "52.55",
        "202202": "54.59",
        "202203": "54.00",
        "202204": "59.73",
        "202205": "57.85",
        "202206": "64.58",
        "202207": "60.60",
        "202208": "59.88",
        "202209": "48.57",
        "202210": "40.43",
        "202211": "42.33",
        "202212": "44.52",
        "202301": "42.83",
        "202302": "46.46",
        "202303": "45.95",
        "202304": "45.56",
        "202305": "42.80",
        "202306": "46.09",
        "202307": "48.99",
        "202308": "44.94",
        "202309": "45.32",
        "202310": "42.38",
        "202311": "41.24",
        "202312": "41.21"
    },
    "quarters": {
        "20011": {
            "year_quarter": 20011,
            "year": 2001,
            "quarter": 1,
            "eps": null,
            "eps_growth_year": null,
            "eps_4q": null,
            "eps_4q_growth_year": null,
            "roe": null,
            "roe_4q": 0,
            "gross_profit": null,
            "gross_margin": null,
            "gross_margin_4q_avg": 0,
            "net_income": null,
            "net_income_4q": null,
            "revenue": null,
            "revenue_4q": null,
            "common_shares": null,
            "book_valuer_per_share": null,
            "book_valuer_per_share_4q_avg": 0,
            "equity": null,
            "current_ratio": null,
            "debt_ratio": null,
            "inventory_turnover_ratio": null,
            "account_receivable_turnover_ratio": null,
            "reinvestment_rate": null,
            "research_to_sale_ratio": null,
            "price_fair": 0,
            "eps_avg_yearly": 0,
            "eps_latest_yearly": 0,
            "eps_growth_yearly": 0
        },
        "20012": {
            "year_quarter": 20012,
            "year": 2001,
            "quarter": 2,
            "eps": null,
            "eps_growth_year": null,
            "eps_4q": null,
            "eps_4q_growth_year": null,
            "roe": null,
            "roe_4q": 0,
            "gross_profit": null,
            "gross_margin": null,
            "gross_margin_4q_avg": 0,
            "net_income": null,
            "net_income_4q": null,
            "revenue": null,
            "revenue_4q": null,
            "common_shares": null,
            "book_valuer_per_share": null,
            "book_valuer_per_share_4q_avg": 0,
            "equity": null,
            "current_ratio": null,
            "debt_ratio": null,
            "inventory_turnover_ratio": null,
            "account_receivable_turnover_ratio": null,
            "reinvestment_rate": null,
            "research_to_sale_ratio": null,
            "price_fair": 0,
            "eps_avg_yearly": 0,
            "eps_latest_yearly": 0,
            "eps_growth_yearly": 0
        },
        "20013": {
            "year_quarter": 20013,
            "year": 2001,
            "quarter": 3,
            "eps": 0.3,
            "eps_growth_year": null,
            "eps_4q": null,
            "eps_4q_growth_year": null,
            "roe": 2.43,
            "roe_4q": 2.43,
            "gross_profit": 20210,
            "gross_margin": 35.13,
            "gross_margin_4q_avg": 11.71,
            "net_income": 5734,
            "net_income_4q": null,
            "revenue": 57530,
            "revenue_4q": null,
            "common_shares": 192227,
            "book_valuer_per_share": 12.28,
            "book_valuer_per_share_4q_avg": 4.09,
            "equity": 236041,
            "current_ratio": 344.5,
            "debt_ratio": 26.26,
            "inventory_turnover_ratio": 0.38,
            "account_receivable_turnover_ratio": null,
            "reinvestment_rate": null,
            "research_to_sale_ratio": null,
            "price_fair": 0,
            "eps_avg_yearly": 0,
            "eps_latest_yearly": 0,
            "eps_growth_yearly": 0
        },
        "20014": {
            "year_quarter": 20014,
            "year": 2001,
            "quarter": 4,
            "eps": 0.67,
            "eps_growth_year": null,
            "eps_4q": null,
            "eps_4q_growth_year": null,
            "roe": 5.22,
            "roe_4q": 7.65,
            "gross_profit": 16902,
            "gross_margin": 26.09,
            "gross_margin_4q_avg": 15.31,
            "net_income": 12965,
            "net_income_4q": null,
            "revenue": 64776,
            "revenue_4q": null,
            "common_shares": 192227,
            "book_valuer_per_share": 13.56,
            "book_valuer_per_share_4q_avg": 6.46,
            "equity": 260743,
            "current_ratio": 355.71,
            "debt_ratio": 31.12,
            "inventory_turnover_ratio": 0.5,
            "account_receivable_turnover_ratio": null,
            "reinvestment_rate": null,
            "research_to_sale_ratio": null,
            "price_fair": 0,
            "eps_avg_yearly": 0,
            "eps_latest_yearly": 0,
            "eps_growth_yearly": 0
        },
        "20021": {
            "year_quarter": 20021,
            "year": 2002,
            "quarter": 1,
            "eps": 0.24,
            "eps_growth_year": null,
            "eps_4q": null,
            "eps_4q_growth_year": null,
            "roe": 1.79,
            "roe_4q": 9.44,
            "gross_profit": 22312,
            "gross_margin": 31.24,
            "gross_margin_4q_avg": 23.12,
            "net_income": 4711,
            "net_income_4q": null,
            "revenue": 71429,
            "revenue_4q": null,
            "common_shares": 192227,
            "book_valuer_per_share": 13.81,
            "book_valuer_per_share_4q_avg": 9.91,
            "equity": 265444,
            "current_ratio": 362.65,
            "debt_ratio": 29.45,
            "inventory_turnover_ratio": 0.56,
            "account_receivable_turnover_ratio": null,
            "reinvestment_rate": null,
            "research_to_sale_ratio": null,
            "price_fair": 2.88,
            "eps_avg_yearly": 0.96,
            "eps_latest_yearly": 0.96,
            "eps_growth_yearly": -256.72
        },
        "20022": {
            "year_quarter": 20022,
            "year": 2002,
            "quarter": 2,
            "eps": 0.72,
            "eps_growth_year": null,
            "eps_4q": 1.94,
            "eps_4q_growth_year": null,
            "roe": 5.32,
            "roe_4q": 14.76,
            "gross_profit": 37374,
            "gross_margin": 34.52,
            "gross_margin_4q_avg": 31.75,
            "net_income": 13762,
            "net_income_4q": null,
            "revenue": 108254,
            "revenue_4q": null,
            "common_shares": 192227,
            "book_valuer_per_share": 13.1,
            "book_valuer_per_share_4q_avg": 13.19,
            "equity": 251890,
            "current_ratio": 249.97,
            "debt_ratio": 36.81,
            "inventory_turnover_ratio": 0.85,
            "account_receivable_turnover_ratio": null,
            "reinvestment_rate": null,
            "research_to_sale_ratio": null,
            "price_fair": 67.2,
            "eps_avg_yearly": 1.92,
            "eps_latest_yearly": 2.88,
            "eps_growth_yearly": 271.64
        },
        "20023": {
            "year_quarter": 20023,
            "year": 2002,
            "quarter": 3,
            "eps": 1.13,
            "eps_growth_year": 276.67,
            "eps_4q": 2.7,
            "eps_4q_growth_year": null,
            "roe": 8.58,
            "roe_4q": 20.91,
            "gross_profit": 43772,
            "gross_margin": 38.81,
            "gross_margin_4q_avg": 32.67,
            "net_income": 22617,
            "net_income_4q": null,
            "revenue": 112799,
            "revenue_4q": null,
            "common_shares": 192227,
            "book_valuer_per_share": 14.33,
            "book_valuer_per_share_4q_avg": 13.7,
            "equity": 275421,
            "current_ratio": 284.34,
            "debt_ratio": 33.85,
            "inventory_turnover_ratio": 0.77,
            "account_receivable_turnover_ratio": null,
            "reinvestment_rate": null,
            "research_to_sale_ratio": null,
            "price_fair": 97.53,
            "eps_avg_yearly": 2.79,
            "eps_latest_yearly": 4.52,
            "eps_growth_yearly": 257.02
        },
        "20024": {
            "year_quarter": 20024,
            "year": 2002,
            "quarter": 4,
            "eps": 1.2,
            "eps_growth_year": 79.1,
            "eps_4q": 3.22,
            "eps_4q_growth_year": null,
            "roe": 7.77,
            "roe_4q": 23.46,
            "gross_profit": 58165,
            "gross_margin": 40.51,
            "gross_margin_4q_avg": 36.27,
            "net_income": 24378,
            "net_income_4q": null,
            "revenue": 143596,
            "revenue_4q": null,
            "common_shares": 220277,
            "book_valuer_per_share": 15.98,
            "book_valuer_per_share_4q_avg": 14.31,
            "equity": 352091,
            "current_ratio": 252.81,
            "debt_ratio": 36.82,
            "inventory_turnover_ratio": 0.77,
            "account_receivable_turnover_ratio": null,
            "reinvestment_rate": null,
            "research_to_sale_ratio": null,
            "price_fair": 115.15,
            "eps_avg_yearly": 3.29,
            "eps_latest_yearly": 4.8,
            "eps_growth_yearly": 198.96
        },
        "20031": {
            "year_quarter": 20031,
            "year": 2003,
            "quarter": 1,
            "eps": 0.82,
            "eps_growth_year": 241.67,
            "eps_4q": 3.58,
            "eps_4q_growth_year": null,
            "roe": 5,
            "roe_4q": 26.67,
            "gross_profit": 47036,
            "gross_margin": 35.05,
            "gross_margin_4q_avg": 37.22,
            "net_income": 18059,
            "net_income_4q": null,
            "revenue": 134182,
            "revenue_4q": null,
            "common_shares": 220277,
            "book_valuer_per_share": 16.8,
            "book_valuer_per_share_4q_avg": 15.05,
            "equity": 370064,
            "current_ratio": 321.8,
            "debt_ratio": 29.87,
            "inventory_turnover_ratio": 0.76,
            "account_receivable_turnover_ratio": null,
            "reinvestment_rate": null,
            "research_to_sale_ratio": null,
            "price_fair": 115.08,
            "eps_avg_yearly": 3.29,
            "eps_latest_yearly": 3.28,
            "eps_growth_yearly": 133.83
        },
        "20032": {
            "year_quarter": 20032,
            "year": 2003,
            "quarter": 2,
            "eps": 0.6,
            "eps_growth_year": -16.67,
            "eps_4q": 3.26,
            "eps_4q_growth_year": 67.4,
            "roe": 4.05,
            "roe_4q": 25.4,
            "gross_profit": 32962,
            "gross_margin": 29.73,
            "gross_margin_4q_avg": 36.03,
            "net_income": 14698,
            "net_income_4q": null,
            "revenue": 110868,
            "revenue_4q": null,
            "common_shares": 243792,
            "book_valuer_per_share": 14.6,
            "book_valuer_per_share_4q_avg": 15.43,
            "equity": 356024,
            "current_ratio": 328.07,
            "debt_ratio": 28.92,
            "inventory_turnover_ratio": 0.86,
            "account_receivable_turnover_ratio": null,
            "reinvestment_rate": null,
            "research_to_sale_ratio": null,
            "price_fair": 109.9,
            "eps_avg_yearly": 3.14,
            "eps_latest_yearly": 2.4,
            "eps_growth_yearly": 93.64
        },
        "20033": {
            "year_quarter": 20033,
            "year": 2003,
            "quarter": 3,
            "eps": 0.5,
            "eps_growth_year": -55.75,
            "eps_4q": 2.85,
            "eps_4q_growth_year": 5.52,
            "roe": 3.36,
            "roe_4q": 20.18,
            "gross_profit": 31354,
            "gross_margin": 31.25,
            "gross_margin_4q_avg": 34.14,
            "net_income": 12157,
            "net_income_4q": null,
            "revenue": 100342,
            "revenue_4q": null,
            "common_shares": 243792,
            "book_valuer_per_share": 15.05,
            "book_valuer_per_share_4q_avg": 15.61,
            "equity": 367024,
            "current_ratio": 458.75,
            "debt_ratio": 22.85,
            "inventory_turnover_ratio": 0.88,
            "account_receivable_turnover_ratio": null,
            "reinvestment_rate": null,
            "research_to_sale_ratio": null,
            "price_fair": 104.2,
            "eps_avg_yearly": 2.98,
            "eps_latest_yearly": 2,
            "eps_growth_yearly": 70.74
        },
        "20034": {
            "year_quarter": 20034,
            "year": 2003,
            "quarter": 4,
            "eps": 0.45,
            "eps_growth_year": -62.5,
            "eps_4q": 2.28,
            "eps_4q_growth_year": -29.14,
            "roe": 2.96,
            "roe_4q": 15.370000000000001,
            "gross_profit": 27682,
            "gross_margin": 31.44,
            "gross_margin_4q_avg": 31.87,
            "net_income": 11022,
            "net_income_4q": null,
            "revenue": 88041,
            "revenue_4q": null,
            "common_shares": 243792,
            "book_valuer_per_share": 15.52,
            "book_valuer_per_share_4q_avg": 15.49,
            "equity": 378372,
            "current_ratio": 292.82,
            "debt_ratio": 32.73,
            "inventory_turnover_ratio": 0.57,
            "account_receivable_turnover_ratio": null,
            "reinvestment_rate": null,
            "research_to_sale_ratio": null,
            "price_fair": 99.05,
            "eps_avg_yearly": 2.83,
            "eps_latest_yearly": 1.8,
            "eps_growth_yearly": 56.9
        },
        "20041": {
            "year_quarter": 20041,
            "year": 2004,
            "quarter": 1,
            "eps": 0.19,
            "eps_growth_year": -76.83,
            "eps_4q": 1.78,
            "eps_4q_growth_year": -50.26,
            "roe": 1.19,
            "roe_4q": 11.559999999999999,
            "gross_profit": 20060,
            "gross_margin": 28.69,
            "gross_margin_4q_avg": 30.28,
            "net_income": 4526,
            "net_income_4q": null,
            "revenue": 69917,
            "revenue_4q": null,
            "common_shares": 243792,
            "book_valuer_per_share": 15.62,
            "book_valuer_per_share_4q_avg": 15.2,
            "equity": 380703,
            "current_ratio": 397.41,
            "debt_ratio": 24.05,
            "inventory_turnover_ratio": 0.4,
            "account_receivable_turnover_ratio": null,
            "reinvestment_rate": null,
            "research_to_sale_ratio": null,
            "price_fair": 90.73,
            "eps_avg_yearly": 2.6,
            "eps_latest_yearly": 0.76,
            "eps_growth_yearly": 24.9
        },
        "20042": {
            "year_quarter": 20042,
            "year": 2004,
            "quarter": 2,
            "eps": 0.02,
            "eps_growth_year": -96.67,
            "eps_4q": 1.1,
            "eps_4q_growth_year": -66.21,
            "roe": 0.14,
            "roe_4q": 7.65,
            "gross_profit": 28085,
            "gross_margin": 34.7,
            "gross_margin_4q_avg": 31.52,
            "net_income": 513,
            "net_income_4q": null,
            "revenue": 80943,
            "revenue_4q": null,
            "common_shares": 243792,
            "book_valuer_per_share": 14.62,
            "book_valuer_per_share_4q_avg": 15.2,
            "equity": 356468,
            "current_ratio": 303.11,
            "debt_ratio": 29.77,
            "inventory_turnover_ratio": 0.48,
            "account_receivable_turnover_ratio": null,
            "reinvestment_rate": null,
            "research_to_sale_ratio": null,
            "price_fair": 7.04,
            "eps_avg_yearly": 2.35,
            "eps_latest_yearly": 0.08,
            "eps_growth_yearly": -13.38
        },
        "20043": {
            "year_quarter": 20043,
            "year": 2004,
            "quarter": 3,
            "eps": 0.4,
            "eps_growth_year": -20,
            "eps_4q": 1.06,
            "eps_4q_growth_year": -62.98,
            "roe": 2.74,
            "roe_4q": 7.03,
            "gross_profit": 24656,
            "gross_margin": 31.1,
            "gross_margin_4q_avg": 31.48,
            "net_income": 9807,
            "net_income_4q": null,
            "revenue": 79283,
            "revenue_4q": null,
            "common_shares": 243792,
            "book_valuer_per_share": 14.75,
            "book_valuer_per_share_4q_avg": 15.13,
            "equity": 359572,
            "current_ratio": 347.14,
            "debt_ratio": 26.25,
            "inventory_turnover_ratio": 0.51,
            "account_receivable_turnover_ratio": null,
            "reinvestment_rate": null,
            "research_to_sale_ratio": null,
            "price_fair": 79.8,
            "eps_avg_yearly": 2.28,
            "eps_latest_yearly": 1.6,
            "eps_growth_yearly": 678.74
        },
        "20044": {
            "year_quarter": 20044,
            "year": 2004,
            "quarter": 4,
            "eps": -1.41,
            "eps_growth_year": -413.33,
            "eps_4q": -0.8,
            "eps_4q_growth_year": -135.1,
            "roe": -11.52,
            "roe_4q": -7.449999999999999,
            "gross_profit": 11985,
            "gross_margin": 23.81,
            "gross_margin_4q_avg": 29.58,
            "net_income": -38341,
            "net_income_4q": null,
            "revenue": 50341,
            "revenue_4q": null,
            "common_shares": 274212,
            "book_valuer_per_share": 11.16,
            "book_valuer_per_share_4q_avg": 14.04,
            "equity": 306271,
            "current_ratio": 260.24,
            "debt_ratio": 35.47,
            "inventory_turnover_ratio": 0.34,
            "account_receivable_turnover_ratio": null,
            "reinvestment_rate": null,
            "research_to_sale_ratio": null,
            "price_fair": 79.8,
            "eps_avg_yearly": 2.28,
            "eps_latest_yearly": 1.6,
            "eps_growth_yearly": 678.74
        },
        "20051": {
            "year_quarter": 20051,
            "year": 2005,
            "quarter": 1,
            "eps": 0.04,
            "eps_growth_year": -78.95,
            "eps_4q": -0.92,
            "eps_4q_growth_year": -151.94,
            "roe": 0.38,
            "roe_4q": -8.259999999999998,
            "gross_profit": 18243,
            "gross_margin": 28.68,
            "gross_margin_4q_avg": 29.57,
            "net_income": 1162,
            "net_income_4q": null,
            "revenue": 63614,
            "revenue_4q": null,
            "common_shares": 274212,
            "book_valuer_per_share": 11.32,
            "book_valuer_per_share_4q_avg": 12.96,
            "equity": 310491,
            "current_ratio": 209.12,
            "debt_ratio": 36.23,
            "inventory_turnover_ratio": 0.32,
            "account_receivable_turnover_ratio": null,
            "reinvestment_rate": null,
            "research_to_sale_ratio": null,
            "price_fair": 79.8,
            "eps_avg_yearly": 2.28,
            "eps_latest_yearly": 1.6,
            "eps_growth_yearly": 678.74
        },
        "20052": {
            "year_quarter": 20052,
            "year": 2005,
            "quarter": 2,
            "eps": -0.9,
            "eps_growth_year": -4600,
            "eps_4q": -1.87,
            "eps_4q_growth_year": -269.77,
            "roe": -7.98,
            "roe_4q": -16.380000000000003,
            "gross_profit": 15463,
            "gross_margin": 27.19,
            "gross_margin_4q_avg": 27.7,
            "net_income": -23842,
            "net_income_4q": null,
            "revenue": 56862,
            "revenue_4q": null,
            "common_shares": 274212,
            "book_valuer_per_share": 10.47,
            "book_valuer_per_share_4q_avg": 11.93,
            "equity": 287006,
            "current_ratio": 219.25,
            "debt_ratio": 33.41,
            "inventory_turnover_ratio": 0.34,
            "account_receivable_turnover_ratio": null,
            "reinvestment_rate": 101.69,
            "research_to_sale_ratio": null,
            "price_fair": 79.8,
            "eps_avg_yearly": 2.28,
            "eps_latest_yearly": 1.6,
            "eps_growth_yearly": 678.74
        },
        "20053": {
            "year_quarter": 20053,
            "year": 2005,
            "quarter": 3,
            "eps": -0.18,
            "eps_growth_year": -145,
            "eps_4q": -2.4,
            "eps_4q_growth_year": -327.43,
            "roe": -1.66,
            "roe_4q": -20.78,
            "gross_profit": 16840,
            "gross_margin": 33.61,
            "gross_margin_4q_avg": 28.32,
            "net_income": -4778,
            "net_income_4q": null,
            "revenue": 50097,
            "revenue_4q": null,
            "common_shares": 274212,
            "book_valuer_per_share": 10.51,
            "book_valuer_per_share_4q_avg": 10.87,
            "equity": 288092,
            "current_ratio": 238.31,
            "debt_ratio": 30.53,
            "inventory_turnover_ratio": 0.46,
            "account_receivable_turnover_ratio": null,
            "reinvestment_rate": 21.23,
            "research_to_sale_ratio": null,
            "price_fair": 79.8,
            "eps_avg_yearly": 2.28,
            "eps_latest_yearly": 1.6,
            "eps_growth_yearly": 678.74
        },
        "20054": {
            "year_quarter": 20054,
            "year": 2005,
            "quarter": 4,
            "eps": -0.71,
            "eps_growth_year": null,
            "eps_4q": -1.65,
            "eps_4q_growth_year": null,
            "roe": -6.38,
            "roe_4q": -15.639999999999999,
            "gross_profit": 21561,
            "gross_margin": 36.61,
            "gross_margin_4q_avg": 31.52,
            "net_income": -20919,
            "net_income_4q": null,
            "revenue": 58896,
            "revenue_4q": null,
            "common_shares": 404212,
            "book_valuer_per_share": 9.09,
            "book_valuer_per_share_4q_avg": 10.35,
            "equity": 367566,
            "current_ratio": 326.35,
            "debt_ratio": 28.78,
            "inventory_turnover_ratio": 0.42,
            "account_receivable_turnover_ratio": null,
            "reinvestment_rate": 26,
            "research_to_sale_ratio": null,
            "price_fair": 79.8,
            "eps_avg_yearly": 2.28,
            "eps_latest_yearly": 1.6,
            "eps_growth_yearly": 678.74
        },
        "20061": {
            "year_quarter": 20061,
            "year": 2006,
            "quarter": 1,
            "eps": 0.1,
            "eps_growth_year": 150,
            "eps_4q": -1.22,
            "eps_4q_growth_year": null,
            "roe": 1.02,
            "roe_4q": -15,
            "gross_profit": 27983,
            "gross_margin": 40.74,
            "gross_margin_4q_avg": 34.54,
            "net_income": 3756,
            "net_income_4q": null,
            "revenue": 68690,
            "revenue_4q": null,
            "common_shares": 404212,
            "book_valuer_per_share": 9.17,
            "book_valuer_per_share_4q_avg": 9.81,
            "equity": 370773,
            "current_ratio": 432.74,
            "debt_ratio": 22.16,
            "inventory_turnover_ratio": 0.46,
            "account_receivable_turnover_ratio": null,
            "reinvestment_rate": -13.8,
            "research_to_sale_ratio": null,
            "price_fair": 84.42,
            "eps_avg_yearly": 2.41,
            "eps_latest_yearly": 1.6,
            "eps_growth_yearly": 772.29
        },
        "20062": {
            "year_quarter": 20062,
            "year": 2006,
            "quarter": 2,
            "eps": 0.14,
            "eps_growth_year": null,
            "eps_4q": -0.41,
            "eps_4q_growth_year": null,
            "roe": 1.49,
            "roe_4q": -5.53,
            "gross_profit": 22844,
            "gross_margin": 35.13,
            "gross_margin_4q_avg": 36.52,
            "net_income": 5561,
            "net_income_4q": null,
            "revenue": 65026,
            "revenue_4q": null,
            "common_shares": 404212,
            "book_valuer_per_share": 9.31,
            "book_valuer_per_share_4q_avg": 9.52,
            "equity": 376456,
            "current_ratio": 445.85,
            "debt_ratio": 21.58,
            "inventory_turnover_ratio": 0.6,
            "account_receivable_turnover_ratio": null,
            "reinvestment_rate": -28.89,
            "research_to_sale_ratio": null,
            "price_fair": 76.3,
            "eps_avg_yearly": 2.18,
            "eps_latest_yearly": 0.56,
            "eps_growth_yearly": 708.29
        },
        "20063": {
            "year_quarter": 20063,
            "year": 2006,
            "quarter": 3,
            "eps": 0.05,
            "eps_growth_year": null,
            "eps_4q": -0.22,
            "eps_4q_growth_year": null,
            "roe": 0.57,
            "roe_4q": -3.3,
            "gross_profit": 14583,
            "gross_margin": 27.11,
            "gross_margin_4q_avg": 34.9,
            "net_income": 2157,
            "net_income_4q": null,
            "revenue": 53799,
            "revenue_4q": null,
            "common_shares": 404212,
            "book_valuer_per_share": 9.44,
            "book_valuer_per_share_4q_avg": 9.25,
            "equity": 381468,
            "current_ratio": 411.4,
            "debt_ratio": 21.99,
            "inventory_turnover_ratio": 0.59,
            "account_receivable_turnover_ratio": null,
            "reinvestment_rate": -20.58,
            "research_to_sale_ratio": null,
            "price_fair": 61.18,
            "eps_avg_yearly": 1.75,
            "eps_latest_yearly": 0.2,
            "eps_growth_yearly": 659.8
        },
        "20064": {
            "year_quarter": 20064,
            "year": 2006,
            "quarter": 4,
            "eps": 0.03,
            "eps_growth_year": null,
            "eps_4q": 0.34,
            "eps_4q_growth_year": null,
            "roe": 0.29,
            "roe_4q": 3.3699999999999997,
            "gross_profit": 15302,
            "gross_margin": 29.49,
            "gross_margin_4q_avg": 33.12,
            "net_income": 1115,
            "net_income_4q": null,
            "revenue": 51894,
            "revenue_4q": null,
            "common_shares": 404212,
            "book_valuer_per_share": 9.46,
            "book_valuer_per_share_4q_avg": 9.35,
            "equity": 382253,
            "current_ratio": 540.73,
            "debt_ratio": 19.77,
            "inventory_turnover_ratio": 0.49,
            "account_receivable_turnover_ratio": null,
            "reinvestment_rate": null,
            "research_to_sale_ratio": null,
            "price_fair": 44.8,
            "eps_avg_yearly": 1.28,
            "eps_latest_yearly": 0.12,
            "eps_growth_yearly": 641.32
        },
        "20071": {
            "year_quarter": 20071,
            "year": 2007,
            "quarter": 1,
            "eps": -0.22,
            "eps_growth_year": -320,
            "eps_4q": 0.01,
            "eps_4q_growth_year": null,
            "roe": -2.24,
            "roe_4q": 0.10999999999999965,
            "gross_profit": 12173,
            "gross_margin": 28.62,
            "gross_margin_4q_avg": 30.09,
            "net_income": -8494,
            "net_income_4q": null,
            "revenue": 42532,
            "revenue_4q": null,
            "common_shares": 404212,
            "book_valuer_per_share": 9.3,
            "book_valuer_per_share_4q_avg": 9.38,
            "equity": 376069,
            "current_ratio": 642.75,
            "debt_ratio": 18.25,
            "inventory_turnover_ratio": 0.43,
            "account_receivable_turnover_ratio": null,
            "reinvestment_rate": null,
            "research_to_sale_ratio": null,
            "price_fair": 37.02,
            "eps_avg_yearly": 1.06,
            "eps_latest_yearly": 0.12,
            "eps_growth_yearly": 726.65
        },
        "20072": {
            "year_quarter": 20072,
            "year": 2007,
            "quarter": 2,
            "eps": -0.22,
            "eps_growth_year": -257.14,
            "eps_4q": -0.35,
            "eps_4q_growth_year": null,
            "roe": -2.35,
            "roe_4q": -3.73,
            "gross_profit": 11445,
            "gross_margin": 23.94,
            "gross_margin_4q_avg": 27.29,
            "net_income": -8748,
            "net_income_4q": null,
            "revenue": 47798,
            "revenue_4q": null,
            "common_shares": 404212,
            "book_valuer_per_share": 9.1,
            "book_valuer_per_share_4q_avg": 9.33,
            "equity": 367942,
            "current_ratio": 551.08,
            "debt_ratio": 19.53,
            "inventory_turnover_ratio": 0.61,
            "account_receivable_turnover_ratio": null,
            "reinvestment_rate": null,
            "research_to_sale_ratio": null,
            "price_fair": 31.15,
            "eps_avg_yearly": 0.89,
            "eps_latest_yearly": 0.12,
            "eps_growth_yearly": 830.9
        },
        "20073": {
            "year_quarter": 20073,
            "year": 2007,
            "quarter": 3,
            "eps": -0.08,
            "eps_growth_year": -260,
            "eps_4q": -0.48,
            "eps_4q_growth_year": null,
            "roe": -0.9,
            "roe_4q": -5.2,
            "gross_profit": 10980,
            "gross_margin": 21.14,
            "gross_margin_4q_avg": 25.8,
            "net_income": -3297,
            "net_income_4q": null,
            "revenue": 51936,
            "revenue_4q": null,
            "common_shares": 404212,
            "book_valuer_per_share": 9.03,
            "book_valuer_per_share_4q_avg": 9.22,
            "equity": 365169,
            "current_ratio": 418.03,
            "debt_ratio": 21.5,
            "inventory_turnover_ratio": 0.66,
            "account_receivable_turnover_ratio": null,
            "reinvestment_rate": null,
            "research_to_sale_ratio": null,
            "price_fair": 25.6,
            "eps_avg_yearly": 0.73,
            "eps_latest_yearly": 0.12,
            "eps_growth_yearly": 959.12
        },
        "20074": {
            "year_quarter": 20074,
            "year": 2007,
            "quarter": 4,
            "eps": -0.06,
            "eps_growth_year": -300,
            "eps_4q": -0.58,
            "eps_4q_growth_year": -271.23,
            "roe": -0.68,
            "roe_4q": -6.17,
            "gross_profit": 11214,
            "gross_margin": 16.58,
            "gross_margin_4q_avg": 22.57,
            "net_income": -2464,
            "net_income_4q": null,
            "revenue": 67633,
            "revenue_4q": null,
            "common_shares": 399212,
            "book_valuer_per_share": 9.14,
            "book_valuer_per_share_4q_avg": 9.14,
            "equity": 364707,
            "current_ratio": 350.13,
            "debt_ratio": 23.78,
            "inventory_turnover_ratio": 0.67,
            "account_receivable_turnover_ratio": null,
            "reinvestment_rate": null,
            "research_to_sale_ratio": null,
            "price_fair": 19.37,
            "eps_avg_yearly": 0.55,
            "eps_latest_yearly": 0.12,
            "eps_growth_yearly": 1125.64
        },
        "20081": {
            "year_quarter": 20081,
            "year": 2008,
            "quarter": 1,
            "eps": -0.1,
            "eps_growth_year": null,
            "eps_4q": -0.46,
            "eps_4q_growth_year": -5350.68,
            "roe": -1.11,
            "roe_4q": -5.04,
            "gross_profit": 23971,
            "gross_margin": 28.96,
            "gross_margin_4q_avg": 22.66,
            "net_income": -4019,
            "net_income_4q": null,
            "revenue": 82782,
            "revenue_4q": null,
            "common_shares": 394752,
            "book_valuer_per_share": 9.05,
            "book_valuer_per_share_4q_avg": 9.08,
            "equity": 357395,
            "current_ratio": 311.51,
            "debt_ratio": 25.69,
            "inventory_turnover_ratio": 0.57,
            "account_receivable_turnover_ratio": null,
            "reinvestment_rate": null,
            "research_to_sale_ratio": null,
            "price_fair": 17.92,
            "eps_avg_yearly": 0.51,
            "eps_latest_yearly": 0.12,
            "eps_growth_yearly": 1396.99
        },
        "20082": {
            "year_quarter": 20082,
            "year": 2008,
            "quarter": 2,
            "eps": -0.1,
            "eps_growth_year": null,
            "eps_4q": -0.35,
            "eps_4q_growth_year": null,
            "roe": -1.15,
            "roe_4q": -3.84,
            "gross_profit": 24619,
            "gross_margin": 23.32,
            "gross_margin_4q_avg": 22.5,
            "net_income": -4087,
            "net_income_4q": null,
            "revenue": 105557,
            "revenue_4q": null,
            "common_shares": 394752,
            "book_valuer_per_share": 9,
            "book_valuer_per_share_4q_avg": 9.06,
            "equity": 355226,
            "current_ratio": 251.66,
            "debt_ratio": 31.76,
            "inventory_turnover_ratio": 0.77,
            "account_receivable_turnover_ratio": null,
            "reinvestment_rate": null,
            "research_to_sale_ratio": null,
            "price_fair": 21.7,
            "eps_avg_yearly": 0.62,
            "eps_latest_yearly": 0.12,
            "eps_growth_yearly": 1835.71
        },
        "20083": {
            "year_quarter": 20083,
            "year": 2008,
            "quarter": 3,
            "eps": 0.22,
            "eps_growth_year": null,
            "eps_4q": -0.04,
            "eps_4q_growth_year": null,
            "roe": 2.42,
            "roe_4q": -0.5200000000000001,
            "gross_profit": 33116,
            "gross_margin": 38.06,
            "gross_margin_4q_avg": 26.73,
            "net_income": 8783,
            "net_income_4q": null,
            "revenue": 87004,
            "revenue_4q": null,
            "common_shares": 394752,
            "book_valuer_per_share": 9.41,
            "book_valuer_per_share_4q_avg": 9.15,
            "equity": 371489,
            "current_ratio": 267.33,
            "debt_ratio": 29.49,
            "inventory_turnover_ratio": 0.46,
            "account_receivable_turnover_ratio": null,
            "reinvestment_rate": null,
            "research_to_sale_ratio": null,
            "price_fair": 0.88,
            "eps_avg_yearly": 0.29,
            "eps_latest_yearly": 0.12,
            "eps_growth_yearly": -85.71
        },
        "20084": {
            "year_quarter": 20084,
            "year": 2008,
            "quarter": 4,
            "eps": -0.41,
            "eps_growth_year": null,
            "eps_4q": -0.4,
            "eps_4q_growth_year": null,
            "roe": -4.43,
            "roe_4q": -4.27,
            "gross_profit": 24602,
            "gross_margin": 22.89,
            "gross_margin_4q_avg": 28.31,
            "net_income": -16147,
            "net_income_4q": null,
            "revenue": 107484,
            "revenue_4q": null,
            "common_shares": 394752,
            "book_valuer_per_share": 9.05,
            "book_valuer_per_share_4q_avg": 9.13,
            "equity": 357364,
            "current_ratio": 266.31,
            "debt_ratio": 29.96,
            "inventory_turnover_ratio": 0.71,
            "account_receivable_turnover_ratio": 1.41,
            "reinvestment_rate": null,
            "research_to_sale_ratio": null,
            "price_fair": 0.88,
            "eps_avg_yearly": 0.29,
            "eps_latest_yearly": 0.12,
            "eps_growth_yearly": -85.71
        },
        "20091": {
            "year_quarter": 20091,
            "year": 2009,
            "quarter": 1,
            "eps": -0.13,
            "eps_growth_year": null,
            "eps_4q": -0.42,
            "eps_4q_growth_year": null,
            "roe": -1.45,
            "roe_4q": -4.609999999999999,
            "gross_profit": 23880,
            "gross_margin": 29.44,
            "gross_margin_4q_avg": 28.43,
            "net_income": -5244,
            "net_income_4q": null,
            "revenue": 81125,
            "revenue_4q": null,
            "common_shares": 394752,
            "book_valuer_per_share": 9.23,
            "book_valuer_per_share_4q_avg": 9.17,
            "equity": 364521,
            "current_ratio": 296.8,
            "debt_ratio": 27.43,
            "inventory_turnover_ratio": 0.55,
            "account_receivable_turnover_ratio": 0.63,
            "reinvestment_rate": null,
            "research_to_sale_ratio": null,
            "price_fair": 0.88,
            "eps_avg_yearly": 0.29,
            "eps_latest_yearly": 0.12,
            "eps_growth_yearly": -85.71
        },
        "20092": {
            "year_quarter": 20092,
            "year": 2009,
            "quarter": 2,
            "eps": 0.29,
            "eps_growth_year": null,
            "eps_4q": -0.03,
            "eps_4q_growth_year": null,
            "roe": 3.17,
            "roe_4q": -0.29000000000000004,
            "gross_profit": 47321,
            "gross_margin": 40.3,
            "gross_margin_4q_avg": 32.67,
            "net_income": 11541,
            "net_income_4q": null,
            "revenue": 117408,
            "revenue_4q": null,
            "common_shares": 394752,
            "book_valuer_per_share": 9.22,
            "book_valuer_per_share_4q_avg": 9.23,
            "equity": 363778,
            "current_ratio": 284.48,
            "debt_ratio": 29.05,
            "inventory_turnover_ratio": 0.71,
            "account_receivable_turnover_ratio": 0.89,
            "reinvestment_rate": null,
            "research_to_sale_ratio": null,
            "price_fair": 0.88,
            "eps_avg_yearly": 0.29,
            "eps_latest_yearly": 0.12,
            "eps_growth_yearly": -85.71
        },
        "20093": {
            "year_quarter": 20093,
            "year": 2009,
            "quarter": 3,
            "eps": 0.32,
            "eps_growth_year": 45.45,
            "eps_4q": 0.07,
            "eps_4q_growth_year": null,
            "roe": 3.43,
            "roe_4q": 0.7199999999999998,
            "gross_profit": 59752,
            "gross_margin": 40.94,
            "gross_margin_4q_avg": 33.39,
            "net_income": 12639,
            "net_income_4q": null,
            "revenue": 145964,
            "revenue_4q": null,
            "common_shares": 394752,
            "book_valuer_per_share": 9.44,
            "book_valuer_per_share_4q_avg": 9.24,
            "equity": 372508,
            "current_ratio": 245.81,
            "debt_ratio": 33.74,
            "inventory_turnover_ratio": 0.88,
            "account_receivable_turnover_ratio": 0.89,
            "reinvestment_rate": null,
            "research_to_sale_ratio": null,
            "price_fair": 1.62,
            "eps_avg_yearly": 0.54,
            "eps_latest_yearly": 1.28,
            "eps_growth_yearly": -53.94
        },
        "20094": {
            "year_quarter": 20094,
            "year": 2009,
            "quarter": 4,
            "eps": 0.34,
            "eps_growth_year": null,
            "eps_4q": 0.82,
            "eps_4q_growth_year": null,
            "roe": 3.54,
            "roe_4q": 8.690000000000001,
            "gross_profit": 62721,
            "gross_margin": 31.39,
            "gross_margin_4q_avg": 35.52,
            "net_income": 13437,
            "net_income_4q": null,
            "revenue": 199811,
            "revenue_4q": null,
            "common_shares": 394752,
            "book_valuer_per_share": 9.8,
            "book_valuer_per_share_4q_avg": 9.42,
            "equity": 386720,
            "current_ratio": 271.11,
            "debt_ratio": 43.52,
            "inventory_turnover_ratio": 1.36,
            "account_receivable_turnover_ratio": 1.43,
            "reinvestment_rate": 2072.65,
            "research_to_sale_ratio": null,
            "price_fair": 2.11,
            "eps_avg_yearly": 0.7,
            "eps_latest_yearly": 1.36,
            "eps_growth_yearly": -38.15
        },
        "20101": {
            "year_quarter": 20101,
            "year": 2010,
            "quarter": 1,
            "eps": 0.9,
            "eps_growth_year": null,
            "eps_4q": 1.82,
            "eps_4q_growth_year": null,
            "roe": 8.43,
            "roe_4q": 18.57,
            "gross_profit": 93929,
            "gross_margin": 45.14,
            "gross_margin_4q_avg": 39.44,
            "net_income": 35488,
            "net_income_4q": null,
            "revenue": 208089,
            "revenue_4q": null,
            "common_shares": 401664,
            "book_valuer_per_share": 11.35,
            "book_valuer_per_share_4q_avg": 9.95,
            "equity": 455718,
            "current_ratio": 251.82,
            "debt_ratio": 40.94,
            "inventory_turnover_ratio": 1.09,
            "account_receivable_turnover_ratio": 0.66,
            "reinvestment_rate": 453.87,
            "research_to_sale_ratio": 6.1,
            "price_fair": 41.53,
            "eps_avg_yearly": 1.19,
            "eps_latest_yearly": 3.6,
            "eps_growth_yearly": 78.01
        },
        "20102": {
            "year_quarter": 20102,
            "year": 2010,
            "quarter": 2,
            "eps": 0.57,
            "eps_growth_year": 97.35,
            "eps_4q": 2,
            "eps_4q_growth_year": null,
            "roe": 5.03,
            "roe_4q": 20.43,
            "gross_profit": 82444,
            "gross_margin": 35.8,
            "gross_margin_4q_avg": 38.32,
            "net_income": 24634,
            "net_income_4q": null,
            "revenue": 230259,
            "revenue_4q": null,
            "common_shares": 430420,
            "book_valuer_per_share": 12.19,
            "book_valuer_per_share_4q_avg": 10.7,
            "equity": 524727,
            "current_ratio": 206.75,
            "debt_ratio": 39.94,
            "inventory_turnover_ratio": 1.27,
            "account_receivable_turnover_ratio": 0.6,
            "reinvestment_rate": 365.65,
            "research_to_sale_ratio": 7.15,
            "price_fair": 51.57,
            "eps_avg_yearly": 1.47,
            "eps_latest_yearly": 2.28,
            "eps_growth_yearly": 26.9
        },
        "20103": {
            "year_quarter": 20103,
            "year": 2010,
            "quarter": 3,
            "eps": 0.26,
            "eps_growth_year": -17.85,
            "eps_4q": 1.95,
            "eps_4q_growth_year": 2660.76,
            "roe": 2.15,
            "roe_4q": 19.15,
            "gross_profit": 89288,
            "gross_margin": 42.8,
            "gross_margin_4q_avg": 38.78,
            "net_income": 11465,
            "net_income_4q": null,
            "revenue": 208634,
            "revenue_4q": null,
            "common_shares": 436143,
            "book_valuer_per_share": 12.4,
            "book_valuer_per_share_4q_avg": 11.44,
            "equity": 540967,
            "current_ratio": 239.07,
            "debt_ratio": 36.38,
            "inventory_turnover_ratio": 1.05,
            "account_receivable_turnover_ratio": 0.52,
            "reinvestment_rate": 287.29,
            "research_to_sale_ratio": 8.26,
            "price_fair": 56.47,
            "eps_avg_yearly": 1.61,
            "eps_latest_yearly": 1.04,
            "eps_growth_yearly": 33.5
        },
        "20104": {
            "year_quarter": 20104,
            "year": 2010,
            "quarter": 4,
            "eps": 0.43,
            "eps_growth_year": 27.6,
            "eps_4q": 2.07,
            "eps_4q_growth_year": 153.01,
            "roe": 3.48,
            "roe_4q": 19.09,
            "gross_profit": 94162,
            "gross_margin": 43.63,
            "gross_margin_4q_avg": 41.84,
            "net_income": 18925,
            "net_income_4q": null,
            "revenue": 215823,
            "revenue_4q": null,
            "common_shares": 436218,
            "book_valuer_per_share": 12.56,
            "book_valuer_per_share_4q_avg": 12.13,
            "equity": 547940,
            "current_ratio": 211.89,
            "debt_ratio": 38.19,
            "inventory_turnover_ratio": 1.16,
            "account_receivable_turnover_ratio": 0.58,
            "reinvestment_rate": 192.05,
            "research_to_sale_ratio": 11,
            "price_fair": 65.8,
            "eps_avg_yearly": 1.88,
            "eps_latest_yearly": 1.72,
            "eps_growth_yearly": 103.76
        },
        "20111": {
            "year_quarter": 20111,
            "year": 2011,
            "quarter": 1,
            "eps": 0.25,
            "eps_growth_year": -72.22,
            "eps_4q": 1.51,
            "eps_4q_growth_year": -16.9,
            "roe": 1.96,
            "roe_4q": 12.620000000000001,
            "gross_profit": 78165,
            "gross_margin": 35.86,
            "gross_margin_4q_avg": 39.52,
            "net_income": 10974,
            "net_income_4q": null,
            "revenue": 217956,
            "revenue_4q": null,
            "common_shares": 436383,
            "book_valuer_per_share": 13.05,
            "book_valuer_per_share_4q_avg": 12.55,
            "equity": 569623,
            "current_ratio": 200.87,
            "debt_ratio": 40.25,
            "inventory_turnover_ratio": 1.25,
            "account_receivable_turnover_ratio": 0.58,
            "reinvestment_rate": 104.88,
            "research_to_sale_ratio": 10.74,
            "price_fair": 61.4,
            "eps_avg_yearly": 1.75,
            "eps_latest_yearly": 1,
            "eps_growth_yearly": 65.01
        },
        "20112": {
            "year_quarter": 20112,
            "year": 2011,
            "quarter": 2,
            "eps": 0.01,
            "eps_growth_year": -97.89,
            "eps_4q": 0.93,
            "eps_4q_growth_year": -53.45,
            "roe": 0.09,
            "roe_4q": 7.68,
            "gross_profit": 84861,
            "gross_margin": 31.74,
            "gross_margin_4q_avg": 38.51,
            "net_income": 543,
            "net_income_4q": null,
            "revenue": 267347,
            "revenue_4q": null,
            "common_shares": 436383,
            "book_valuer_per_share": 13.2,
            "book_valuer_per_share_4q_avg": 12.8,
            "equity": 575970,
            "current_ratio": 214.25,
            "debt_ratio": 51.29,
            "inventory_turnover_ratio": 1.46,
            "account_receivable_turnover_ratio": 0.64,
            "reinvestment_rate": 159,
            "research_to_sale_ratio": 9.91,
            "price_fair": 29.08,
            "eps_avg_yearly": 1.54,
            "eps_latest_yearly": 0.04,
            "eps_growth_yearly": 8.89
        },
        "20113": {
            "year_quarter": 20113,
            "year": 2011,
            "quarter": 3,
            "eps": 1.2,
            "eps_growth_year": 355.97,
            "eps_4q": 1.87,
            "eps_4q_growth_year": -3.91,
            "roe": 8.77,
            "roe_4q": 14.3,
            "gross_profit": 147724,
            "gross_margin": 51.14,
            "gross_margin_4q_avg": 40.59,
            "net_income": 54085,
            "net_income_4q": null,
            "revenue": 288843,
            "revenue_4q": null,
            "common_shares": 450735,
            "book_valuer_per_share": 14.58,
            "book_valuer_per_share_4q_avg": 13.35,
            "equity": 657274,
            "current_ratio": 243.82,
            "debt_ratio": 46.72,
            "inventory_turnover_ratio": 1.09,
            "account_receivable_turnover_ratio": 0.62,
            "reinvestment_rate": 108.08,
            "research_to_sale_ratio": 8.79,
            "price_fair": 66.58,
            "eps_avg_yearly": 1.9,
            "eps_latest_yearly": 4.8,
            "eps_growth_yearly": 5296.79
        },
        "20114": {
            "year_quarter": 20114,
            "year": 2011,
            "quarter": 4,
            "eps": -0.11,
            "eps_growth_year": -124.51,
            "eps_4q": 1.35,
            "eps_4q_growth_year": -35.09,
            "roe": -0.73,
            "roe_4q": 10.09,
            "gross_profit": 73947,
            "gross_margin": 26.11,
            "gross_margin_4q_avg": 36.21,
            "net_income": -4800,
            "net_income_4q": null,
            "revenue": 283187,
            "revenue_4q": null,
            "common_shares": 451440,
            "book_valuer_per_share": 14.46,
            "book_valuer_per_share_4q_avg": 13.82,
            "equity": 652740,
            "current_ratio": 238.91,
            "debt_ratio": 46.89,
            "inventory_turnover_ratio": 1.62,
            "account_receivable_turnover_ratio": 0.55,
            "reinvestment_rate": 93.8,
            "research_to_sale_ratio": 10.25,
            "price_fair": 66.58,
            "eps_avg_yearly": 1.9,
            "eps_latest_yearly": 4.8,
            "eps_growth_yearly": 5296.79
        },
        "20121": {
            "year_quarter": 20121,
            "year": 2012,
            "quarter": 1,
            "eps": -0.29,
            "eps_growth_year": -216,
            "eps_4q": 0.82,
            "eps_4q_growth_year": -45.98,
            "roe": -2,
            "roe_4q": 6.129999999999999,
            "gross_profit": 75371,
            "gross_margin": 34.21,
            "gross_margin_4q_avg": 35.8,
            "net_income": -12923,
            "net_income_4q": null,
            "revenue": 220289,
            "revenue_4q": null,
            "common_shares": 451655,
            "book_valuer_per_share": 14.13,
            "book_valuer_per_share_4q_avg": 14.09,
            "equity": 638448,
            "current_ratio": 245.9,
            "debt_ratio": 45.93,
            "inventory_turnover_ratio": 1.14,
            "account_receivable_turnover_ratio": 0.47,
            "reinvestment_rate": 100.38,
            "research_to_sale_ratio": 13.59,
            "price_fair": 66.58,
            "eps_avg_yearly": 1.9,
            "eps_latest_yearly": 4.8,
            "eps_growth_yearly": 5296.79
        },
        "20122": {
            "year_quarter": 20122,
            "year": 2012,
            "quarter": 2,
            "eps": 0.78,
            "eps_growth_year": 6316.66,
            "eps_4q": 1.54,
            "eps_4q_growth_year": 65.38,
            "roe": 5.59,
            "roe_4q": 11.629999999999999,
            "gross_profit": 130720,
            "gross_margin": 41.83,
            "gross_margin_4q_avg": 38.32,
            "net_income": 36762,
            "net_income_4q": null,
            "revenue": 312484,
            "revenue_4q": null,
            "common_shares": 451665,
            "book_valuer_per_share": 14.99,
            "book_valuer_per_share_4q_avg": 14.54,
            "equity": 676923,
            "current_ratio": 222.5,
            "debt_ratio": 47.86,
            "inventory_turnover_ratio": 1.57,
            "account_receivable_turnover_ratio": 0.67,
            "reinvestment_rate": 84.84,
            "research_to_sale_ratio": 11.24,
            "price_fair": 66.58,
            "eps_avg_yearly": 1.9,
            "eps_latest_yearly": 4.8,
            "eps_growth_yearly": 5296.79
        },
        "20123": {
            "year_quarter": 20123,
            "year": 2012,
            "quarter": 3,
            "eps": 0.31,
            "eps_growth_year": -73.82,
            "eps_4q": 0.71,
            "eps_4q_growth_year": -62.07,
            "roe": 2.16,
            "roe_4q": 5.02,
            "gross_profit": 118407,
            "gross_margin": 35.69,
            "gross_margin_4q_avg": 34.46,
            "net_income": 15058,
            "net_income_4q": null,
            "revenue": 331796,
            "revenue_4q": null,
            "common_shares": 479655,
            "book_valuer_per_share": 15,
            "book_valuer_per_share_4q_avg": 14.65,
            "equity": 719712,
            "current_ratio": 255.5,
            "debt_ratio": 55.79,
            "inventory_turnover_ratio": 1.62,
            "account_receivable_turnover_ratio": 0.66,
            "reinvestment_rate": 100.48,
            "research_to_sale_ratio": 10.7,
            "price_fair": 64.26,
            "eps_avg_yearly": 1.84,
            "eps_latest_yearly": 1.24,
            "eps_growth_yearly": 4743.01
        },
        "20124": {
            "year_quarter": 20124,
            "year": 2012,
            "quarter": 4,
            "eps": 0.51,
            "eps_growth_year": null,
            "eps_4q": 1.32,
            "eps_4q_growth_year": -1.94,
            "roe": 3.34,
            "roe_4q": 9.09,
            "gross_profit": 134190,
            "gross_margin": 40.62,
            "gross_margin_4q_avg": 38.09,
            "net_income": 24635,
            "net_income_4q": null,
            "revenue": 330320,
            "revenue_4q": null,
            "common_shares": 481034,
            "book_valuer_per_share": 15.7,
            "book_valuer_per_share_4q_avg": 14.96,
            "equity": 755356,
            "current_ratio": 191.46,
            "debt_ratio": 52.14,
            "inventory_turnover_ratio": 1.36,
            "account_receivable_turnover_ratio": 0.68,
            "reinvestment_rate": 104.44,
            "research_to_sale_ratio": 10.54,
            "price_fair": 64.91,
            "eps_avg_yearly": 1.85,
            "eps_latest_yearly": 2.04,
            "eps_growth_yearly": 4335.28
        },
        "20131": {
            "year_quarter": 20131,
            "year": 2013,
            "quarter": 1,
            "eps": 0.43,
            "eps_growth_year": null,
            "eps_4q": 2.02,
            "eps_4q_growth_year": 146.86,
            "roe": 2.68,
            "roe_4q": 13.77,
            "gross_profit": 108819,
            "gross_margin": 38.72,
            "gross_margin_4q_avg": 39.22,
            "net_income": 20581,
            "net_income_4q": null,
            "revenue": 281030,
            "revenue_4q": null,
            "common_shares": 481074,
            "book_valuer_per_share": 16.28,
            "book_valuer_per_share_4q_avg": 15.49,
            "equity": 783039,
            "current_ratio": 197.3,
            "debt_ratio": 50.22,
            "inventory_turnover_ratio": 1.28,
            "account_receivable_turnover_ratio": 0.63,
            "reinvestment_rate": 92.25,
            "research_to_sale_ratio": 11.12,
            "price_fair": 64.52,
            "eps_avg_yearly": 1.84,
            "eps_latest_yearly": 1.72,
            "eps_growth_yearly": 3968.78
        },
        "20132": {
            "year_quarter": 20132,
            "year": 2013,
            "quarter": 2,
            "eps": 0.58,
            "eps_growth_year": -25.17,
            "eps_4q": 1.82,
            "eps_4q_growth_year": 17.75,
            "roe": 3.58,
            "roe_4q": 11.76,
            "gross_profit": 88525,
            "gross_margin": 37.26,
            "gross_margin_4q_avg": 38.07,
            "net_income": 28097,
            "net_income_4q": null,
            "revenue": 237574,
            "revenue_4q": null,
            "common_shares": 481074,
            "book_valuer_per_share": 16.37,
            "book_valuer_per_share_4q_avg": 15.84,
            "equity": 788793,
            "current_ratio": 240.35,
            "debt_ratio": 47.6,
            "inventory_turnover_ratio": 1.11,
            "account_receivable_turnover_ratio": 0.61,
            "reinvestment_rate": 74.69,
            "research_to_sale_ratio": 11.54,
            "price_fair": 65.8,
            "eps_avg_yearly": 1.88,
            "eps_latest_yearly": 2.32,
            "eps_growth_yearly": 3674.22
        },
        "20133": {
            "year_quarter": 20133,
            "year": 2013,
            "quarter": 3,
            "eps": 0.47,
            "eps_growth_year": 49.79,
            "eps_4q": 1.97,
            "eps_4q_growth_year": 177.08,
            "roe": 2.87,
            "roe_4q": 12.47,
            "gross_profit": 115171,
            "gross_margin": 43.35,
            "gross_margin_4q_avg": 39.99,
            "net_income": 22965,
            "net_income_4q": null,
            "revenue": 265650,
            "revenue_4q": null,
            "common_shares": 489020,
            "book_valuer_per_share": 16.58,
            "book_valuer_per_share_4q_avg": 16.23,
            "equity": 810963,
            "current_ratio": 162.16,
            "debt_ratio": 47.65,
            "inventory_turnover_ratio": 1.11,
            "account_receivable_turnover_ratio": 0.74,
            "reinvestment_rate": 69.99,
            "research_to_sale_ratio": 9.88,
            "price_fair": 67.42,
            "eps_avg_yearly": 1.93,
            "eps_latest_yearly": 1.88,
            "eps_growth_yearly": 3665.21
        },
        "20134": {
            "year_quarter": 20134,
            "year": 2013,
            "quarter": 4,
            "eps": 0.54,
            "eps_growth_year": 4.9,
            "eps_4q": 2,
            "eps_4q_growth_year": 51.6,
            "roe": 3.16,
            "roe_4q": 12.29,
            "gross_profit": 123861,
            "gross_margin": 43.19,
            "gross_margin_4q_avg": 40.63,
            "net_income": 26272,
            "net_income_4q": null,
            "revenue": 286808,
            "revenue_4q": null,
            "common_shares": 489020,
            "book_valuer_per_share": 17.44,
            "book_valuer_per_share_4q_avg": 16.67,
            "equity": 852720,
            "current_ratio": 172.49,
            "debt_ratio": 46.07,
            "inventory_turnover_ratio": 1.19,
            "account_receivable_turnover_ratio": 0.78,
            "reinvestment_rate": 25.03,
            "research_to_sale_ratio": 9.46,
            "price_fair": 69.57,
            "eps_avg_yearly": 1.99,
            "eps_latest_yearly": 2.16,
            "eps_growth_yearly": 3667.87
        },
        "20141": {
            "year_quarter": 20141,
            "year": 2014,
            "quarter": 1,
            "eps": 0.26,
            "eps_growth_year": -39.53,
            "eps_4q": 1.84,
            "eps_4q_growth_year": -8.94,
            "roe": 1.49,
            "roe_4q": 11.100000000000001,
            "gross_profit": 86322,
            "gross_margin": 35.3,
            "gross_margin_4q_avg": 39.78,
            "net_income": 12836,
            "net_income_4q": null,
            "revenue": 244505,
            "revenue_4q": null,
            "common_shares": 490968,
            "book_valuer_per_share": 17.76,
            "book_valuer_per_share_4q_avg": 17.04,
            "equity": 871721,
            "current_ratio": 177.97,
            "debt_ratio": 45.29,
            "inventory_turnover_ratio": 1.18,
            "account_receivable_turnover_ratio": 0.72,
            "reinvestment_rate": 18.03,
            "research_to_sale_ratio": 9.84,
            "price_fair": 62.68,
            "eps_avg_yearly": 1.79,
            "eps_latest_yearly": 1.04,
            "eps_growth_yearly": 3601.23
        },
        "20142": {
            "year_quarter": 20142,
            "year": 2014,
            "quarter": 2,
            "eps": 0.64,
            "eps_growth_year": 10.34,
            "eps_4q": 1.86,
            "eps_4q_growth_year": 2.24,
            "roe": 3.58,
            "roe_4q": 11.100000000000001,
            "gross_profit": 141522,
            "gross_margin": 38.63,
            "gross_margin_4q_avg": 40.12,
            "net_income": 31594,
            "net_income_4q": null,
            "revenue": 366332,
            "revenue_4q": null,
            "common_shares": 499699,
            "book_valuer_per_share": 17.91,
            "book_valuer_per_share_4q_avg": 17.42,
            "equity": 895090,
            "current_ratio": 192.56,
            "debt_ratio": 41.96,
            "inventory_turnover_ratio": 1.64,
            "account_receivable_turnover_ratio": 1.04,
            "reinvestment_rate": 1.73,
            "research_to_sale_ratio": 7.46,
            "price_fair": 63.43,
            "eps_avg_yearly": 1.81,
            "eps_latest_yearly": 2.56,
            "eps_growth_yearly": 3657.48
        },
        "20143": {
            "year_quarter": 20143,
            "year": 2014,
            "quarter": 3,
            "eps": 1.25,
            "eps_growth_year": 165.96,
            "eps_4q": 2.64,
            "eps_4q_growth_year": 33.99,
            "roe": 6.73,
            "roe_4q": 14.96,
            "gross_profit": 174833,
            "gross_margin": 43.07,
            "gross_margin_4q_avg": 40.05,
            "net_income": 63055,
            "net_income_4q": null,
            "revenue": 405972,
            "revenue_4q": null,
            "common_shares": 507069,
            "book_valuer_per_share": 19.32,
            "book_valuer_per_share_4q_avg": 18.11,
            "equity": 979537,
            "current_ratio": 207.69,
            "debt_ratio": 39.85,
            "inventory_turnover_ratio": 1.68,
            "account_receivable_turnover_ratio": 0.9,
            "reinvestment_rate": 3.58,
            "research_to_sale_ratio": 6.56,
            "price_fair": 74.09,
            "eps_avg_yearly": 2.12,
            "eps_latest_yearly": 5,
            "eps_growth_yearly": 3703.55
        },
        "20144": {
            "year_quarter": 20144,
            "year": 2014,
            "quarter": 4,
            "eps": 1.14,
            "eps_growth_year": 111.74,
            "eps_4q": 3.25,
            "eps_4q_growth_year": 62.15,
            "roe": 5.69,
            "roe_4q": 17.49,
            "gross_profit": 164984,
            "gross_margin": 40.14,
            "gross_margin_4q_avg": 39.29,
            "net_income": 57970,
            "net_income_4q": null,
            "revenue": 410991,
            "revenue_4q": null,
            "common_shares": 509648,
            "book_valuer_per_share": 20.79,
            "book_valuer_per_share_4q_avg": 18.95,
            "equity": 1059753,
            "current_ratio": 212.18,
            "debt_ratio": 40.24,
            "inventory_turnover_ratio": 1.8,
            "account_receivable_turnover_ratio": 0.81,
            "reinvestment_rate": 9.63,
            "research_to_sale_ratio": 6.02,
            "price_fair": 81.74,
            "eps_avg_yearly": 2.34,
            "eps_latest_yearly": 4.56,
            "eps_growth_yearly": 3680.72
        },
        "20151": {
            "year_quarter": 20151,
            "year": 2015,
            "quarter": 1,
            "eps": 0.75,
            "eps_growth_year": 188.46,
            "eps_4q": 3.53,
            "eps_4q_growth_year": 92.33,
            "roe": 3.45,
            "roe_4q": 19.450000000000003,
            "gross_profit": 152189,
            "gross_margin": 39.45,
            "gross_margin_4q_avg": 40.32,
            "net_income": 39147,
            "net_income_4q": null,
            "revenue": 385738,
            "revenue_4q": null,
            "common_shares": 542885,
            "book_valuer_per_share": 22.33,
            "book_valuer_per_share_4q_avg": 20.09,
            "equity": 1212171,
            "current_ratio": 264.55,
            "debt_ratio": 33.08,
            "inventory_turnover_ratio": 1.49,
            "account_receivable_turnover_ratio": 0.8,
            "reinvestment_rate": 26.67,
            "research_to_sale_ratio": 8.06,
            "price_fair": 87.12,
            "eps_avg_yearly": 2.49,
            "eps_latest_yearly": 3,
            "eps_growth_yearly": 3683.07
        },
        "20152": {
            "year_quarter": 20152,
            "year": 2015,
            "quarter": 2,
            "eps": 0.6,
            "eps_growth_year": -6.25,
            "eps_4q": 3.35,
            "eps_4q_growth_year": 80.22,
            "roe": 2.68,
            "roe_4q": 18.55,
            "gross_profit": 153212,
            "gross_margin": 38.52,
            "gross_margin_4q_avg": 40.3,
            "net_income": 32823,
            "net_income_4q": null,
            "revenue": 397717,
            "revenue_4q": null,
            "common_shares": 571806,
            "book_valuer_per_share": 21.7,
            "book_valuer_per_share_4q_avg": 21.04,
            "equity": 1240584,
            "current_ratio": 280.63,
            "debt_ratio": 31.36,
            "inventory_turnover_ratio": 1.44,
            "account_receivable_turnover_ratio": 0.89,
            "reinvestment_rate": 11.1,
            "research_to_sale_ratio": 7.98,
            "price_fair": 93.48,
            "eps_avg_yearly": 2.67,
            "eps_latest_yearly": 2.4,
            "eps_growth_yearly": 3706.46
        },
        "20153": {
            "year_quarter": 20153,
            "year": 2015,
            "quarter": 3,
            "eps": 1.39,
            "eps_growth_year": 11.2,
            "eps_4q": 3.59,
            "eps_4q_growth_year": 36.25,
            "roe": 6.2,
            "roe_4q": 18.020000000000003,
            "gross_profit": 184334,
            "gross_margin": 39.46,
            "gross_margin_4q_avg": 39.39,
            "net_income": 81223,
            "net_income_4q": null,
            "revenue": 467132,
            "revenue_4q": null,
            "common_shares": 587512,
            "book_valuer_per_share": 23.48,
            "book_valuer_per_share_4q_avg": 22.08,
            "equity": 1379661,
            "current_ratio": 292.49,
            "debt_ratio": 31.06,
            "inventory_turnover_ratio": 1.56,
            "account_receivable_turnover_ratio": 0.93,
            "reinvestment_rate": 8.93,
            "research_to_sale_ratio": 7.47,
            "price_fair": 95.52,
            "eps_avg_yearly": 2.73,
            "eps_latest_yearly": 5.56,
            "eps_growth_yearly": 85.43
        },
        "20154": {
            "year_quarter": 20154,
            "year": 2015,
            "quarter": 4,
            "eps": 1.11,
            "eps_growth_year": -2.08,
            "eps_4q": 3.69,
            "eps_4q_growth_year": 13.69,
            "roe": 4.68,
            "roe_4q": 17.009999999999998,
            "gross_profit": 208438,
            "gross_margin": 40.13,
            "gross_margin_4q_avg": 39.39,
            "net_income": 66211,
            "net_income_4q": null,
            "revenue": 519430,
            "revenue_4q": null,
            "common_shares": 594452,
            "book_valuer_per_share": 24.4,
            "book_valuer_per_share_4q_avg": 22.98,
            "equity": 1450498,
            "current_ratio": 334.87,
            "debt_ratio": 27.98,
            "inventory_turnover_ratio": 1.63,
            "account_receivable_turnover_ratio": 0.88,
            "reinvestment_rate": 2.38,
            "research_to_sale_ratio": 6.41,
            "price_fair": 99.8,
            "eps_avg_yearly": 2.85,
            "eps_latest_yearly": 4.44,
            "eps_growth_yearly": 73.57
        },
        "20161": {
            "year_quarter": 20161,
            "year": 2016,
            "quarter": 1,
            "eps": 0.1,
            "eps_growth_year": -86.67,
            "eps_4q": 3.13,
            "eps_4q_growth_year": -11.31,
            "roe": 0.41,
            "roe_4q": 13.969999999999999,
            "gross_profit": 129656,
            "gross_margin": 36.31,
            "gross_margin_4q_avg": 38.61,
            "net_income": 5976,
            "net_income_4q": null,
            "revenue": 357116,
            "revenue_4q": null,
            "common_shares": 594452,
            "book_valuer_per_share": 24.46,
            "book_valuer_per_share_4q_avg": 23.51,
            "equity": 1453988,
            "current_ratio": 374.72,
            "debt_ratio": 25.17,
            "inventory_turnover_ratio": 1.19,
            "account_receivable_turnover_ratio": 0.63,
            "reinvestment_rate": 0.69,
            "research_to_sale_ratio": 9.01,
            "price_fair": 94.08,
            "eps_avg_yearly": 2.69,
            "eps_latest_yearly": 0.4,
            "eps_growth_yearly": 44.41
        },
        "20162": {
            "year_quarter": 20162,
            "year": 2016,
            "quarter": 2,
            "eps": 0.57,
            "eps_growth_year": -5,
            "eps_4q": 3.03,
            "eps_4q_growth_year": -9.31,
            "roe": 2.45,
            "roe_4q": 13.74,
            "gross_profit": 156666,
            "gross_margin": 35.21,
            "gross_margin_4q_avg": 37.78,
            "net_income": 34147,
            "net_income_4q": null,
            "revenue": 444961,
            "revenue_4q": null,
            "common_shares": 594452,
            "book_valuer_per_share": 22.42,
            "book_valuer_per_share_4q_avg": 23.69,
            "equity": 1332589,
            "current_ratio": 289.5,
            "debt_ratio": 31.53,
            "inventory_turnover_ratio": 1.49,
            "account_receivable_turnover_ratio": 0.81,
            "reinvestment_rate": -2.51,
            "research_to_sale_ratio": 8.07,
            "price_fair": 93.19,
            "eps_avg_yearly": 2.66,
            "eps_latest_yearly": 2.28,
            "eps_growth_yearly": 159.13
        },
        "20163": {
            "year_quarter": 20163,
            "year": 2016,
            "quarter": 3,
            "eps": 0.67,
            "eps_growth_year": -51.8,
            "eps_4q": 2.39,
            "eps_4q_growth_year": -33.47,
            "roe": 3.08,
            "roe_4q": 10.620000000000001,
            "gross_profit": 189485,
            "gross_margin": 36.61,
            "gross_margin_4q_avg": 37.07,
            "net_income": 41489,
            "net_income_4q": null,
            "revenue": 517587,
            "revenue_4q": null,
            "common_shares": 618231,
            "book_valuer_per_share": 21.95,
            "book_valuer_per_share_4q_avg": 23.31,
            "equity": 1357183,
            "current_ratio": 324.38,
            "debt_ratio": 28.25,
            "inventory_turnover_ratio": 1.69,
            "account_receivable_turnover_ratio": 0.82,
            "reinvestment_rate": -10.15,
            "research_to_sale_ratio": 5.48,
            "price_fair": 96.34,
            "eps_avg_yearly": 2.75,
            "eps_latest_yearly": 2.68,
            "eps_growth_yearly": 178.58
        },
        "20164": {
            "year_quarter": 20164,
            "year": 2016,
            "quarter": 4,
            "eps": 1.23,
            "eps_growth_year": 10.45,
            "eps_4q": 2.52,
            "eps_4q_growth_year": -31.69,
            "roe": 5.56,
            "roe_4q": 11.5,
            "gross_profit": 218529,
            "gross_margin": 38.75,
            "gross_margin_4q_avg": 36.72,
            "net_income": 77767,
            "net_income_4q": null,
            "revenue": 563889,
            "revenue_4q": null,
            "common_shares": 632131,
            "book_valuer_per_share": 22.78,
            "book_valuer_per_share_4q_avg": 22.9,
            "equity": 1440056,
            "current_ratio": 327.46,
            "debt_ratio": 28.57,
            "inventory_turnover_ratio": 1.64,
            "account_receivable_turnover_ratio": 0.79,
            "reinvestment_rate": -15.79,
            "research_to_sale_ratio": 5.54,
            "price_fair": 102.64,
            "eps_avg_yearly": 2.93,
            "eps_latest_yearly": 4.92,
            "eps_growth_yearly": 183.35
        },
        "20171": {
            "year_quarter": 20171,
            "year": 2017,
            "quarter": 1,
            "eps": 0.3,
            "eps_growth_year": 200,
            "eps_4q": 2.72,
            "eps_4q_growth_year": -13.28,
            "roe": 1.27,
            "roe_4q": 12.36,
            "gross_profit": 160707,
            "gross_margin": 37.8,
            "gross_margin_4q_avg": 37.09,
            "net_income": 18333,
            "net_income_4q": null,
            "revenue": 425155,
            "revenue_4q": null,
            "common_shares": 632131,
            "book_valuer_per_share": 22.76,
            "book_valuer_per_share_4q_avg": 22.48,
            "equity": 1439006,
            "current_ratio": 381.84,
            "debt_ratio": 25.05,
            "inventory_turnover_ratio": 1.25,
            "account_receivable_turnover_ratio": 0.61,
            "reinvestment_rate": -16.7,
            "research_to_sale_ratio": 6.4,
            "price_fair": 101.5,
            "eps_avg_yearly": 2.9,
            "eps_latest_yearly": 1.2,
            "eps_growth_yearly": 168.37
        },
        "20172": {
            "year_quarter": 20172,
            "year": 2017,
            "quarter": 2,
            "eps": 0.7,
            "eps_growth_year": 22.81,
            "eps_4q": 2.83,
            "eps_4q_growth_year": -6.66,
            "roe": 3.03,
            "roe_4q": 12.94,
            "gross_profit": 181219,
            "gross_margin": 38.5,
            "gross_margin_4q_avg": 37.92,
            "net_income": 43146,
            "net_income_4q": null,
            "revenue": 470736,
            "revenue_4q": null,
            "common_shares": 632131,
            "book_valuer_per_share": 22,
            "book_valuer_per_share_4q_avg": 22.37,
            "equity": 1410315,
            "current_ratio": 298.3,
            "debt_ratio": 30.99,
            "inventory_turnover_ratio": 1.42,
            "account_receivable_turnover_ratio": 0.74,
            "reinvestment_rate": -7.28,
            "research_to_sale_ratio": 6.73,
            "price_fair": 102.55,
            "eps_avg_yearly": 2.93,
            "eps_latest_yearly": 2.8,
            "eps_growth_yearly": 192.98
        },
        "20173": {
            "year_quarter": 20173,
            "year": 2017,
            "quarter": 3,
            "eps": 0.79,
            "eps_growth_year": 17.91,
            "eps_4q": 2.96,
            "eps_4q_growth_year": 23.75,
            "roe": 3.42,
            "roe_4q": 13.279999999999998,
            "gross_profit": 190851,
            "gross_margin": 38.17,
            "gross_margin_4q_avg": 38.31,
            "net_income": 49297,
            "net_income_4q": null,
            "revenue": 500018,
            "revenue_4q": null,
            "common_shares": 638452,
            "book_valuer_per_share": 22.79,
            "book_valuer_per_share_4q_avg": 22.58,
            "equity": 1474948,
            "current_ratio": 355.85,
            "debt_ratio": 27.02,
            "inventory_turnover_ratio": 1.55,
            "account_receivable_turnover_ratio": 0.79,
            "reinvestment_rate": -6.78,
            "research_to_sale_ratio": 6.98,
            "price_fair": 105.35,
            "eps_avg_yearly": 3.01,
            "eps_latest_yearly": 3.16,
            "eps_growth_yearly": 200.93
        },
        "20174": {
            "year_quarter": 20174,
            "year": 2017,
            "quarter": 4,
            "eps": 0.49,
            "eps_growth_year": -60.19,
            "eps_4q": 2.23,
            "eps_4q_growth_year": -11.51,
            "roe": 2.01,
            "roe_4q": 9.729999999999999,
            "gross_profit": 172842,
            "gross_margin": 34.82,
            "gross_margin_4q_avg": 37.32,
            "net_income": 30045,
            "net_income_4q": null,
            "revenue": 496405,
            "revenue_4q": null,
            "common_shares": 638452,
            "book_valuer_per_share": 23.47,
            "book_valuer_per_share_4q_avg": 22.76,
            "equity": 1516286,
            "current_ratio": 360.53,
            "debt_ratio": 27.12,
            "inventory_turnover_ratio": 1.76,
            "account_receivable_turnover_ratio": 0.74,
            "reinvestment_rate": -6.92,
            "research_to_sale_ratio": 7.74,
            "price_fair": 104.91,
            "eps_avg_yearly": 3,
            "eps_latest_yearly": 1.96,
            "eps_growth_yearly": 187.72
        },
        "20181": {
            "year_quarter": 20181,
            "year": 2018,
            "quarter": 1,
            "eps": -0.26,
            "eps_growth_year": -186.67,
            "eps_4q": 1.68,
            "eps_4q_growth_year": -38,
            "roe": -1.16,
            "roe_4q": 7.299999999999999,
            "gross_profit": 127698,
            "gross_margin": 34.3,
            "gross_margin_4q_avg": 36.45,
            "net_income": -17561,
            "net_income_4q": null,
            "revenue": 372263,
            "revenue_4q": null,
            "common_shares": 638272,
            "book_valuer_per_share": 23.38,
            "book_valuer_per_share_4q_avg": 22.91,
            "equity": 1509398,
            "current_ratio": 381.28,
            "debt_ratio": 25.93,
            "inventory_turnover_ratio": 1.27,
            "account_receivable_turnover_ratio": 0.6,
            "reinvestment_rate": -2.32,
            "research_to_sale_ratio": 8.82,
            "price_fair": 109.48,
            "eps_avg_yearly": 3.13,
            "eps_latest_yearly": 1.96,
            "eps_growth_yearly": 214.06
        },
        "20182": {
            "year_quarter": 20182,
            "year": 2018,
            "quarter": 2,
            "eps": 0.37,
            "eps_growth_year": -47.14,
            "eps_4q": 1.37,
            "eps_4q_growth_year": -51.6,
            "roe": 1.49,
            "roe_4q": 5.76,
            "gross_profit": 161024,
            "gross_margin": 36.14,
            "gross_margin_4q_avg": 35.86,
            "net_income": 21935,
            "net_income_4q": null,
            "revenue": 445501,
            "revenue_4q": null,
            "common_shares": 638272,
            "book_valuer_per_share": 22.13,
            "book_valuer_per_share_4q_avg": 22.94,
            "equity": 1428843,
            "current_ratio": 302.16,
            "debt_ratio": 31.07,
            "inventory_turnover_ratio": 1.36,
            "account_receivable_turnover_ratio": 0.79,
            "reinvestment_rate": -1.37,
            "research_to_sale_ratio": 8.37,
            "price_fair": 110.9,
            "eps_avg_yearly": 3.17,
            "eps_latest_yearly": 1.96,
            "eps_growth_yearly": 187.59
        },
        "20183": {
            "year_quarter": 20183,
            "year": 2018,
            "quarter": 3,
            "eps": 0.37,
            "eps_growth_year": -53.16,
            "eps_4q": 0.96,
            "eps_4q_growth_year": -67.67,
            "roe": 1.52,
            "roe_4q": 3.8599999999999994,
            "gross_profit": 168811,
            "gross_margin": 35.2,
            "gross_margin_4q_avg": 35.12,
            "net_income": 21822,
            "net_income_4q": null,
            "revenue": 479644,
            "revenue_4q": null,
            "common_shares": 638032,
            "book_valuer_per_share": 22.27,
            "book_valuer_per_share_4q_avg": 22.81,
            "equity": 1435912,
            "current_ratio": 312.92,
            "debt_ratio": 29.82,
            "inventory_turnover_ratio": 1.43,
            "account_receivable_turnover_ratio": 0.78,
            "reinvestment_rate": 6.77,
            "research_to_sale_ratio": 8.54,
            "price_fair": 102.1,
            "eps_avg_yearly": 2.92,
            "eps_latest_yearly": 1.48,
            "eps_growth_yearly": 160.36
        },
        "20184": {
            "year_quarter": 20184,
            "year": 2018,
            "quarter": 4,
            "eps": 0.47,
            "eps_growth_year": -4.18,
            "eps_4q": 0.94,
            "eps_4q_growth_year": -58.06,
            "roe": 1.84,
            "roe_4q": 3.6900000000000004,
            "gross_profit": 169895,
            "gross_margin": 35.67,
            "gross_margin_4q_avg": 35.33,
            "net_income": 26783,
            "net_income_4q": null,
            "revenue": 476348,
            "revenue_4q": null,
            "common_shares": 638032,
            "book_valuer_per_share": 22.87,
            "book_valuer_per_share_4q_avg": 22.66,
            "equity": 1478498,
            "current_ratio": 313.82,
            "debt_ratio": 29.27,
            "inventory_turnover_ratio": 1.36,
            "account_receivable_turnover_ratio": 0.76,
            "reinvestment_rate": 12.8,
            "research_to_sale_ratio": 8.45,
            "price_fair": 95.4,
            "eps_avg_yearly": 2.73,
            "eps_latest_yearly": 1.88,
            "eps_growth_yearly": 170.59
        },
        "20191": {
            "year_quarter": 20191,
            "year": 2019,
            "quarter": 1,
            "eps": 0.35,
            "eps_growth_year": null,
            "eps_4q": 1.54,
            "eps_4q_growth_year": -8.56,
            "roe": 1.28,
            "roe_4q": 6.130000000000001,
            "gross_profit": 163521,
            "gross_margin": 35.38,
            "gross_margin_4q_avg": 35.6,
            "net_income": 19228,
            "net_income_4q": null,
            "revenue": 462202,
            "revenue_4q": null,
            "common_shares": 638032,
            "book_valuer_per_share": 23.51,
            "book_valuer_per_share_4q_avg": 22.7,
            "equity": 1516241,
            "current_ratio": 316.38,
            "debt_ratio": 29.26,
            "inventory_turnover_ratio": 1.29,
            "account_receivable_turnover_ratio": 0.75,
            "reinvestment_rate": 16.61,
            "research_to_sale_ratio": 8.35,
            "price_fair": 91.4,
            "eps_avg_yearly": 2.61,
            "eps_latest_yearly": 1.4,
            "eps_growth_yearly": 173.07
        },
        "20192": {
            "year_quarter": 20192,
            "year": 2019,
            "quarter": 2,
            "eps": 0.38,
            "eps_growth_year": 2.7,
            "eps_4q": 1.55,
            "eps_4q_growth_year": 13.15,
            "roe": 1.48,
            "roe_4q": 6.119999999999999,
            "gross_profit": 174952,
            "gross_margin": 31.12,
            "gross_margin_4q_avg": 34.34,
            "net_income": 22212,
            "net_income_4q": null,
            "revenue": 562204,
            "revenue_4q": null,
            "common_shares": 637987,
            "book_valuer_per_share": 23.08,
            "book_valuer_per_share_4q_avg": 22.93,
            "equity": 1492962,
            "current_ratio": 263.45,
            "debt_ratio": 34.52,
            "inventory_turnover_ratio": 1.45,
            "account_receivable_turnover_ratio": 0.81,
            "reinvestment_rate": 16.48,
            "research_to_sale_ratio": 7.35,
            "price_fair": 89.2,
            "eps_avg_yearly": 2.55,
            "eps_latest_yearly": 1.52,
            "eps_growth_yearly": 181.24
        },
        "20193": {
            "year_quarter": 20193,
            "year": 2019,
            "quarter": 3,
            "eps": 0.73,
            "eps_growth_year": 97.3,
            "eps_4q": 1.88,
            "eps_4q_growth_year": 96.22,
            "roe": 2.93,
            "roe_4q": 7.53,
            "gross_profit": 217052,
            "gross_margin": 33.08,
            "gross_margin_4q_avg": 33.81,
            "net_income": 44300,
            "net_income_4q": null,
            "revenue": 656126,
            "revenue_4q": null,
            "common_shares": 638562,
            "book_valuer_per_share": 23.56,
            "book_valuer_per_share_4q_avg": 23.26,
            "equity": 1534484,
            "current_ratio": 250.64,
            "debt_ratio": 36.23,
            "inventory_turnover_ratio": 1.4,
            "account_receivable_turnover_ratio": 0.83,
            "reinvestment_rate": 17.39,
            "research_to_sale_ratio": 6,
            "price_fair": 82.6,
            "eps_avg_yearly": 2.36,
            "eps_latest_yearly": 2.92,
            "eps_growth_yearly": 169.93
        },
        "20194": {
            "year_quarter": 20194,
            "year": 2019,
            "quarter": 4,
            "eps": -0.07,
            "eps_growth_year": -114.08,
            "eps_4q": 1.35,
            "eps_4q_growth_year": 44.33,
            "roe": -0.61,
            "roe_4q": 5.08,
            "gross_profit": 183703,
            "gross_margin": 28.71,
            "gross_margin_4q_avg": 32.07,
            "net_income": -9373,
            "net_income_4q": null,
            "revenue": 639880,
            "revenue_4q": null,
            "common_shares": 649107,
            "book_valuer_per_share": 23.27,
            "book_valuer_per_share_4q_avg": 23.36,
            "equity": 1531102,
            "current_ratio": 232,
            "debt_ratio": 39.37,
            "inventory_turnover_ratio": 1.31,
            "account_receivable_turnover_ratio": 0.76,
            "reinvestment_rate": 28.5,
            "research_to_sale_ratio": 8.08,
            "price_fair": 77,
            "eps_avg_yearly": 2.2,
            "eps_latest_yearly": 2.92,
            "eps_growth_yearly": 189.2
        },
        "20201": {
            "year_quarter": 20201,
            "year": 2020,
            "quarter": 1,
            "eps": 0.01,
            "eps_growth_year": -97.14,
            "eps_4q": 1.02,
            "eps_4q_growth_year": -33.65,
            "roe": -0.1,
            "roe_4q": 3.7,
            "gross_profit": 137937,
            "gross_margin": 29.56,
            "gross_margin_4q_avg": 30.62,
            "net_income": -1605,
            "net_income_4q": null,
            "revenue": 466685,
            "revenue_4q": null,
            "common_shares": 651667,
            "book_valuer_per_share": 23.25,
            "book_valuer_per_share_4q_avg": 23.29,
            "equity": 1529064,
            "current_ratio": 237.13,
            "debt_ratio": 38.55,
            "inventory_turnover_ratio": 0.87,
            "account_receivable_turnover_ratio": 0.59,
            "reinvestment_rate": 27.32,
            "research_to_sale_ratio": 7.49,
            "price_fair": 82.25,
            "eps_avg_yearly": 2.35,
            "eps_latest_yearly": 2.92,
            "eps_growth_yearly": 235.3
        },
        "20202": {
            "year_quarter": 20202,
            "year": 2020,
            "quarter": 2,
            "eps": 0.3,
            "eps_growth_year": -21.05,
            "eps_4q": 0.97,
            "eps_4q_growth_year": -37.23,
            "roe": 1.05,
            "roe_4q": 3.2700000000000005,
            "gross_profit": 188306,
            "gross_margin": 32.51,
            "gross_margin_4q_avg": 30.97,
            "net_income": 15579,
            "net_income_4q": null,
            "revenue": 579234,
            "revenue_4q": null,
            "common_shares": 652407,
            "book_valuer_per_share": 22.15,
            "book_valuer_per_share_4q_avg": 23.06,
            "equity": 1426394,
            "current_ratio": 218.58,
            "debt_ratio": 40.17,
            "inventory_turnover_ratio": 1.03,
            "account_receivable_turnover_ratio": 0.77,
            "reinvestment_rate": 36.62,
            "research_to_sale_ratio": 7.92,
            "price_fair": 79.1,
            "eps_avg_yearly": 2.26,
            "eps_latest_yearly": 1.2,
            "eps_growth_yearly": 1045.3
        },
        "20203": {
            "year_quarter": 20203,
            "year": 2020,
            "quarter": 3,
            "eps": 0.47,
            "eps_growth_year": -35.62,
            "eps_4q": 0.7,
            "eps_4q_growth_year": -62.45,
            "roe": 1.82,
            "roe_4q": 2.16,
            "gross_profit": 229353,
            "gross_margin": 33.54,
            "gross_margin_4q_avg": 31.08,
            "net_income": 26522,
            "net_income_4q": null,
            "revenue": 683736,
            "revenue_4q": null,
            "common_shares": 652407,
            "book_valuer_per_share": 22.93,
            "book_valuer_per_share_4q_avg": 22.9,
            "equity": 1481236,
            "current_ratio": 217.05,
            "debt_ratio": 41.24,
            "inventory_turnover_ratio": 1.19,
            "account_receivable_turnover_ratio": 0.8,
            "reinvestment_rate": 43.51,
            "research_to_sale_ratio": 5.63,
            "price_fair": 76.77,
            "eps_avg_yearly": 2.19,
            "eps_latest_yearly": 1.88,
            "eps_growth_yearly": 1058.34
        },
        "20204": {
            "year_quarter": 20204,
            "year": 2020,
            "quarter": 4,
            "eps": 0.7,
            "eps_growth_year": null,
            "eps_4q": 1.46,
            "eps_4q_growth_year": 7.95,
            "roe": 2.25,
            "roe_4q": 5.0200000000000005,
            "gross_profit": 222173,
            "gross_margin": 32.72,
            "gross_margin_4q_avg": 32.08,
            "net_income": 34259,
            "net_income_4q": null,
            "revenue": 678981,
            "revenue_4q": null,
            "common_shares": 654064,
            "book_valuer_per_share": 23.97,
            "book_valuer_per_share_4q_avg": 23.08,
            "equity": 1561553,
            "current_ratio": 210.76,
            "debt_ratio": 41.86,
            "inventory_turnover_ratio": 1.16,
            "account_receivable_turnover_ratio": 0.72,
            "reinvestment_rate": 44.22,
            "research_to_sale_ratio": 7.97,
            "price_fair": 70.58,
            "eps_avg_yearly": 2.02,
            "eps_latest_yearly": 2.8,
            "eps_growth_yearly": 1046.79
        },
        "20211": {
            "year_quarter": 20211,
            "year": 2021,
            "quarter": 1,
            "eps": 0.5,
            "eps_growth_year": 4900,
            "eps_4q": 1.94,
            "eps_4q_growth_year": 89.43,
            "roe": 1.75,
            "roe_4q": 6.87,
            "gross_profit": 215308,
            "gross_margin": 31.85,
            "gross_margin_4q_avg": 32.66,
            "net_income": 27529,
            "net_income_4q": null,
            "revenue": 676064,
            "revenue_4q": null,
            "common_shares": 655164,
            "book_valuer_per_share": 24.4,
            "book_valuer_per_share_4q_avg": 23.36,
            "equity": 1592969,
            "current_ratio": 205.1,
            "debt_ratio": 42.69,
            "inventory_turnover_ratio": 1.2,
            "account_receivable_turnover_ratio": 0.71,
            "reinvestment_rate": 45.16,
            "research_to_sale_ratio": 5.86,
            "price_fair": 72.92,
            "eps_avg_yearly": 2.08,
            "eps_latest_yearly": 2,
            "eps_growth_yearly": 1062.47
        },
        "20212": {
            "year_quarter": 20212,
            "year": 2021,
            "quarter": 2,
            "eps": 0.35,
            "eps_growth_year": 16.67,
            "eps_4q": 1.99,
            "eps_4q_growth_year": 104.15,
            "roe": 1.19,
            "roe_4q": 7.01,
            "gross_profit": 206080,
            "gross_margin": 31.67,
            "gross_margin_4q_avg": 32.45,
            "net_income": 19076,
            "net_income_4q": null,
            "revenue": 650811,
            "revenue_4q": null,
            "common_shares": 655014,
            "book_valuer_per_share": 24.59,
            "book_valuer_per_share_4q_avg": 23.97,
            "equity": 1605494,
            "current_ratio": 194.51,
            "debt_ratio": 44.57,
            "inventory_turnover_ratio": 1.1,
            "account_receivable_turnover_ratio": 0.71,
            "reinvestment_rate": 43.73,
            "research_to_sale_ratio": 6.21,
            "price_fair": 68.83,
            "eps_avg_yearly": 1.97,
            "eps_latest_yearly": 1.4,
            "eps_growth_yearly": 1008.03
        },
        "20213": {
            "year_quarter": 20213,
            "year": 2021,
            "quarter": 3,
            "eps": 0.9,
            "eps_growth_year": 91.49,
            "eps_4q": 2.42,
            "eps_4q_growth_year": 243.33,
            "roe": 3.33,
            "roe_4q": 8.52,
            "gross_profit": 249206,
            "gross_margin": 30.74,
            "gross_margin_4q_avg": 31.75,
            "net_income": 53786,
            "net_income_4q": null,
            "revenue": 810793,
            "revenue_4q": null,
            "common_shares": 658799,
            "book_valuer_per_share": 24.87,
            "book_valuer_per_share_4q_avg": 24.46,
            "equity": 1623614,
            "current_ratio": 168.05,
            "debt_ratio": 55.79,
            "inventory_turnover_ratio": 1.22,
            "account_receivable_turnover_ratio": 0.86,
            "reinvestment_rate": 42.9,
            "research_to_sale_ratio": 5.68,
            "price_fair": 70.12,
            "eps_avg_yearly": 2,
            "eps_latest_yearly": 3.6,
            "eps_growth_yearly": 1056.12
        },
        "20214": {
            "year_quarter": 20214,
            "year": 2021,
            "quarter": 4,
            "eps": 0.9,
            "eps_growth_year": 29.51,
            "eps_4q": 2.53,
            "eps_4q_growth_year": 73.52,
            "roe": 3.55,
            "roe_4q": 9.82,
            "gross_profit": 268854,
            "gross_margin": 32.59,
            "gross_margin_4q_avg": 31.71,
            "net_income": 61677,
            "net_income_4q": null,
            "revenue": 824969,
            "revenue_4q": null,
            "common_shares": 660477,
            "book_valuer_per_share": 26.59,
            "book_valuer_per_share_4q_avg": 25.11,
            "equity": 1849947,
            "current_ratio": 198.75,
            "debt_ratio": 53.55,
            "inventory_turnover_ratio": 1.11,
            "account_receivable_turnover_ratio": 0.8,
            "reinvestment_rate": 244.68,
            "research_to_sale_ratio": 5.09,
            "price_fair": 74.9,
            "eps_avg_yearly": 2.14,
            "eps_latest_yearly": 3.6,
            "eps_growth_yearly": 1068.78
        },
        "20221": {
            "year_quarter": 20221,
            "year": 2022,
            "quarter": 1,
            "eps": 1.05,
            "eps_growth_year": 110,
            "eps_4q": 3.01,
            "eps_4q_growth_year": 55.66,
            "roe": 3.75,
            "roe_4q": 11.819999999999999,
            "gross_profit": 270082,
            "gross_margin": 32.78,
            "gross_margin_4q_avg": 31.95,
            "net_income": 73450,
            "net_income_4q": null,
            "revenue": 823932,
            "revenue_4q": null,
            "common_shares": 700962,
            "book_valuer_per_share": 28.66,
            "book_valuer_per_share_4q_avg": 26.18,
            "equity": 2070059,
            "current_ratio": 204.35,
            "debt_ratio": 49.63,
            "inventory_turnover_ratio": 1.06,
            "account_receivable_turnover_ratio": 0.78,
            "reinvestment_rate": 200.09,
            "research_to_sale_ratio": 5.18,
            "price_fair": 80.45,
            "eps_avg_yearly": 2.3,
            "eps_latest_yearly": 4.2,
            "eps_growth_yearly": 991.7
        },
        "20222": {
            "year_quarter": 20222,
            "year": 2022,
            "quarter": 2,
            "eps": 1.13,
            "eps_growth_year": 222.86,
            "eps_4q": 3.58,
            "eps_4q_growth_year": 80.22,
            "roe": 3.6,
            "roe_4q": 14.229999999999999,
            "gross_profit": 304869,
            "gross_margin": 32.8,
            "gross_margin_4q_avg": 32.23,
            "net_income": 76313,
            "net_income_4q": null,
            "revenue": 929410,
            "revenue_4q": null,
            "common_shares": 728116,
            "book_valuer_per_share": 28.24,
            "book_valuer_per_share_4q_avg": 27.09,
            "equity": 2168213,
            "current_ratio": 175.24,
            "debt_ratio": 50.79,
            "inventory_turnover_ratio": 1.17,
            "account_receivable_turnover_ratio": 0.88,
            "reinvestment_rate": 182.33,
            "research_to_sale_ratio": 5.16,
            "price_fair": 86,
            "eps_avg_yearly": 2.46,
            "eps_latest_yearly": 4.52,
            "eps_growth_yearly": 923.04
        },
        "20223": {
            "year_quarter": 20223,
            "year": 2022,
            "quarter": 3,
            "eps": 0.75,
            "eps_growth_year": -16.67,
            "eps_4q": 2.91,
            "eps_4q_growth_year": 20.23,
            "roe": 2.42,
            "roe_4q": 13.32,
            "gross_profit": 284908,
            "gross_margin": 32.35,
            "gross_margin_4q_avg": 32.63,
            "net_income": 63268,
            "net_income_4q": null,
            "revenue": 880587,
            "revenue_4q": null,
            "common_shares": 897996,
            "book_valuer_per_share": 31.7,
            "book_valuer_per_share_4q_avg": 28.8,
            "equity": 3063844,
            "current_ratio": 234.65,
            "debt_ratio": 37.67,
            "inventory_turnover_ratio": 1.13,
            "account_receivable_turnover_ratio": 0.8,
            "reinvestment_rate": 172.28,
            "research_to_sale_ratio": 5.23,
            "price_fair": 89.8,
            "eps_avg_yearly": 2.57,
            "eps_latest_yearly": 3,
            "eps_growth_yearly": 913.43
        },
        "20224": {
            "year_quarter": 20224,
            "year": 2022,
            "quarter": 4,
            "eps": -0.51,
            "eps_growth_year": -156.19,
            "eps_4q": 1.75,
            "eps_4q_growth_year": -30.78,
            "roe": -1.69,
            "roe_4q": 8.08,
            "gross_profit": 164618,
            "gross_margin": 25.57,
            "gross_margin_4q_avg": 30.88,
            "net_income": -51265,
            "net_income_4q": null,
            "revenue": 643835,
            "revenue_4q": null,
            "common_shares": 971080,
            "book_valuer_per_share": 31.04,
            "book_valuer_per_share_4q_avg": 29.91,
            "equity": 3002992,
            "current_ratio": 247.79,
            "debt_ratio": 38.17,
            "inventory_turnover_ratio": 0.98,
            "account_receivable_turnover_ratio": 0.64,
            "reinvestment_rate": 197.37,
            "research_to_sale_ratio": 7.93,
            "price_fair": 91.65,
            "eps_avg_yearly": 2.62,
            "eps_latest_yearly": 3,
            "eps_growth_yearly": 975.38
        },
        "20231": {
            "year_quarter": 20231,
            "year": 2023,
            "quarter": 1,
            "eps": 0.34,
            "eps_growth_year": -67.62,
            "eps_4q": 1.33,
            "eps_4q_growth_year": -55.94,
            "roe": 2.36,
            "roe_4q": 6.6899999999999995,
            "gross_profit": 163103,
            "gross_margin": 24.29,
            "gross_margin_4q_avg": 28.75,
            "net_income": 71812,
            "net_income_4q": null,
            "revenue": 671568,
            "revenue_4q": null,
            "common_shares": 971080,
            "book_valuer_per_share": 31.4,
            "book_valuer_per_share_4q_avg": 30.6,
            "equity": 3081589,
            "current_ratio": 246.25,
            "debt_ratio": 38.33,
            "inventory_turnover_ratio": 1.12,
            "account_receivable_turnover_ratio": 0.79,
            "reinvestment_rate": 190.42,
            "research_to_sale_ratio": 6.93,
            "price_fair": 95.2,
            "eps_avg_yearly": 2.72,
            "eps_latest_yearly": 3,
            "eps_growth_yearly": 1065.17
        },
        "20232": {
            "year_quarter": 20232,
            "year": 2023,
            "quarter": 2,
            "eps": -0.07,
            "eps_growth_year": -106.19,
            "eps_4q": 0.44,
            "eps_4q_growth_year": -87.8,
            "roe": -0.28,
            "roe_4q": 2.81,
            "gross_profit": 189060,
            "gross_margin": 28.01,
            "gross_margin_4q_avg": 27.56,
            "net_income": -8238,
            "net_income_4q": null,
            "revenue": 675032,
            "revenue_4q": null,
            "common_shares": 971080,
            "book_valuer_per_share": 29.41,
            "book_valuer_per_share_4q_avg": 30.89,
            "equity": 2887508,
            "current_ratio": 214.24,
            "debt_ratio": 42.09,
            "inventory_turnover_ratio": 1.14,
            "account_receivable_turnover_ratio": 0.81,
            "reinvestment_rate": 200.7,
            "research_to_sale_ratio": 7.17,
            "price_fair": 99.02,
            "eps_avg_yearly": 2.83,
            "eps_latest_yearly": 3,
            "eps_growth_yearly": 1158.89
        },
        "20233": {
            "year_quarter": 20233,
            "year": 2023,
            "quarter": 3,
            "eps": -0.18,
            "eps_growth_year": -124,
            "eps_4q": -0.41,
            "eps_4q_growth_year": -114.23,
            "roe": -0.74,
            "roe_4q": -0.3500000000000001,
            "gross_profit": 209938,
            "gross_margin": 28.39,
            "gross_margin_4q_avg": 26.57,
            "net_income": -21207,
            "net_income_4q": null,
            "revenue": 739490,
            "revenue_4q": null,
            "common_shares": 971080,
            "book_valuer_per_share": 29.61,
            "book_valuer_per_share_4q_avg": 30.37,
            "equity": 2858093,
            "current_ratio": 204.31,
            "debt_ratio": 44.61,
            "inventory_turnover_ratio": 1.3,
            "account_receivable_turnover_ratio": 0.85,
            "reinvestment_rate": 231.72,
            "research_to_sale_ratio": 7.91,
            "price_fair": 98.7,
            "eps_avg_yearly": 2.82,
            "eps_latest_yearly": 3,
            "eps_growth_yearly": 1237.93
        }
    },
    "months": {
        "2003-01": {
            "month": "2003-01",
            "price": "33.68",
            "revenue": 48651
        },
        "2003-02": {
            "month": "2003-02",
            "price": "35.71",
            "revenue": 36754
        },
        "2003-03": {
            "month": "2003-03",
            "price": "35.42",
            "revenue": 48777
        },
        "2003-04": {
            "month": "2003-04",
            "price": "34.18",
            "revenue": 39772
        },
        "2003-05": {
            "month": "2003-05",
            "price": "31.80",
            "revenue": 36702
        },
        "2003-06": {
            "month": "2003-06",
            "price": "31.86",
            "revenue": 34394
        },
        "2003-07": {
            "month": "2003-07",
            "price": "31.82",
            "revenue": 30402
        },
        "2003-08": {
            "month": "2003-08",
            "price": "31.49",
            "revenue": 32187
        },
        "2003-09": {
            "month": "2003-09",
            "price": "29.86",
            "revenue": 37753
        },
        "2003-10": {
            "month": "2003-10",
            "price": "30.54",
            "revenue": 33209
        },
        "2003-11": {
            "month": "2003-11",
            "price": "32.85",
            "revenue": 27442
        },
        "2003-12": {
            "month": "2003-12",
            "price": "29.95",
            "revenue": 27390
        },
        "2004-01": {
            "month": "2004-01",
            "price": "28.95",
            "revenue": 19503
        },
        "2004-02": {
            "month": "2004-02",
            "price": "29.70",
            "revenue": 21390
        },
        "2004-03": {
            "month": "2004-03",
            "price": "30.62",
            "revenue": 29024
        },
        "2004-04": {
            "month": "2004-04",
            "price": "29.31",
            "revenue": 24834
        },
        "2004-05": {
            "month": "2004-05",
            "price": "24.44",
            "revenue": 25158
        },
        "2004-06": {
            "month": "2004-06",
            "price": "25.53",
            "revenue": 30951
        },
        "2004-07": {
            "month": "2004-07",
            "price": "21.53",
            "revenue": 31250
        },
        "2004-08": {
            "month": "2004-08",
            "price": "19.94",
            "revenue": 23728
        },
        "2004-09": {
            "month": "2004-09",
            "price": "21.96",
            "revenue": 24306
        },
        "2004-10": {
            "month": "2004-10",
            "price": "24.14",
            "revenue": 20795
        },
        "2004-11": {
            "month": "2004-11",
            "price": "18.78",
            "revenue": 17533
        },
        "2004-12": {
            "month": "2004-12",
            "price": "15.51",
            "revenue": 12013
        },
        "2005-01": {
            "month": "2005-01",
            "price": "12.78",
            "revenue": 21747
        },
        "2005-02": {
            "month": "2005-02",
            "price": "12.05",
            "revenue": 21148
        },
        "2005-03": {
            "month": "2005-03",
            "price": "12.27",
            "revenue": 20719
        },
        "2005-04": {
            "month": "2005-04",
            "price": "9.51",
            "revenue": 20027
        },
        "2005-05": {
            "month": "2005-05",
            "price": "6.91",
            "revenue": 20209
        },
        "2005-06": {
            "month": "2005-06",
            "price": "8.80",
            "revenue": 16626
        },
        "2005-07": {
            "month": "2005-07",
            "price": "12.80",
            "revenue": 16443
        },
        "2005-08": {
            "month": "2005-08",
            "price": "11.44",
            "revenue": 16502
        },
        "2005-09": {
            "month": "2005-09",
            "price": "10.66",
            "revenue": 17153
        },
        "2005-10": {
            "month": "2005-10",
            "price": "11.33",
            "revenue": 21170
        },
        "2005-11": {
            "month": "2005-11",
            "price": "12.60",
            "revenue": 20724
        },
        "2005-12": {
            "month": "2005-12",
            "price": "11.95",
            "revenue": 17002
        },
        "2006-01": {
            "month": "2006-01",
            "price": "11.10",
            "revenue": 23375
        },
        "2006-02": {
            "month": "2006-02",
            "price": "10.42",
            "revenue": 19370
        },
        "2006-03": {
            "month": "2006-03",
            "price": "12.01",
            "revenue": 25944
        },
        "2006-04": {
            "month": "2006-04",
            "price": "15.94",
            "revenue": 23503
        },
        "2006-05": {
            "month": "2006-05",
            "price": "14.89",
            "revenue": 20247
        },
        "2006-06": {
            "month": "2006-06",
            "price": "12.93",
            "revenue": 21277
        },
        "2006-07": {
            "month": "2006-07",
            "price": "12.29",
            "revenue": 19600
        },
        "2006-08": {
            "month": "2006-08",
            "price": "11.91",
            "revenue": 18588
        },
        "2006-09": {
            "month": "2006-09",
            "price": "11.29",
            "revenue": 15611
        },
        "2006-10": {
            "month": "2006-10",
            "price": "12.17",
            "revenue": 17084
        },
        "2006-11": {
            "month": "2006-11",
            "price": "14.21",
            "revenue": 18871
        },
        "2006-12": {
            "month": "2006-12",
            "price": "13.70",
            "revenue": 15938
        },
        "2007-01": {
            "month": "2007-01",
            "price": "13.67",
            "revenue": 15187
        },
        "2007-02": {
            "month": "2007-02",
            "price": "13.45",
            "revenue": 12485
        },
        "2007-03": {
            "month": "2007-03",
            "price": "14.35",
            "revenue": 16979
        },
        "2007-04": {
            "month": "2007-04",
            "price": "14.34",
            "revenue": 15490
        },
        "2007-05": {
            "month": "2007-05",
            "price": "13.60",
            "revenue": 16103
        },
        "2007-06": {
            "month": "2007-06",
            "price": "14.01",
            "revenue": 16205
        },
        "2007-07": {
            "month": "2007-07",
            "price": "16.24",
            "revenue": 16244
        },
        "2007-08": {
            "month": "2007-08",
            "price": "14.42",
            "revenue": 18169
        },
        "2007-09": {
            "month": "2007-09",
            "price": "13.11",
            "revenue": 18963
        },
        "2007-10": {
            "month": "2007-10",
            "price": "11.80",
            "revenue": 22243
        },
        "2007-11": {
            "month": "2007-11",
            "price": "9.25",
            "revenue": 24277
        },
        "2007-12": {
            "month": "2007-12",
            "price": "7.79",
            "revenue": 26044
        },
        "2008-01": {
            "month": "2008-01",
            "price": "6.98",
            "revenue": 25282
        },
        "2008-02": {
            "month": "2008-02",
            "price": "7.28",
            "revenue": 21223
        },
        "2008-03": {
            "month": "2008-03",
            "price": "8.25",
            "revenue": 26538
        },
        "2008-04": {
            "month": "2008-04",
            "price": "8.65",
            "revenue": 22889
        },
        "2008-05": {
            "month": "2008-05",
            "price": "8.56",
            "revenue": 25807
        },
        "2008-06": {
            "month": "2008-06",
            "price": "7.87",
            "revenue": 25477
        },
        "2008-07": {
            "month": "2008-07",
            "price": "7.09",
            "revenue": 23870
        },
        "2008-08": {
            "month": "2008-08",
            "price": "7.11",
            "revenue": 21528
        },
        "2008-09": {
            "month": "2008-09",
            "price": "6.25",
            "revenue": 33830
        },
        "2008-10": {
            "month": "2008-10",
            "price": "6.26",
            "revenue": 51758
        },
        "2008-11": {
            "month": "2008-11",
            "price": "4.64",
            "revenue": 29875
        },
        "2008-12": {
            "month": "2008-12",
            "price": "4.12",
            "revenue": 10346
        },
        "2009-01": {
            "month": "2009-01",
            "price": "3.95",
            "revenue": 17092
        },
        "2009-02": {
            "month": "2009-02",
            "price": "3.93",
            "revenue": 18814
        },
        "2009-03": {
            "month": "2009-03",
            "price": "4.63",
            "revenue": 30887
        },
        "2009-04": {
            "month": "2009-04",
            "price": "6.04",
            "revenue": 30274
        },
        "2009-05": {
            "month": "2009-05",
            "price": "6.86",
            "revenue": 31652
        },
        "2009-06": {
            "month": "2009-06",
            "price": "7.73",
            "revenue": 39042
        },
        "2009-07": {
            "month": "2009-07",
            "price": "11.65",
            "revenue": 43480
        },
        "2009-08": {
            "month": "2009-08",
            "price": "15.67",
            "revenue": 41413
        },
        "2009-09": {
            "month": "2009-09",
            "price": "18.51",
            "revenue": 48124
        },
        "2009-10": {
            "month": "2009-10",
            "price": "20.66",
            "revenue": 62422
        },
        "2009-11": {
            "month": "2009-11",
            "price": "19.84",
            "revenue": 55469
        },
        "2009-12": {
            "month": "2009-12",
            "price": "20.89",
            "revenue": 41390
        },
        "2010-01": {
            "month": "2010-01",
            "price": "22.06",
            "revenue": 71511
        },
        "2010-02": {
            "month": "2010-02",
            "price": "23.88",
            "revenue": 48663
        },
        "2010-03": {
            "month": "2010-03",
            "price": "36.12",
            "revenue": 64236
        },
        "2010-04": {
            "month": "2010-04",
            "price": "62.57",
            "revenue": 81204
        },
        "2010-05": {
            "month": "2010-05",
            "price": "59.21",
            "revenue": 58223
        },
        "2010-06": {
            "month": "2010-06",
            "price": "48.99",
            "revenue": 71523
        },
        "2010-07": {
            "month": "2010-07",
            "price": "54.86",
            "revenue": 81190
        },
        "2010-08": {
            "month": "2010-08",
            "price": "51.92",
            "revenue": 35086
        },
        "2010-09": {
            "month": "2010-09",
            "price": "41.87",
            "revenue": 55427
        },
        "2010-10": {
            "month": "2010-10",
            "price": "38.95",
            "revenue": 49533
        },
        "2010-11": {
            "month": "2010-11",
            "price": "33.31",
            "revenue": 56990
        },
        "2010-12": {
            "month": "2010-12",
            "price": "39.23",
            "revenue": 78953
        },
        "2011-01": {
            "month": "2011-01",
            "price": "40.90",
            "revenue": 53578
        },
        "2011-02": {
            "month": "2011-02",
            "price": "42.46",
            "revenue": 49126
        },
        "2011-03": {
            "month": "2011-03",
            "price": "46.40",
            "revenue": 93573
        },
        "2011-04": {
            "month": "2011-04",
            "price": "45.14",
            "revenue": 66840
        },
        "2011-05": {
            "month": "2011-05",
            "price": "41.03",
            "revenue": 87663
        },
        "2011-06": {
            "month": "2011-06",
            "price": "35.78",
            "revenue": 63642
        },
        "2011-07": {
            "month": "2011-07",
            "price": "31.25",
            "revenue": 68673
        },
        "2011-08": {
            "month": "2011-08",
            "price": "26.66",
            "revenue": 103702
        },
        "2011-09": {
            "month": "2011-09",
            "price": "31.95",
            "revenue": 88997
        },
        "2011-10": {
            "month": "2011-10",
            "price": "29.30",
            "revenue": 79573
        },
        "2011-11": {
            "month": "2011-11",
            "price": "32.85",
            "revenue": 56805
        },
        "2011-12": {
            "month": "2011-12",
            "price": "26.26",
            "revenue": 69154
        },
        "2012-01": {
            "month": "2012-01",
            "price": "26.44",
            "revenue": 50693
        },
        "2012-02": {
            "month": "2012-02",
            "price": "41.22",
            "revenue": 58038
        },
        "2012-03": {
            "month": "2012-03",
            "price": "43.78",
            "revenue": 64386
        },
        "2012-04": {
            "month": "2012-04",
            "price": "37.08",
            "revenue": 83514
        },
        "2012-05": {
            "month": "2012-05",
            "price": "40.13",
            "revenue": 83350
        },
        "2012-06": {
            "month": "2012-06",
            "price": "40.32",
            "revenue": 76498
        },
        "2012-07": {
            "month": "2012-07",
            "price": "42.45",
            "revenue": 67816
        },
        "2012-08": {
            "month": "2012-08",
            "price": "42.46",
            "revenue": 69209
        },
        "2012-09": {
            "month": "2012-09",
            "price": "46.15",
            "revenue": 91719
        },
        "2012-10": {
            "month": "2012-10",
            "price": "43.57",
            "revenue": 92984
        },
        "2012-11": {
            "month": "2012-11",
            "price": "39.24",
            "revenue": 78680
        },
        "2012-12": {
            "month": "2012-12",
            "price": "35.90",
            "revenue": 72164
        },
        "2013-01": {
            "month": "2013-01",
            "price": "35.17",
            "revenue": 129888
        },
        "2013-02": {
            "month": "2013-02",
            "price": "35.35",
            "revenue": 76211
        },
        "2013-03": {
            "month": "2013-03",
            "price": "33.40",
            "revenue": 74029
        },
        "2013-04": {
            "month": "2013-04",
            "price": "29.16",
            "revenue": 74775
        },
        "2013-05": {
            "month": "2013-05",
            "price": "29.69",
            "revenue": 76168
        },
        "2013-06": {
            "month": "2013-06",
            "price": "27.76",
            "revenue": 80885
        },
        "2013-07": {
            "month": "2013-07",
            "price": "24.78",
            "revenue": 85961
        },
        "2013-08": {
            "month": "2013-08",
            "price": "26.09",
            "revenue": 85464
        },
        "2013-09": {
            "month": "2013-09",
            "price": "26.63",
            "revenue": 106036
        },
        "2013-10": {
            "month": "2013-10",
            "price": "26.87",
            "revenue": 88297
        },
        "2013-11": {
            "month": "2013-11",
            "price": "25.77",
            "revenue": 99351
        },
        "2013-12": {
            "month": "2013-12",
            "price": "26.73",
            "revenue": 102085
        },
        "2014-01": {
            "month": "2014-01",
            "price": "36.82",
            "revenue": 71755
        },
        "2014-02": {
            "month": "2014-02",
            "price": "35.98",
            "revenue": 76515
        },
        "2014-03": {
            "month": "2014-03",
            "price": "39.48",
            "revenue": 96198
        },
        "2014-04": {
            "month": "2014-04",
            "price": "38.95",
            "revenue": 141402
        },
        "2014-05": {
            "month": "2014-05",
            "price": "42.86",
            "revenue": 110220
        },
        "2014-06": {
            "month": "2014-06",
            "price": "43.88",
            "revenue": 115921
        },
        "2014-07": {
            "month": "2014-07",
            "price": "40.79",
            "revenue": 129970
        },
        "2014-08": {
            "month": "2014-08",
            "price": "37.84",
            "revenue": 140974
        },
        "2014-09": {
            "month": "2014-09",
            "price": "38.77",
            "revenue": 135538
        },
        "2014-10": {
            "month": "2014-10",
            "price": "34.70",
            "revenue": 130950
        },
        "2014-11": {
            "month": "2014-11",
            "price": "36.20",
            "revenue": 139544
        },
        "2014-12": {
            "month": "2014-12",
            "price": "43.13",
            "revenue": 139493
        },
        "2015-01": {
            "month": "2015-01",
            "price": "48.46",
            "revenue": 133070
        },
        "2015-02": {
            "month": "2015-02",
            "price": "47.65",
            "revenue": 99966
        },
        "2015-03": {
            "month": "2015-03",
            "price": "45.34",
            "revenue": 152875
        },
        "2015-04": {
            "month": "2015-04",
            "price": "49.76",
            "revenue": 125645
        },
        "2015-05": {
            "month": "2015-05",
            "price": "45.03",
            "revenue": 132639
        },
        "2015-06": {
            "month": "2015-06",
            "price": "44.26",
            "revenue": 143867
        },
        "2015-07": {
            "month": "2015-07",
            "price": "50.32",
            "revenue": 151265
        },
        "2015-08": {
            "month": "2015-08",
            "price": "44.14",
            "revenue": 156323
        },
        "2015-09": {
            "month": "2015-09",
            "price": "44.80",
            "revenue": 155316
        },
        "2015-10": {
            "month": "2015-10",
            "price": "47.45",
            "revenue": 182608
        },
        "2015-11": {
            "month": "2015-11",
            "price": "48.11",
            "revenue": 171642
        },
        "2015-12": {
            "month": "2015-12",
            "price": "47.60",
            "revenue": 161094
        },
        "2016-01": {
            "month": "2016-01",
            "price": "40.44",
            "revenue": 163088
        },
        "2016-02": {
            "month": "2016-02",
            "price": "43.21",
            "revenue": 70377
        },
        "2016-03": {
            "month": "2016-03",
            "price": "45.06",
            "revenue": 123846
        },
        "2016-04": {
            "month": "2016-04",
            "price": "43.49",
            "revenue": 152645
        },
        "2016-05": {
            "month": "2016-05",
            "price": "39.75",
            "revenue": 152809
        },
        "2016-06": {
            "month": "2016-06",
            "price": "39.45",
            "revenue": 141568
        },
        "2016-07": {
            "month": "2016-07",
            "price": "39.70",
            "revenue": 167320
        },
        "2016-08": {
            "month": "2016-08",
            "price": "38.01",
            "revenue": 183692
        },
        "2016-09": {
            "month": "2016-09",
            "price": "39.96",
            "revenue": 176481
        },
        "2016-10": {
            "month": "2016-10",
            "price": "39.52",
            "revenue": 165897
        },
        "2016-11": {
            "month": "2016-11",
            "price": "35.16",
            "revenue": 203150
        },
        "2016-12": {
            "month": "2016-12",
            "price": "36.33",
            "revenue": 182456
        },
        "2017-01": {
            "month": "2017-01",
            "price": "36.32",
            "revenue": 157658
        },
        "2017-02": {
            "month": "2017-02",
            "price": "37.29",
            "revenue": 110672
        },
        "2017-03": {
            "month": "2017-03",
            "price": "38.32",
            "revenue": 156825
        },
        "2017-04": {
            "month": "2017-04",
            "price": "37.25",
            "revenue": 124035
        },
        "2017-05": {
            "month": "2017-05",
            "price": "34.65",
            "revenue": 172251
        },
        "2017-06": {
            "month": "2017-06",
            "price": "35.56",
            "revenue": 174449
        },
        "2017-07": {
            "month": "2017-07",
            "price": "36.24",
            "revenue": 155474
        },
        "2017-08": {
            "month": "2017-08",
            "price": "37.73",
            "revenue": 162689
        },
        "2017-09": {
            "month": "2017-09",
            "price": "36.86",
            "revenue": 181857
        },
        "2017-10": {
            "month": "2017-10",
            "price": "36.47",
            "revenue": 139467
        },
        "2017-11": {
            "month": "2017-11",
            "price": "34.65",
            "revenue": 176577
        },
        "2017-12": {
            "month": "2017-12",
            "price": "33.32",
            "revenue": 178127
        },
        "2018-01": {
            "month": "2018-01",
            "price": "33.94",
            "revenue": 140028
        },
        "2018-02": {
            "month": "2018-02",
            "price": "30.57",
            "revenue": 107395
        },
        "2018-03": {
            "month": "2018-03",
            "price": "31.54",
            "revenue": 124840
        },
        "2018-04": {
            "month": "2018-04",
            "price": "30.74",
            "revenue": 137470
        },
        "2018-05": {
            "month": "2018-05",
            "price": "28.52",
            "revenue": 174646
        },
        "2018-06": {
            "month": "2018-06",
            "price": "29.08",
            "revenue": 133384
        },
        "2018-07": {
            "month": "2018-07",
            "price": "26.16",
            "revenue": 155840
        },
        "2018-08": {
            "month": "2018-08",
            "price": "25.06",
            "revenue": 147744
        },
        "2018-09": {
            "month": "2018-09",
            "price": "21.72",
            "revenue": 176060
        },
        "2018-10": {
            "month": "2018-10",
            "price": "19.88",
            "revenue": 153914
        },
        "2018-11": {
            "month": "2018-11",
            "price": "19.13",
            "revenue": 163468
        },
        "2018-12": {
            "month": "2018-12",
            "price": "19.88",
            "revenue": 158966
        },
        "2019-01": {
            "month": "2019-01",
            "price": "19.18",
            "revenue": 158172
        },
        "2019-02": {
            "month": "2019-02",
            "price": "20.93",
            "revenue": 123535
        },
        "2019-03": {
            "month": "2019-03",
            "price": "22.17",
            "revenue": 180495
        },
        "2019-04": {
            "month": "2019-04",
            "price": "27.02",
            "revenue": 174542
        },
        "2019-05": {
            "month": "2019-05",
            "price": "33.67",
            "revenue": 210140
        },
        "2019-06": {
            "month": "2019-06",
            "price": "33.77",
            "revenue": 177522
        },
        "2019-07": {
            "month": "2019-07",
            "price": "35.15",
            "revenue": 222752
        },
        "2019-08": {
            "month": "2019-08",
            "price": "37.34",
            "revenue": 232337
        },
        "2019-09": {
            "month": "2019-09",
            "price": "39.89",
            "revenue": 201037
        },
        "2019-10": {
            "month": "2019-10",
            "price": "37.22",
            "revenue": 206388
        },
        "2019-11": {
            "month": "2019-11",
            "price": "37.66",
            "revenue": 225072
        },
        "2019-12": {
            "month": "2019-12",
            "price": "38.29",
            "revenue": 208420
        },
        "2020-01": {
            "month": "2020-01",
            "price": "36.53",
            "revenue": 169256
        },
        "2020-02": {
            "month": "2020-02",
            "price": "32.48",
            "revenue": 108796
        },
        "2020-03": {
            "month": "2020-03",
            "price": "24.68",
            "revenue": 188633
        },
        "2020-04": {
            "month": "2020-04",
            "price": "27.60",
            "revenue": 209639
        },
        "2020-05": {
            "month": "2020-05",
            "price": "31.16",
            "revenue": 179096
        },
        "2020-06": {
            "month": "2020-06",
            "price": "31.15",
            "revenue": 190498
        },
        "2020-07": {
            "month": "2020-07",
            "price": "34.15",
            "revenue": 211945
        },
        "2020-08": {
            "month": "2020-08",
            "price": "31.47",
            "revenue": 234217
        },
        "2020-09": {
            "month": "2020-09",
            "price": "34.89",
            "revenue": 237574
        },
        "2020-10": {
            "month": "2020-10",
            "price": "34.98",
            "revenue": 208660
        },
        "2020-11": {
            "month": "2020-11",
            "price": "33.73",
            "revenue": 238656
        },
        "2020-12": {
            "month": "2020-12",
            "price": "33.61",
            "revenue": 231665
        },
        "2021-01": {
            "month": "2021-01",
            "price": "37.61",
            "revenue": 264424
        },
        "2021-02": {
            "month": "2021-02",
            "price": "35.58",
            "revenue": 188341
        },
        "2021-03": {
            "month": "2021-03",
            "price": "38.15",
            "revenue": 228401
        },
        "2021-04": {
            "month": "2021-04",
            "price": "42.98",
            "revenue": 200399
        },
        "2021-05": {
            "month": "2021-05",
            "price": "34.93",
            "revenue": 216602
        },
        "2021-06": {
            "month": "2021-06",
            "price": "36.05",
            "revenue": 233810
        },
        "2021-07": {
            "month": "2021-07",
            "price": "39.91",
            "revenue": 264557
        },
        "2021-08": {
            "month": "2021-08",
            "price": "40.15",
            "revenue": 267339
        },
        "2021-09": {
            "month": "2021-09",
            "price": "47.73",
            "revenue": 278897
        },
        "2021-10": {
            "month": "2021-10",
            "price": "50.98",
            "revenue": 246226
        },
        "2021-11": {
            "month": "2021-11",
            "price": "58.08",
            "revenue": 273391
        },
        "2021-12": {
            "month": "2021-12",
            "price": "52.72",
            "revenue": 305351
        },
        "2022-01": {
            "month": "2022-01",
            "price": "52.55",
            "revenue": 338472
        },
        "2022-02": {
            "month": "2022-02",
            "price": "54.59",
            "revenue": 201648
        },
        "2022-03": {
            "month": "2022-03",
            "price": "54.00",
            "revenue": 284717
        },
        "2022-04": {
            "month": "2022-04",
            "price": "59.73",
            "revenue": 245467
        },
        "2022-05": {
            "month": "2022-05",
            "price": "57.85",
            "revenue": 354030
        },
        "2022-06": {
            "month": "2022-06",
            "price": "64.58",
            "revenue": 329675
        },
        "2022-07": {
            "month": "2022-07",
            "price": "60.60",
            "revenue": 304349
        },
        "2022-08": {
            "month": "2022-08",
            "price": "59.88",
            "revenue": 276202
        },
        "2022-09": {
            "month": "2022-09",
            "price": "48.57",
            "revenue": 300036
        },
        "2022-10": {
            "month": "2022-10",
            "price": "40.43",
            "revenue": 191787
        },
        "2022-11": {
            "month": "2022-11",
            "price": "42.33",
            "revenue": 216540
        },
        "2022-12": {
            "month": "2022-12",
            "price": "44.52",
            "revenue": 234835
        },
        "2023-01": {
            "month": "2023-01",
            "price": "42.83",
            "revenue": 192174
        },
        "2023-02": {
            "month": "2023-02",
            "price": "46.46",
            "revenue": 250575
        },
        "2023-03": {
            "month": "2023-03",
            "price": "45.95",
            "revenue": 228820
        },
        "2023-04": {
            "month": "2023-04",
            "price": "45.56",
            "revenue": 215836
        },
        "2023-05": {
            "month": "2023-05",
            "price": "42.80",
            "revenue": 216244
        },
        "2023-06": {
            "month": "2023-06",
            "price": "46.09",
            "revenue": 242952
        },
        "2023-07": {
            "month": "2023-07",
            "price": "48.99",
            "revenue": 264439
        },
        "2023-08": {
            "month": "2023-08",
            "price": "44.94",
            "revenue": 232770
        },
        "2023-09": {
            "month": "2023-09",
            "price": "45.32",
            "revenue": 242282
        },
        "2023-10": {
            "month": "2023-10",
            "price": "42.38",
            "revenue": 191010
        },
        "2023-11": {
            "month": "2023-11",
            "price": "41.24",
            "revenue": 196700
        },
        "2023-12": {
            "month": "2023-12",
            "price": "41.21",
            "revenue": 212854
        }
    }
}
