{
    "summary": {
        "stock_name": "豪勉",
        "stock_id": "6218",
        "category": "通信網路",
        "main_business": "電腦網路系統整合<br>半導體設備與應用材料之代理銷售<br>光電設備之代理銷售",
        "website_url": "http://www.hauman.com.tw",
        "ceo": "蘇惠婉",
        "pe_ratio": 25,
        "report_year_from": 2002,
        "report_year_to": 2023,
        "age": 22,
        "eps_negative_percentage": 0,
        "eps_growth_avg": {
            "last_all": 1.65,
            "last_2y": 12.42,
            "last_4y": -4.55,
            "last_8y": 2.14,
            "last_12y": -3.95,
            "last_16y": -2.92,
            "last_20y": 4,
            "at_2006_last_3y": 33.4,
            "at_2007_last_3y": 18.85,
            "at_2008_last_3y": -1.56,
            "at_2009_last_3y": 0.43,
            "at_2010_last_3y": 0.43,
            "at_2011_last_3y": 8.88,
            "at_2012_last_3y": -11.1,
            "at_2013_last_3y": 7.54,
            "at_2014_last_3y": -17.65,
            "at_2015_last_3y": -16.61,
            "at_2016_last_3y": 4.55,
            "at_2017_last_3y": -2.29,
            "at_2018_last_3y": 10.51,
            "at_2019_last_3y": 10.72,
            "at_2020_last_3y": -5.15,
            "at_2021_last_3y": -5.24,
            "at_2022_last_3y": -29.99,
            "at_2023_last_3y": -2.16,
            "at_2024_last_3y": -2.16,
            "at_2006_last_all": 17.16,
            "at_2007_last_all": 5.48,
            "at_2008_last_all": 6.53,
            "at_2009_last_all": -1.56,
            "at_2010_last_all": 9.73,
            "at_2011_last_all": 6.84,
            "at_2012_last_all": 0.12,
            "at_2013_last_all": 1.47,
            "at_2014_last_all": 1.3,
            "at_2015_last_all": 0.14,
            "at_2016_last_all": 1.3,
            "at_2017_last_all": 0.53,
            "at_2018_last_all": 3.47,
            "at_2019_last_all": 2.49,
            "at_2020_last_all": -0.05,
            "at_2021_last_all": -0.62,
            "at_2022_last_all": -2.9,
            "at_2023_last_all": 1.65,
            "at_2024_last_all": 1.65
        },
        "latest_eps": 1.11,
        "latest_price": 28.25,
        "latest_roe": 7.17,
        "latest_gross_margin": 20.56,
        "latest_equity": 1038397,
        "latest_revenue": 229677,
        "latest_gross_profit": 47227,
        "latest_net_income": -12009,
        "latest_debt_ratio": 46.46,
        "latest_current_ratio": 172.41,
        "latest_account_receivable_turnover_ratio": 1.28,
        "latest_inventory_turnover_ratio": 0.18,
        "latest_reinvestment_rate": -40.31,
        "latest_research_to_sale_ratio": null
    },
    "eps_dividends": {
        "2001": {
            "cash": 0,
            "stock": 0,
            "eps": 3.62
        },
        "2002": {
            "cash": 0,
            "stock": 0,
            "eps": 1.89
        },
        "2003": {
            "cash": 2,
            "stock": 0,
            "eps": 1.99
        },
        "2004": {
            "cash": 2,
            "stock": 0,
            "eps": 3.87
        },
        "2005": {
            "cash": 2,
            "stock": 1,
            "eps": 1.31
        },
        "2006": {
            "cash": 1.5,
            "stock": 0,
            "eps": 5.63
        },
        "2007": {
            "cash": 2.5,
            "stock": 1.5,
            "eps": 2.65
        },
        "2008": {
            "cash": 2.5,
            "stock": 0,
            "eps": 2.99
        },
        "2009": {
            "cash": 1.5,
            "stock": 0,
            "eps": 1.25
        },
        "2010": {
            "cash": 1.5,
            "stock": 0,
            "eps": 4.13
        },
        "2011": {
            "cash": 2.5,
            "stock": 1.5,
            "eps": 3.34
        },
        "2012": {
            "cash": 1.5,
            "stock": 1,
            "eps": 1.1
        },
        "2013": {
            "cash": 1.5,
            "stock": 0,
            "eps": 1.28
        },
        "2014": {
            "cash": 1,
            "stock": 0,
            "eps": 1.27
        },
        "2015": {
            "cash": 1,
            "stock": 0,
            "eps": 1.08
        },
        "2016": {
            "cash": 1,
            "stock": 0,
            "eps": 1.27
        },
        "2017": {
            "cash": 1.2,
            "stock": 0,
            "eps": 1.13
        },
        "2018": {
            "cash": 1.2,
            "stock": 0,
            "eps": 1.7
        },
        "2019": {
            "cash": 1.6,
            "stock": 0,
            "eps": 1.46
        },
        "2020": {
            "cash": 1.4,
            "stock": 0,
            "eps": 0.79
        },
        "2021": {
            "cash": 1,
            "stock": 0,
            "eps": 0.7
        },
        "2022": {
            "cash": 1,
            "stock": 0,
            "eps": 0.36
        },
        "2023": {
            "cash": 0,
            "stock": 0,
            "eps": 0.71
        }
    },
    "dividends": {
        "2003-06-12": {
            "cash": 2,
            "stock": 0
        },
        "2004-03-25": {
            "cash": 2,
            "stock": 0
        },
        "2005-03-25": {
            "cash": 2,
            "stock": 1
        },
        "2006-03-28": {
            "cash": 1.5,
            "stock": 0
        },
        "2007-03-29": {
            "cash": 2.5,
            "stock": 1.5
        },
        "2008-03-24": {
            "cash": 2.5,
            "stock": 0
        },
        "2009-03-26": {
            "cash": 1.5,
            "stock": 0
        },
        "2010-03-23": {
            "cash": 1.5,
            "stock": 0
        },
        "2011-03-25": {
            "cash": 2.5,
            "stock": 1.5
        },
        "2012-06-19": {
            "cash": 1.5,
            "stock": 1
        },
        "2013-06-18": {
            "cash": 1.5,
            "stock": 0
        },
        "2014-06-20": {
            "cash": 1,
            "stock": 0
        },
        "2015-08-14": {
            "cash": 1,
            "stock": 0
        },
        "2016-08-12": {
            "cash": 1,
            "stock": 0
        },
        "2017-08-11": {
            "cash": 1.2,
            "stock": 0
        },
        "2018-08-10": {
            "cash": 1.2,
            "stock": 0
        },
        "2019-08-09": {
            "cash": 1.6,
            "stock": 0
        },
        "2020-08-07": {
            "cash": 1.4,
            "stock": 0
        },
        "2021-10-06": {
            "cash": 1,
            "stock": 0
        },
        "2022-10-14": {
            "cash": 1,
            "stock": 0
        }
    },
    "prices": {
        "200101": "無",
        "200102": "無",
        "200103": "無",
        "200104": "無",
        "200105": "無",
        "200106": "無",
        "200107": "無",
        "200108": "無",
        "200109": "無",
        "200110": "無",
        "200111": "無",
        "200112": "無",
        "200201": "無",
        "200202": "無",
        "200203": "無",
        "200204": "無",
        "200205": "無",
        "200206": "無",
        "200207": "無",
        "200208": "無",
        "200209": "無",
        "200210": "無",
        "200211": "無",
        "200212": "無",
        "200301": "21.40",
        "200302": "20.90",
        "200303": "21.07",
        "200304": "20.82",
        "200305": "20.04",
        "200306": "20.74",
        "200307": "19.94",
        "200308": "19.88",
        "200309": "19.25",
        "200310": "18.41",
        "200311": "19.12",
        "200312": "22.01",
        "200401": "32.98",
        "200402": "37.93",
        "200403": "35.38",
        "200404": "33.09",
        "200405": "28.39",
        "200406": "30.52",
        "200407": "27.02",
        "200408": "25.90",
        "200409": "28.07",
        "200410": "28.70",
        "200411": "28.32",
        "200412": "28.64",
        "200501": "28.26",
        "200502": "27.99",
        "200503": "28.02",
        "200504": "26.96",
        "200505": "25.15",
        "200506": "24.09",
        "200507": "23.28",
        "200508": "19.98",
        "200509": "18.66",
        "200510": "17.22",
        "200511": "15.71",
        "200512": "17.45",
        "200601": "17.93",
        "200602": "18.15",
        "200603": "17.78",
        "200604": "25.37",
        "200605": "30.56",
        "200606": "31.01",
        "200607": "32.03",
        "200608": "34.22",
        "200609": "39.25",
        "200610": "37.18",
        "200611": "39.34",
        "200612": "40.29",
        "200701": "44.06",
        "200702": "42.19",
        "200703": "42.61",
        "200704": "42.87",
        "200705": "39.87",
        "200706": "40.48",
        "200707": "41.34",
        "200708": "29.66",
        "200709": "28.11",
        "200710": "26.98",
        "200711": "22.71",
        "200712": "21.06",
        "200801": "20.03",
        "200802": "20.05",
        "200803": "21.79",
        "200804": "25.78",
        "200805": "30.51",
        "200806": "30.48",
        "200807": "22.72",
        "200808": "22.80",
        "200809": "20.48",
        "200810": "18.72",
        "200811": "16.66",
        "200812": "16.64",
        "200901": "17.12",
        "200902": "17.22",
        "200903": "19.16",
        "200904": "19.65",
        "200905": "20.14",
        "200906": "20.06",
        "200907": "19.37",
        "200908": "19.72",
        "200909": "20.97",
        "200910": "23.81",
        "200911": "22.35",
        "200912": "23.50",
        "201001": "22.88",
        "201002": "21.34",
        "201003": "23.05",
        "201004": "23.60",
        "201005": "25.09",
        "201006": "24.42",
        "201007": "25.42",
        "201008": "25.24",
        "201009": "24.87",
        "201010": "25.93",
        "201011": "30.52",
        "201012": "30.87",
        "201101": "32.26",
        "201102": "32.23",
        "201103": "33.39",
        "201104": "38.42",
        "201105": "45.81",
        "201106": "47.19",
        "201107": "45.56",
        "201108": "33.07",
        "201109": "33.85",
        "201110": "33.12",
        "201111": "29.40",
        "201112": "26.39",
        "201201": "26.70",
        "201202": "31.62",
        "201203": "33.05",
        "201204": "29.04",
        "201205": "28.25",
        "201206": "27.41",
        "201207": "27.24",
        "201208": "23.90",
        "201209": "22.91",
        "201210": "21.86",
        "201211": "19.56",
        "201212": "21.07",
        "201301": "22.30",
        "201302": "23.33",
        "201303": "23.08",
        "201304": "21.98",
        "201305": "22.79",
        "201306": "22.21",
        "201307": "22.18",
        "201308": "20.71",
        "201309": "20.31",
        "201310": "21.52",
        "201311": "22.27",
        "201312": "22.96",
        "201401": "24.07",
        "201402": "23.34",
        "201403": "23.45",
        "201404": "22.74",
        "201405": "21.53",
        "201406": "21.69",
        "201407": "21.09",
        "201408": "20.43",
        "201409": "21.78",
        "201410": "20.98",
        "201411": "20.31",
        "201412": "20.97",
        "201501": "21.96",
        "201502": "22.20",
        "201503": "22.68",
        "201504": "21.37",
        "201505": "20.60",
        "201506": "18.80",
        "201507": "17.69",
        "201508": "15.94",
        "201509": "16.34",
        "201510": "17.02",
        "201511": "16.78",
        "201512": "16.48",
        "201601": "16.40",
        "201602": "17.26",
        "201603": "17.57",
        "201604": "17.08",
        "201605": "16.54",
        "201606": "16.62",
        "201607": "21.01",
        "201608": "19.51",
        "201609": "17.72",
        "201610": "18.95",
        "201611": "18.62",
        "201612": "18.79",
        "201701": "19.13",
        "201702": "18.99",
        "201703": "19.18",
        "201704": "18.98",
        "201705": "20.11",
        "201706": "22.19",
        "201707": "20.15",
        "201708": "18.57",
        "201709": "18.78",
        "201710": "18.55",
        "201711": "18.58",
        "201712": "19.50",
        "201801": "19.36",
        "201802": "18.84",
        "201803": "19.16",
        "201804": "19.64",
        "201805": "19.55",
        "201806": "19.65",
        "201807": "19.91",
        "201808": "19.90",
        "201809": "20.34",
        "201810": "20.29",
        "201811": "20.42",
        "201812": "19.84",
        "201901": "20.45",
        "201902": "20.72",
        "201903": "21.59",
        "201904": "23.33",
        "201905": "23.41",
        "201906": "22.93",
        "201907": "22.86",
        "201908": "22.18",
        "201909": "23.19",
        "201910": "22.97",
        "201911": "21.99",
        "201912": "21.39",
        "202001": "20.99",
        "202002": "20.23",
        "202003": "18.31",
        "202004": "19.80",
        "202005": "19.98",
        "202006": "20.20",
        "202007": "20.48",
        "202008": "19.79",
        "202009": "19.16",
        "202010": "18.79",
        "202011": "18.82",
        "202012": "18.97",
        "202101": "19.26",
        "202102": "19.23",
        "202103": "19.89",
        "202104": "20.69",
        "202105": "19.46",
        "202106": "19.50",
        "202107": "19.48",
        "202108": "19.09",
        "202109": "19.17",
        "202110": "19.84",
        "202111": "20.48",
        "202112": "21.86",
        "202201": "22.04",
        "202202": "22.99",
        "202203": "21.65",
        "202204": "20.74",
        "202205": "20.09",
        "202206": "19.63",
        "202207": "19.14",
        "202208": "20.20",
        "202209": "19.25",
        "202210": "17.94",
        "202211": "17.78",
        "202212": "18.19",
        "202301": "18.01",
        "202302": "18.59",
        "202303": "18.62",
        "202304": "21.92",
        "202305": "26.93",
        "202306": "28.22",
        "202307": "29.96",
        "202308": "28.12",
        "202309": "28.04",
        "202310": "24.61",
        "202311": "23.38",
        "202312": "23.47"
    },
    "quarters": {
        "20011": {
            "year_quarter": 20011,
            "year": 2001,
            "quarter": 1,
            "eps": 2.88,
            "eps_growth_year": null,
            "eps_4q": null,
            "eps_4q_growth_year": null,
            "roe": 16.69,
            "roe_4q": 16.69,
            "gross_profit": 238179,
            "gross_margin": 82.39,
            "gross_margin_4q_avg": 82.39,
            "net_income": 112468,
            "net_income_4q": null,
            "revenue": 289079,
            "revenue_4q": null,
            "common_shares": 390000,
            "book_valuer_per_share": 18.77,
            "book_valuer_per_share_4q_avg": 18.77,
            "equity": 732003,
            "current_ratio": 321.32,
            "debt_ratio": 20.81,
            "inventory_turnover_ratio": 0.25,
            "account_receivable_turnover_ratio": null,
            "reinvestment_rate": null,
            "research_to_sale_ratio": null,
            "price_fair": 0,
            "eps_avg_yearly": 0,
            "eps_latest_yearly": 0,
            "eps_growth_yearly": 0
        },
        "20012": {
            "year_quarter": 20012,
            "year": 2001,
            "quarter": 2,
            "eps": 0.81,
            "eps_growth_year": null,
            "eps_4q": null,
            "eps_4q_growth_year": null,
            "roe": 4.53,
            "roe_4q": 21.220000000000002,
            "gross_profit": 106321,
            "gross_margin": 38.15,
            "gross_margin_4q_avg": 60.27,
            "net_income": 31758,
            "net_income_4q": null,
            "revenue": 278695,
            "revenue_4q": null,
            "common_shares": 390000,
            "book_valuer_per_share": 17.2,
            "book_valuer_per_share_4q_avg": 17.99,
            "equity": 670835,
            "current_ratio": 233.18,
            "debt_ratio": 28.5,
            "inventory_turnover_ratio": 0.93,
            "account_receivable_turnover_ratio": null,
            "reinvestment_rate": null,
            "research_to_sale_ratio": null,
            "price_fair": 0,
            "eps_avg_yearly": 0,
            "eps_latest_yearly": 0,
            "eps_growth_yearly": 0
        },
        "20013": {
            "year_quarter": 20013,
            "year": 2001,
            "quarter": 3,
            "eps": 0.24,
            "eps_growth_year": null,
            "eps_4q": null,
            "eps_4q_growth_year": null,
            "roe": 1.4,
            "roe_4q": 22.62,
            "gross_profit": 63424,
            "gross_margin": 36.99,
            "gross_margin_4q_avg": 52.51,
            "net_income": 9373,
            "net_income_4q": null,
            "revenue": 171443,
            "revenue_4q": null,
            "common_shares": 390000,
            "book_valuer_per_share": 17.12,
            "book_valuer_per_share_4q_avg": 17.7,
            "equity": 667702,
            "current_ratio": 292.12,
            "debt_ratio": 22.67,
            "inventory_turnover_ratio": 0.62,
            "account_receivable_turnover_ratio": null,
            "reinvestment_rate": null,
            "research_to_sale_ratio": null,
            "price_fair": 0,
            "eps_avg_yearly": 0,
            "eps_latest_yearly": 0,
            "eps_growth_yearly": 0
        },
        "20014": {
            "year_quarter": 20014,
            "year": 2001,
            "quarter": 4,
            "eps": -0.31,
            "eps_growth_year": null,
            "eps_4q": 3.63,
            "eps_4q_growth_year": null,
            "roe": -1.82,
            "roe_4q": 20.8,
            "gross_profit": 65335,
            "gross_margin": 24.64,
            "gross_margin_4q_avg": 45.54,
            "net_income": -12109,
            "net_income_4q": null,
            "revenue": 265192,
            "revenue_4q": null,
            "common_shares": 390000,
            "book_valuer_per_share": 17.09,
            "book_valuer_per_share_4q_avg": 17.55,
            "equity": 666457,
            "current_ratio": 250.58,
            "debt_ratio": 28.46,
            "inventory_turnover_ratio": 1.14,
            "account_receivable_turnover_ratio": null,
            "reinvestment_rate": null,
            "research_to_sale_ratio": null,
            "price_fair": 0,
            "eps_avg_yearly": 0,
            "eps_latest_yearly": 0,
            "eps_growth_yearly": 0
        },
        "20021": {
            "year_quarter": 20021,
            "year": 2002,
            "quarter": 1,
            "eps": 0.33,
            "eps_growth_year": -88.54,
            "eps_4q": 1.08,
            "eps_4q_growth_year": null,
            "roe": 1.88,
            "roe_4q": 5.99,
            "gross_profit": 64195,
            "gross_margin": 47.8,
            "gross_margin_4q_avg": 36.9,
            "net_income": 12703,
            "net_income_4q": null,
            "revenue": 134312,
            "revenue_4q": null,
            "common_shares": 390000,
            "book_valuer_per_share": 17.61,
            "book_valuer_per_share_4q_avg": 17.26,
            "equity": 686843,
            "current_ratio": 327.88,
            "debt_ratio": 20.11,
            "inventory_turnover_ratio": 0.43,
            "account_receivable_turnover_ratio": null,
            "reinvestment_rate": null,
            "research_to_sale_ratio": null,
            "price_fair": 0,
            "eps_avg_yearly": 0,
            "eps_latest_yearly": 0,
            "eps_growth_yearly": 0
        },
        "20022": {
            "year_quarter": 20022,
            "year": 2002,
            "quarter": 2,
            "eps": 0.15,
            "eps_growth_year": -81.48,
            "eps_4q": 0.4,
            "eps_4q_growth_year": null,
            "roe": 0.93,
            "roe_4q": 2.3899999999999997,
            "gross_profit": 69187,
            "gross_margin": 41.77,
            "gross_margin_4q_avg": 37.8,
            "net_income": 6003,
            "net_income_4q": null,
            "revenue": 165639,
            "revenue_4q": null,
            "common_shares": 390000,
            "book_valuer_per_share": 15.34,
            "book_valuer_per_share_4q_avg": 16.79,
            "equity": 598420,
            "current_ratio": 234.64,
            "debt_ratio": 27.57,
            "inventory_turnover_ratio": 0.53,
            "account_receivable_turnover_ratio": null,
            "reinvestment_rate": null,
            "research_to_sale_ratio": null,
            "price_fair": 1.8,
            "eps_avg_yearly": 0.6,
            "eps_latest_yearly": 0.6,
            "eps_growth_yearly": -218.18
        },
        "20023": {
            "year_quarter": 20023,
            "year": 2002,
            "quarter": 3,
            "eps": 0.77,
            "eps_growth_year": 220.83,
            "eps_4q": 0.94,
            "eps_4q_growth_year": null,
            "roe": 4.93,
            "roe_4q": 5.919999999999999,
            "gross_profit": 95031,
            "gross_margin": 39.22,
            "gross_margin_4q_avg": 38.36,
            "net_income": 30205,
            "net_income_4q": null,
            "revenue": 242313,
            "revenue_4q": null,
            "common_shares": 390000,
            "book_valuer_per_share": 16.05,
            "book_valuer_per_share_4q_avg": 16.52,
            "equity": 626017,
            "current_ratio": 211.46,
            "debt_ratio": 31.98,
            "inventory_turnover_ratio": 0.63,
            "account_receivable_turnover_ratio": null,
            "reinvestment_rate": null,
            "research_to_sale_ratio": null,
            "price_fair": 64.4,
            "eps_avg_yearly": 1.84,
            "eps_latest_yearly": 3.08,
            "eps_growth_yearly": 717.58
        },
        "20024": {
            "year_quarter": 20024,
            "year": 2002,
            "quarter": 4,
            "eps": 0.64,
            "eps_growth_year": null,
            "eps_4q": 1.89,
            "eps_4q_growth_year": -47.91,
            "roe": 3.93,
            "roe_4q": 11.669999999999998,
            "gross_profit": 118996,
            "gross_margin": 28.37,
            "gross_margin_4q_avg": 39.29,
            "net_income": 25024,
            "net_income_4q": null,
            "revenue": 419370,
            "revenue_4q": null,
            "common_shares": 390000,
            "book_valuer_per_share": 16.63,
            "book_valuer_per_share_4q_avg": 16.41,
            "equity": 648473,
            "current_ratio": 209.04,
            "debt_ratio": 34.81,
            "inventory_turnover_ratio": 1.39,
            "account_receivable_turnover_ratio": null,
            "reinvestment_rate": null,
            "research_to_sale_ratio": null,
            "price_fair": 72.8,
            "eps_avg_yearly": 2.08,
            "eps_latest_yearly": 2.56,
            "eps_growth_yearly": 455.87
        },
        "20031": {
            "year_quarter": 20031,
            "year": 2003,
            "quarter": 1,
            "eps": 0.1,
            "eps_growth_year": -69.7,
            "eps_4q": 1.67,
            "eps_4q_growth_year": 54.37,
            "roe": 0.6,
            "roe_4q": 10.39,
            "gross_profit": 54324,
            "gross_margin": 30.62,
            "gross_margin_4q_avg": 35,
            "net_income": 3892,
            "net_income_4q": null,
            "revenue": 177408,
            "revenue_4q": null,
            "common_shares": 390000,
            "book_valuer_per_share": 16.7,
            "book_valuer_per_share_4q_avg": 16.18,
            "equity": 651396,
            "current_ratio": 252.74,
            "debt_ratio": 26.09,
            "inventory_turnover_ratio": 0.89,
            "account_receivable_turnover_ratio": null,
            "reinvestment_rate": null,
            "research_to_sale_ratio": null,
            "price_fair": 58.1,
            "eps_avg_yearly": 1.66,
            "eps_latest_yearly": 0.4,
            "eps_growth_yearly": 257.53
        },
        "20032": {
            "year_quarter": 20032,
            "year": 2003,
            "quarter": 2,
            "eps": 0.45,
            "eps_growth_year": 200,
            "eps_4q": 1.97,
            "eps_4q_growth_year": 392.5,
            "roe": 2.85,
            "roe_4q": 12.31,
            "gross_profit": 70628,
            "gross_margin": 48.63,
            "gross_margin_4q_avg": 36.71,
            "net_income": 17557,
            "net_income_4q": null,
            "revenue": 145232,
            "revenue_4q": null,
            "common_shares": 390000,
            "book_valuer_per_share": 14.91,
            "book_valuer_per_share_4q_avg": 16.07,
            "equity": 581638,
            "current_ratio": 225.59,
            "debt_ratio": 27.67,
            "inventory_turnover_ratio": 0.62,
            "account_receivable_turnover_ratio": null,
            "reinvestment_rate": null,
            "research_to_sale_ratio": null,
            "price_fair": 59.08,
            "eps_avg_yearly": 1.69,
            "eps_latest_yearly": 1.8,
            "eps_growth_yearly": 486.02
        },
        "20033": {
            "year_quarter": 20033,
            "year": 2003,
            "quarter": 3,
            "eps": 0.36,
            "eps_growth_year": -53.25,
            "eps_4q": 1.56,
            "eps_4q_growth_year": 66.39,
            "roe": 2.37,
            "roe_4q": 9.75,
            "gross_profit": 54268,
            "gross_margin": 38.73,
            "gross_margin_4q_avg": 36.59,
            "net_income": 13930,
            "net_income_4q": null,
            "revenue": 140135,
            "revenue_4q": null,
            "common_shares": 390000,
            "book_valuer_per_share": 15.18,
            "book_valuer_per_share_4q_avg": 15.86,
            "equity": 591942,
            "current_ratio": 222.87,
            "debt_ratio": 28.95,
            "inventory_turnover_ratio": 0.53,
            "account_receivable_turnover_ratio": null,
            "reinvestment_rate": null,
            "research_to_sale_ratio": null,
            "price_fair": 57.63,
            "eps_avg_yearly": 1.65,
            "eps_latest_yearly": 1.44,
            "eps_growth_yearly": 391.69
        },
        "20034": {
            "year_quarter": 20034,
            "year": 2003,
            "quarter": 4,
            "eps": 1.08,
            "eps_growth_year": 68.75,
            "eps_4q": 1.99,
            "eps_4q_growth_year": 5.28,
            "roe": 6.83,
            "roe_4q": 12.649999999999999,
            "gross_profit": 129111,
            "gross_margin": 27.26,
            "gross_margin_4q_avg": 36.31,
            "net_income": 41951,
            "net_income_4q": null,
            "revenue": 473626,
            "revenue_4q": null,
            "common_shares": 390000,
            "book_valuer_per_share": 16.31,
            "book_valuer_per_share_4q_avg": 15.78,
            "equity": 636268,
            "current_ratio": 163.61,
            "debt_ratio": 47.47,
            "inventory_turnover_ratio": 1.55,
            "account_receivable_turnover_ratio": null,
            "reinvestment_rate": null,
            "research_to_sale_ratio": null,
            "price_fair": 71,
            "eps_avg_yearly": 2.03,
            "eps_latest_yearly": 4.32,
            "eps_growth_yearly": 450.02
        },
        "20041": {
            "year_quarter": 20041,
            "year": 2004,
            "quarter": 1,
            "eps": 1.01,
            "eps_growth_year": 910,
            "eps_4q": 2.9,
            "eps_4q_growth_year": 73.38,
            "roe": 5.93,
            "roe_4q": 17.98,
            "gross_profit": 84737,
            "gross_margin": 26.35,
            "gross_margin_4q_avg": 35.24,
            "net_income": 39222,
            "net_income_4q": null,
            "revenue": 321570,
            "revenue_4q": null,
            "common_shares": 390000,
            "book_valuer_per_share": 17.6,
            "book_valuer_per_share_4q_avg": 16,
            "equity": 686214,
            "current_ratio": 278.14,
            "debt_ratio": 23.87,
            "inventory_turnover_ratio": 1.25,
            "account_receivable_turnover_ratio": null,
            "reinvestment_rate": null,
            "research_to_sale_ratio": null,
            "price_fair": 79.8,
            "eps_avg_yearly": 2.28,
            "eps_latest_yearly": 4.04,
            "eps_growth_yearly": 390.52
        },
        "20042": {
            "year_quarter": 20042,
            "year": 2004,
            "quarter": 2,
            "eps": 1.02,
            "eps_growth_year": 126.67,
            "eps_4q": 3.46,
            "eps_4q_growth_year": 76.08,
            "roe": 6,
            "roe_4q": 21.13,
            "gross_profit": 111865,
            "gross_margin": 69.81,
            "gross_margin_4q_avg": 40.54,
            "net_income": 39749,
            "net_income_4q": null,
            "revenue": 160242,
            "revenue_4q": null,
            "common_shares": 390000,
            "book_valuer_per_share": 16.4,
            "book_valuer_per_share_4q_avg": 16.37,
            "equity": 639611,
            "current_ratio": 236.57,
            "debt_ratio": 26.96,
            "inventory_turnover_ratio": 0.39,
            "account_receivable_turnover_ratio": null,
            "reinvestment_rate": null,
            "research_to_sale_ratio": null,
            "price_fair": 86.8,
            "eps_avg_yearly": 2.48,
            "eps_latest_yearly": 4.08,
            "eps_growth_yearly": 347.57
        },
        "20043": {
            "year_quarter": 20043,
            "year": 2004,
            "quarter": 3,
            "eps": 1.29,
            "eps_growth_year": 258.33,
            "eps_4q": 4.4,
            "eps_4q_growth_year": 181.82,
            "roe": 7.69,
            "roe_4q": 26.450000000000003,
            "gross_profit": 104858,
            "gross_margin": 49.46,
            "gross_margin_4q_avg": 43.22,
            "net_income": 50168,
            "net_income_4q": null,
            "revenue": 212022,
            "revenue_4q": null,
            "common_shares": 390000,
            "book_valuer_per_share": 17.07,
            "book_valuer_per_share_4q_avg": 16.85,
            "equity": 665684,
            "current_ratio": 261.43,
            "debt_ratio": 24.04,
            "inventory_turnover_ratio": 0.66,
            "account_receivable_turnover_ratio": null,
            "reinvestment_rate": null,
            "research_to_sale_ratio": null,
            "price_fair": 96.18,
            "eps_avg_yearly": 2.75,
            "eps_latest_yearly": 5.16,
            "eps_growth_yearly": 323.4
        },
        "20044": {
            "year_quarter": 20044,
            "year": 2004,
            "quarter": 4,
            "eps": 0.55,
            "eps_growth_year": -49.07,
            "eps_4q": 3.88,
            "eps_4q_growth_year": 94.72,
            "roe": 3.21,
            "roe_4q": 22.83,
            "gross_profit": 124006,
            "gross_margin": 30.46,
            "gross_margin_4q_avg": 44.02,
            "net_income": 21352,
            "net_income_4q": null,
            "revenue": 407071,
            "revenue_4q": null,
            "common_shares": 390000,
            "book_valuer_per_share": 17.04,
            "book_valuer_per_share_4q_avg": 17.03,
            "equity": 664735,
            "current_ratio": 232.06,
            "debt_ratio": 30.77,
            "inventory_turnover_ratio": 1.72,
            "account_receivable_turnover_ratio": null,
            "reinvestment_rate": 8.36,
            "research_to_sale_ratio": null,
            "price_fair": 94.44,
            "eps_avg_yearly": 2.7,
            "eps_latest_yearly": 2.2,
            "eps_growth_yearly": 273.14
        },
        "20051": {
            "year_quarter": 20051,
            "year": 2005,
            "quarter": 1,
            "eps": 0.44,
            "eps_growth_year": -56.44,
            "eps_4q": 3.31,
            "eps_4q_growth_year": 13.98,
            "roe": 2.48,
            "roe_4q": 19.38,
            "gross_profit": 86611,
            "gross_margin": 37.66,
            "gross_margin_4q_avg": 46.85,
            "net_income": 17078,
            "net_income_4q": null,
            "revenue": 229966,
            "revenue_4q": null,
            "common_shares": 390000,
            "book_valuer_per_share": 18.26,
            "book_valuer_per_share_4q_avg": 17.19,
            "equity": 712016,
            "current_ratio": 269.52,
            "debt_ratio": 24.4,
            "inventory_turnover_ratio": 1.23,
            "account_receivable_turnover_ratio": null,
            "reinvestment_rate": 1.4,
            "research_to_sale_ratio": null,
            "price_fair": 91.7,
            "eps_avg_yearly": 2.62,
            "eps_latest_yearly": 1.76,
            "eps_growth_yearly": 243.71
        },
        "20052": {
            "year_quarter": 20052,
            "year": 2005,
            "quarter": 2,
            "eps": 0.13,
            "eps_growth_year": -87.25,
            "eps_4q": 2.24,
            "eps_4q_growth_year": -35.41,
            "roe": 0.82,
            "roe_4q": 14.2,
            "gross_profit": 58412,
            "gross_margin": 34.22,
            "gross_margin_4q_avg": 37.95,
            "net_income": 5471,
            "net_income_4q": null,
            "revenue": 170673,
            "revenue_4q": null,
            "common_shares": 390000,
            "book_valuer_per_share": 16.02,
            "book_valuer_per_share_4q_avg": 17.1,
            "equity": 624780,
            "current_ratio": 187.53,
            "debt_ratio": 35.17,
            "inventory_turnover_ratio": 0.91,
            "account_receivable_turnover_ratio": null,
            "reinvestment_rate": 0.53,
            "research_to_sale_ratio": null,
            "price_fair": 86.05,
            "eps_avg_yearly": 2.46,
            "eps_latest_yearly": 0.52,
            "eps_growth_yearly": 203.29
        },
        "20053": {
            "year_quarter": 20053,
            "year": 2005,
            "quarter": 3,
            "eps": 0.42,
            "eps_growth_year": -67.44,
            "eps_4q": 1.44,
            "eps_4q_growth_year": -67.33,
            "roe": 2.82,
            "roe_4q": 9.329999999999998,
            "gross_profit": 92931,
            "gross_margin": 34.61,
            "gross_margin_4q_avg": 34.24,
            "net_income": 18127,
            "net_income_4q": null,
            "revenue": 268493,
            "revenue_4q": null,
            "common_shares": 433338,
            "book_valuer_per_share": 15.27,
            "book_valuer_per_share_4q_avg": 16.65,
            "equity": 661862,
            "current_ratio": 190.26,
            "debt_ratio": 33.86,
            "inventory_turnover_ratio": 1.03,
            "account_receivable_turnover_ratio": null,
            "reinvestment_rate": 0.55,
            "research_to_sale_ratio": null,
            "price_fair": 84.1,
            "eps_avg_yearly": 2.4,
            "eps_latest_yearly": 1.68,
            "eps_growth_yearly": 252.5
        },
        "20054": {
            "year_quarter": 20054,
            "year": 2005,
            "quarter": 4,
            "eps": 0.32,
            "eps_growth_year": -41.82,
            "eps_4q": 1.26,
            "eps_4q_growth_year": -67.44,
            "roe": 2.07,
            "roe_4q": 8.19,
            "gross_profit": 102806,
            "gross_margin": 30.22,
            "gross_margin_4q_avg": 34.18,
            "net_income": 13813,
            "net_income_4q": null,
            "revenue": 340209,
            "revenue_4q": null,
            "common_shares": 433338,
            "book_valuer_per_share": 15.56,
            "book_valuer_per_share_4q_avg": 16.28,
            "equity": 674470,
            "current_ratio": 219.59,
            "debt_ratio": 32.15,
            "inventory_turnover_ratio": 1.42,
            "account_receivable_turnover_ratio": null,
            "reinvestment_rate": 9.25,
            "research_to_sale_ratio": null,
            "price_fair": 81.48,
            "eps_avg_yearly": 2.33,
            "eps_latest_yearly": 1.28,
            "eps_growth_yearly": 229.32
        },
        "20061": {
            "year_quarter": 20061,
            "year": 2006,
            "quarter": 1,
            "eps": 1.04,
            "eps_growth_year": 136.36,
            "eps_4q": 1.91,
            "eps_4q_growth_year": -42.32,
            "roe": 6.28,
            "roe_4q": 11.99,
            "gross_profit": 110948,
            "gross_margin": 60.09,
            "gross_margin_4q_avg": 39.79,
            "net_income": 44865,
            "net_income_4q": null,
            "revenue": 184647,
            "revenue_4q": null,
            "common_shares": 433338,
            "book_valuer_per_share": 17.41,
            "book_valuer_per_share_4q_avg": 16.07,
            "equity": 754393,
            "current_ratio": 268.15,
            "debt_ratio": 23.45,
            "inventory_turnover_ratio": 0.46,
            "account_receivable_turnover_ratio": null,
            "reinvestment_rate": -1.04,
            "research_to_sale_ratio": null,
            "price_fair": 85.49,
            "eps_avg_yearly": 2.44,
            "eps_latest_yearly": 4.16,
            "eps_growth_yearly": 271.24
        },
        "20062": {
            "year_quarter": 20062,
            "year": 2006,
            "quarter": 2,
            "eps": 3.46,
            "eps_growth_year": 2561.54,
            "eps_4q": 5.23,
            "eps_4q_growth_year": 134.12,
            "roe": 18.82,
            "roe_4q": 29.990000000000002,
            "gross_profit": 120359,
            "gross_margin": 66.7,
            "gross_margin_4q_avg": 47.91,
            "net_income": 149877,
            "net_income_4q": null,
            "revenue": 180448,
            "revenue_4q": null,
            "common_shares": 433338,
            "book_valuer_per_share": 19.35,
            "book_valuer_per_share_4q_avg": 16.9,
            "equity": 838678,
            "current_ratio": 227.56,
            "debt_ratio": 31.13,
            "inventory_turnover_ratio": 0.27,
            "account_receivable_turnover_ratio": null,
            "reinvestment_rate": -0.86,
            "research_to_sale_ratio": null,
            "price_fair": 114.45,
            "eps_avg_yearly": 3.27,
            "eps_latest_yearly": 13.84,
            "eps_growth_yearly": 343.05
        },
        "20063": {
            "year_quarter": 20063,
            "year": 2006,
            "quarter": 3,
            "eps": 1.16,
            "eps_growth_year": 176.19,
            "eps_4q": 5.98,
            "eps_4q_growth_year": 315.75,
            "roe": 5.85,
            "roe_4q": 33.02,
            "gross_profit": 99519,
            "gross_margin": 56.19,
            "gross_margin_4q_avg": 53.3,
            "net_income": 50243,
            "net_income_4q": null,
            "revenue": 177126,
            "revenue_4q": null,
            "common_shares": 433338,
            "book_valuer_per_share": 20.29,
            "book_valuer_per_share_4q_avg": 18.15,
            "equity": 879125,
            "current_ratio": 236.47,
            "debt_ratio": 29.4,
            "inventory_turnover_ratio": 0.28,
            "account_receivable_turnover_ratio": null,
            "reinvestment_rate": -0.84,
            "research_to_sale_ratio": null,
            "price_fair": 117.86,
            "eps_avg_yearly": 3.37,
            "eps_latest_yearly": 4.64,
            "eps_growth_yearly": 223.1
        },
        "20064": {
            "year_quarter": 20064,
            "year": 2006,
            "quarter": 4,
            "eps": -0.03,
            "eps_growth_year": -109.38,
            "eps_4q": 5.62,
            "eps_4q_growth_year": 345.21,
            "roe": -0.17,
            "roe_4q": 30.78,
            "gross_profit": 90371,
            "gross_margin": 50.04,
            "gross_margin_4q_avg": 58.26,
            "net_income": -1503,
            "net_income_4q": null,
            "revenue": 180587,
            "revenue_4q": null,
            "common_shares": 433338,
            "book_valuer_per_share": 21.08,
            "book_valuer_per_share_4q_avg": 19.53,
            "equity": 913574,
            "current_ratio": 245.28,
            "debt_ratio": 30.94,
            "inventory_turnover_ratio": 0.3,
            "account_receivable_turnover_ratio": null,
            "reinvestment_rate": 4.39,
            "research_to_sale_ratio": null,
            "price_fair": 119.75,
            "eps_avg_yearly": 3.42,
            "eps_latest_yearly": 4.64,
            "eps_growth_yearly": 242.47
        },
        "20071": {
            "year_quarter": 20071,
            "year": 2007,
            "quarter": 1,
            "eps": 0.67,
            "eps_growth_year": -35.58,
            "eps_4q": 5.23,
            "eps_4q_growth_year": 174.41,
            "roe": 3.06,
            "roe_4q": 27.560000000000002,
            "gross_profit": 86832,
            "gross_margin": 43.18,
            "gross_margin_4q_avg": 54.03,
            "net_income": 29160,
            "net_income_4q": null,
            "revenue": 201094,
            "revenue_4q": null,
            "common_shares": 433338,
            "book_valuer_per_share": 22.87,
            "book_valuer_per_share_4q_avg": 20.9,
            "equity": 990867,
            "current_ratio": 233.32,
            "debt_ratio": 29.14,
            "inventory_turnover_ratio": 0.35,
            "account_receivable_turnover_ratio": null,
            "reinvestment_rate": -2.14,
            "research_to_sale_ratio": null,
            "price_fair": 127.3,
            "eps_avg_yearly": 3.64,
            "eps_latest_yearly": 4.64,
            "eps_growth_yearly": 283.9
        },
        "20072": {
            "year_quarter": 20072,
            "year": 2007,
            "quarter": 2,
            "eps": 0.27,
            "eps_growth_year": -92.2,
            "eps_4q": 1.82,
            "eps_4q_growth_year": -65.3,
            "roe": 1.44,
            "roe_4q": 10.18,
            "gross_profit": 94047,
            "gross_margin": 50.97,
            "gross_margin_4q_avg": 50.1,
            "net_income": 13604,
            "net_income_4q": null,
            "revenue": 184507,
            "revenue_4q": null,
            "common_shares": 433338,
            "book_valuer_per_share": 20.84,
            "book_valuer_per_share_4q_avg": 21.27,
            "equity": 903189,
            "current_ratio": 186.5,
            "debt_ratio": 36.08,
            "inventory_turnover_ratio": 0.27,
            "account_receivable_turnover_ratio": null,
            "reinvestment_rate": -2.82,
            "research_to_sale_ratio": null,
            "price_fair": 125.5,
            "eps_avg_yearly": 3.59,
            "eps_latest_yearly": 1.08,
            "eps_growth_yearly": 166.84
        },
        "20073": {
            "year_quarter": 20073,
            "year": 2007,
            "quarter": 3,
            "eps": 0.84,
            "eps_growth_year": -27.59,
            "eps_4q": 1.65,
            "eps_4q_growth_year": -72.36,
            "roe": 4.66,
            "roe_4q": 8.99,
            "gross_profit": 94556,
            "gross_margin": 45.29,
            "gross_margin_4q_avg": 47.37,
            "net_income": 42720,
            "net_income_4q": null,
            "revenue": 208763,
            "revenue_4q": null,
            "common_shares": 508000,
            "book_valuer_per_share": 18.34,
            "book_valuer_per_share_4q_avg": 20.78,
            "equity": 931844,
            "current_ratio": 214.72,
            "debt_ratio": 31.11,
            "inventory_turnover_ratio": 0.34,
            "account_receivable_turnover_ratio": null,
            "reinvestment_rate": -3.53,
            "research_to_sale_ratio": null,
            "price_fair": 130.3,
            "eps_avg_yearly": 3.72,
            "eps_latest_yearly": 3.36,
            "eps_growth_yearly": 232.87
        },
        "20074": {
            "year_quarter": 20074,
            "year": 2007,
            "quarter": 4,
            "eps": 0.87,
            "eps_growth_year": null,
            "eps_4q": 2.56,
            "eps_4q_growth_year": -54.53,
            "roe": 4.77,
            "roe_4q": 13.93,
            "gross_profit": 124083,
            "gross_margin": 42.58,
            "gross_margin_4q_avg": 45.51,
            "net_income": 44131,
            "net_income_4q": null,
            "revenue": 291383,
            "revenue_4q": null,
            "common_shares": 508000,
            "book_valuer_per_share": 18.1,
            "book_valuer_per_share_4q_avg": 20.04,
            "equity": 919262,
            "current_ratio": 229.17,
            "debt_ratio": 33.55,
            "inventory_turnover_ratio": 0.5,
            "account_receivable_turnover_ratio": null,
            "reinvestment_rate": 2.18,
            "research_to_sale_ratio": null,
            "price_fair": 128.2,
            "eps_avg_yearly": 3.66,
            "eps_latest_yearly": 3.48,
            "eps_growth_yearly": 176.75
        },
        "20081": {
            "year_quarter": 20081,
            "year": 2008,
            "quarter": 1,
            "eps": 1.07,
            "eps_growth_year": 59.7,
            "eps_4q": 3.06,
            "eps_4q_growth_year": -41.61,
            "roe": 5.75,
            "roe_4q": 16.62,
            "gross_profit": 149242,
            "gross_margin": 57.21,
            "gross_margin_4q_avg": 49.01,
            "net_income": 54123,
            "net_income_4q": null,
            "revenue": 260860,
            "revenue_4q": null,
            "common_shares": 508000,
            "book_valuer_per_share": 18.94,
            "book_valuer_per_share_4q_avg": 19.06,
            "equity": 962180,
            "current_ratio": 253.74,
            "debt_ratio": 30.47,
            "inventory_turnover_ratio": 0.32,
            "account_receivable_turnover_ratio": null,
            "reinvestment_rate": 2.41,
            "research_to_sale_ratio": null,
            "price_fair": 128.8,
            "eps_avg_yearly": 3.68,
            "eps_latest_yearly": 4.28,
            "eps_growth_yearly": 185.17
        },
        "20082": {
            "year_quarter": 20082,
            "year": 2008,
            "quarter": 2,
            "eps": 0.52,
            "eps_growth_year": 92.59,
            "eps_4q": 3.29,
            "eps_4q_growth_year": 81.14,
            "roe": 3,
            "roe_4q": 18.18,
            "gross_profit": 129105,
            "gross_margin": 59.65,
            "gross_margin_4q_avg": 51.18,
            "net_income": 26468,
            "net_income_4q": null,
            "revenue": 216449,
            "revenue_4q": null,
            "common_shares": 508000,
            "book_valuer_per_share": 15.75,
            "book_valuer_per_share_4q_avg": 17.78,
            "equity": 800072,
            "current_ratio": 187.83,
            "debt_ratio": 42.43,
            "inventory_turnover_ratio": 0.23,
            "account_receivable_turnover_ratio": null,
            "reinvestment_rate": 2.88,
            "research_to_sale_ratio": null,
            "price_fair": 123.8,
            "eps_avg_yearly": 3.54,
            "eps_latest_yearly": 2.08,
            "eps_growth_yearly": 170.2
        },
        "20083": {
            "year_quarter": 20083,
            "year": 2008,
            "quarter": 3,
            "eps": 0.89,
            "eps_growth_year": 5.95,
            "eps_4q": 3.35,
            "eps_4q_growth_year": 102.69,
            "roe": 5.56,
            "roe_4q": 19.08,
            "gross_profit": 153289,
            "gross_margin": 43.28,
            "gross_margin_4q_avg": 50.68,
            "net_income": 45177,
            "net_income_4q": null,
            "revenue": 354153,
            "revenue_4q": null,
            "common_shares": 508000,
            "book_valuer_per_share": 16.23,
            "book_valuer_per_share_4q_avg": 17.26,
            "equity": 824656,
            "current_ratio": 216.09,
            "debt_ratio": 36.93,
            "inventory_turnover_ratio": 0.51,
            "account_receivable_turnover_ratio": null,
            "reinvestment_rate": 3.66,
            "research_to_sale_ratio": null,
            "price_fair": 119.8,
            "eps_avg_yearly": 3.42,
            "eps_latest_yearly": 3.56,
            "eps_growth_yearly": 182.97
        },
        "20084": {
            "year_quarter": 20084,
            "year": 2008,
            "quarter": 4,
            "eps": 0.51,
            "eps_growth_year": -41.38,
            "eps_4q": 2.97,
            "eps_4q_growth_year": 16.38,
            "roe": 3.15,
            "roe_4q": 17.46,
            "gross_profit": 120374,
            "gross_margin": 37.96,
            "gross_margin_4q_avg": 49.53,
            "net_income": 26033,
            "net_income_4q": null,
            "revenue": 317137,
            "revenue_4q": null,
            "common_shares": 508000,
            "book_valuer_per_share": 16.29,
            "book_valuer_per_share_4q_avg": 16.8,
            "equity": 827659,
            "current_ratio": 229.14,
            "debt_ratio": 35.25,
            "inventory_turnover_ratio": 0.5,
            "account_receivable_turnover_ratio": 2.92,
            "reinvestment_rate": -1.51,
            "research_to_sale_ratio": null,
            "price_fair": 119.4,
            "eps_avg_yearly": 3.41,
            "eps_latest_yearly": 2.04,
            "eps_growth_yearly": 187.16
        },
        "20091": {
            "year_quarter": 20091,
            "year": 2009,
            "quarter": 1,
            "eps": 0.61,
            "eps_growth_year": -42.99,
            "eps_4q": 2.53,
            "eps_4q_growth_year": -17.35,
            "roe": 3.64,
            "roe_4q": 15.35,
            "gross_profit": 99966,
            "gross_margin": 38.36,
            "gross_margin_4q_avg": 44.81,
            "net_income": 31102,
            "net_income_4q": null,
            "revenue": 260601,
            "revenue_4q": null,
            "common_shares": 508000,
            "book_valuer_per_share": 17.37,
            "book_valuer_per_share_4q_avg": 16.41,
            "equity": 882195,
            "current_ratio": 280.65,
            "debt_ratio": 28.09,
            "inventory_turnover_ratio": 0.46,
            "account_receivable_turnover_ratio": 1.54,
            "reinvestment_rate": 3.99,
            "research_to_sale_ratio": null,
            "price_fair": 121.1,
            "eps_avg_yearly": 3.46,
            "eps_latest_yearly": 2.44,
            "eps_growth_yearly": 198.48
        },
        "20092": {
            "year_quarter": 20092,
            "year": 2009,
            "quarter": 2,
            "eps": 0.23,
            "eps_growth_year": -55.77,
            "eps_4q": 2.23,
            "eps_4q_growth_year": -32.2,
            "roe": 1.39,
            "roe_4q": 13.739999999999998,
            "gross_profit": 64882,
            "gross_margin": 45.73,
            "gross_margin_4q_avg": 41.33,
            "net_income": 11763,
            "net_income_4q": null,
            "revenue": 141867,
            "revenue_4q": null,
            "common_shares": 508000,
            "book_valuer_per_share": 15.97,
            "book_valuer_per_share_4q_avg": 16.47,
            "equity": 811525,
            "current_ratio": 236.93,
            "debt_ratio": 33.92,
            "inventory_turnover_ratio": 0.24,
            "account_receivable_turnover_ratio": 1.51,
            "reinvestment_rate": 3.88,
            "research_to_sale_ratio": null,
            "price_fair": 122.1,
            "eps_avg_yearly": 3.49,
            "eps_latest_yearly": 0.92,
            "eps_growth_yearly": 200.81
        },
        "20093": {
            "year_quarter": 20093,
            "year": 2009,
            "quarter": 3,
            "eps": 0.14,
            "eps_growth_year": -84.27,
            "eps_4q": 1.51,
            "eps_4q_growth_year": -55.01,
            "roe": 0.86,
            "roe_4q": 9.040000000000001,
            "gross_profit": 81379,
            "gross_margin": 32.06,
            "gross_margin_4q_avg": 38.53,
            "net_income": 7062,
            "net_income_4q": null,
            "revenue": 253808,
            "revenue_4q": null,
            "common_shares": 508000,
            "book_valuer_per_share": 16.26,
            "book_valuer_per_share_4q_avg": 16.47,
            "equity": 826054,
            "current_ratio": 288.04,
            "debt_ratio": 27.3,
            "inventory_turnover_ratio": 0.5,
            "account_receivable_turnover_ratio": 3,
            "reinvestment_rate": 4.02,
            "research_to_sale_ratio": null,
            "price_fair": 119.3,
            "eps_avg_yearly": 3.41,
            "eps_latest_yearly": 0.56,
            "eps_growth_yearly": 125.89
        },
        "20094": {
            "year_quarter": 20094,
            "year": 2009,
            "quarter": 4,
            "eps": 0.27,
            "eps_growth_year": -47.06,
            "eps_4q": 1.25,
            "eps_4q_growth_year": -57.97,
            "roe": 1.57,
            "roe_4q": 7.460000000000001,
            "gross_profit": 86714,
            "gross_margin": 34.54,
            "gross_margin_4q_avg": 37.67,
            "net_income": 13571,
            "net_income_4q": null,
            "revenue": 251044,
            "revenue_4q": null,
            "common_shares": 508000,
            "book_valuer_per_share": 17.79,
            "book_valuer_per_share_4q_avg": 16.85,
            "equity": 903711,
            "current_ratio": 295.14,
            "debt_ratio": 25.36,
            "inventory_turnover_ratio": 0.52,
            "account_receivable_turnover_ratio": 6.3,
            "reinvestment_rate": 30.38,
            "research_to_sale_ratio": null,
            "price_fair": 118.8,
            "eps_avg_yearly": 3.39,
            "eps_latest_yearly": 1.08,
            "eps_growth_yearly": 159.22
        },
        "20101": {
            "year_quarter": 20101,
            "year": 2010,
            "quarter": 1,
            "eps": 0.71,
            "eps_growth_year": 16.39,
            "eps_4q": 1.34,
            "eps_4q_growth_year": -46.79,
            "roe": 3.93,
            "roe_4q": 7.75,
            "gross_profit": 123877,
            "gross_margin": 45.48,
            "gross_margin_4q_avg": 39.45,
            "net_income": 35877,
            "net_income_4q": null,
            "revenue": 272352,
            "revenue_4q": null,
            "common_shares": 508000,
            "book_valuer_per_share": 18.16,
            "book_valuer_per_share_4q_avg": 17.05,
            "equity": 922335,
            "current_ratio": 298.95,
            "debt_ratio": 25.95,
            "inventory_turnover_ratio": 0.53,
            "account_receivable_turnover_ratio": 3.03,
            "reinvestment_rate": 34.28,
            "research_to_sale_ratio": 0,
            "price_fair": 115.5,
            "eps_avg_yearly": 3.3,
            "eps_latest_yearly": 2.84,
            "eps_growth_yearly": 141.5
        },
        "20102": {
            "year_quarter": 20102,
            "year": 2010,
            "quarter": 2,
            "eps": 0.2,
            "eps_growth_year": -11.24,
            "eps_4q": 1.32,
            "eps_4q_growth_year": -40.97,
            "roe": 1.17,
            "roe_4q": 7.53,
            "gross_profit": 108304,
            "gross_margin": 49.14,
            "gross_margin_4q_avg": 40.31,
            "net_income": 10371,
            "net_income_4q": null,
            "revenue": 220414,
            "revenue_4q": null,
            "common_shares": 508000,
            "book_valuer_per_share": 16.65,
            "book_valuer_per_share_4q_avg": 17.22,
            "equity": 845572,
            "current_ratio": 243.65,
            "debt_ratio": 32.49,
            "inventory_turnover_ratio": 0.42,
            "account_receivable_turnover_ratio": 2.16,
            "reinvestment_rate": 42.76,
            "research_to_sale_ratio": 0,
            "price_fair": 82.9,
            "eps_avg_yearly": 2.37,
            "eps_latest_yearly": 0.8,
            "eps_growth_yearly": 54.49
        },
        "20103": {
            "year_quarter": 20103,
            "year": 2010,
            "quarter": 3,
            "eps": 1.97,
            "eps_growth_year": 1308,
            "eps_4q": 3.15,
            "eps_4q_growth_year": 109.1,
            "roe": 11.42,
            "roe_4q": 18.09,
            "gross_profit": 191488,
            "gross_margin": 52.7,
            "gross_margin_4q_avg": 45.47,
            "net_income": 100137,
            "net_income_4q": null,
            "revenue": 363324,
            "revenue_4q": null,
            "common_shares": 508000,
            "book_valuer_per_share": 17.88,
            "book_valuer_per_share_4q_avg": 17.62,
            "equity": 908429,
            "current_ratio": 355.2,
            "debt_ratio": 22.78,
            "inventory_turnover_ratio": 0.75,
            "account_receivable_turnover_ratio": 3.01,
            "reinvestment_rate": 29.13,
            "research_to_sale_ratio": 0,
            "price_fair": 91,
            "eps_avg_yearly": 2.6,
            "eps_latest_yearly": 7.88,
            "eps_growth_yearly": 326.34
        },
        "20104": {
            "year_quarter": 20104,
            "year": 2010,
            "quarter": 4,
            "eps": 1.25,
            "eps_growth_year": 362.51,
            "eps_4q": 4.13,
            "eps_4q_growth_year": 230.44,
            "roe": 6.81,
            "roe_4q": 23.33,
            "gross_profit": 188875,
            "gross_margin": 50.7,
            "gross_margin_4q_avg": 49.51,
            "net_income": 63438,
            "net_income_4q": null,
            "revenue": 372532,
            "revenue_4q": null,
            "common_shares": 508000,
            "book_valuer_per_share": 18.81,
            "book_valuer_per_share_4q_avg": 17.88,
            "equity": 955686,
            "current_ratio": 290.56,
            "debt_ratio": 28.97,
            "inventory_turnover_ratio": 1.01,
            "account_receivable_turnover_ratio": 2.36,
            "reinvestment_rate": 17.98,
            "research_to_sale_ratio": 0,
            "price_fair": 96.6,
            "eps_avg_yearly": 2.76,
            "eps_latest_yearly": 5,
            "eps_growth_yearly": 294.84
        },
        "20111": {
            "year_quarter": 20111,
            "year": 2011,
            "quarter": 1,
            "eps": 1.56,
            "eps_growth_year": 119.72,
            "eps_4q": 4.98,
            "eps_4q_growth_year": 270.75,
            "roe": 7.96,
            "roe_4q": 27.36,
            "gross_profit": 190512,
            "gross_margin": 53.08,
            "gross_margin_4q_avg": 51.41,
            "net_income": 79178,
            "net_income_4q": null,
            "revenue": 358896,
            "revenue_4q": null,
            "common_shares": 508000,
            "book_valuer_per_share": 20.35,
            "book_valuer_per_share_4q_avg": 18.42,
            "equity": 1033603,
            "current_ratio": 309.66,
            "debt_ratio": 27.4,
            "inventory_turnover_ratio": 0.96,
            "account_receivable_turnover_ratio": 1.83,
            "reinvestment_rate": 45.23,
            "research_to_sale_ratio": null,
            "price_fair": 104.21,
            "eps_avg_yearly": 2.98,
            "eps_latest_yearly": 6.24,
            "eps_growth_yearly": 282.61
        },
        "20112": {
            "year_quarter": 20112,
            "year": 2011,
            "quarter": 2,
            "eps": 1.16,
            "eps_growth_year": 466.78,
            "eps_4q": 5.31,
            "eps_4q_growth_year": 303.51,
            "roe": 6.77,
            "roe_4q": 32.96,
            "gross_profit": 191960,
            "gross_margin": 61.52,
            "gross_margin_4q_avg": 54.5,
            "net_income": 67598,
            "net_income_4q": null,
            "revenue": 312026,
            "revenue_4q": null,
            "common_shares": 508000,
            "book_valuer_per_share": 18.99,
            "book_valuer_per_share_4q_avg": 19.01,
            "equity": 964548,
            "current_ratio": 246.89,
            "debt_ratio": 34.98,
            "inventory_turnover_ratio": 0.6,
            "account_receivable_turnover_ratio": 1.69,
            "reinvestment_rate": 39.54,
            "research_to_sale_ratio": null,
            "price_fair": 112,
            "eps_avg_yearly": 3.2,
            "eps_latest_yearly": 4.64,
            "eps_growth_yearly": 291.13
        },
        "20113": {
            "year_quarter": 20113,
            "year": 2011,
            "quarter": 3,
            "eps": 0.7,
            "eps_growth_year": -64.28,
            "eps_4q": 4.3,
            "eps_4q_growth_year": 36.64,
            "roe": 4.18,
            "roe_4q": 25.72,
            "gross_profit": 151829,
            "gross_margin": 49.22,
            "gross_margin_4q_avg": 53.63,
            "net_income": 41137,
            "net_income_4q": null,
            "revenue": 308462,
            "revenue_4q": null,
            "common_shares": 584200,
            "book_valuer_per_share": 17.21,
            "book_valuer_per_share_4q_avg": 18.84,
            "equity": 1005438,
            "current_ratio": 319.66,
            "debt_ratio": 26.93,
            "inventory_turnover_ratio": 0.7,
            "account_receivable_turnover_ratio": 1.76,
            "reinvestment_rate": 39.71,
            "research_to_sale_ratio": null,
            "price_fair": 110.78,
            "eps_avg_yearly": 3.17,
            "eps_latest_yearly": 2.8,
            "eps_growth_yearly": 228.44
        },
        "20114": {
            "year_quarter": 20114,
            "year": 2011,
            "quarter": 4,
            "eps": -0.08,
            "eps_growth_year": -106.47,
            "eps_4q": 3.14,
            "eps_4q_growth_year": -24.08,
            "roe": -0.47,
            "roe_4q": 18.44,
            "gross_profit": 94591,
            "gross_margin": 44.26,
            "gross_margin_4q_avg": 52.02,
            "net_income": -4718,
            "net_income_4q": null,
            "revenue": 213741,
            "revenue_4q": null,
            "common_shares": 584200,
            "book_valuer_per_share": 17.03,
            "book_valuer_per_share_4q_avg": 18.4,
            "equity": 994774,
            "current_ratio": 321.81,
            "debt_ratio": 26.93,
            "inventory_turnover_ratio": 0.51,
            "account_receivable_turnover_ratio": 1.38,
            "reinvestment_rate": 33.38,
            "research_to_sale_ratio": null,
            "price_fair": 110.04,
            "eps_avg_yearly": 3.14,
            "eps_latest_yearly": 2.8,
            "eps_growth_yearly": 242.71
        },
        "20121": {
            "year_quarter": 20121,
            "year": 2012,
            "quarter": 1,
            "eps": 0.46,
            "eps_growth_year": -70.51,
            "eps_4q": 2.24,
            "eps_4q_growth_year": -55.05,
            "roe": 2.66,
            "roe_4q": 13.14,
            "gross_profit": 124890,
            "gross_margin": 45.52,
            "gross_margin_4q_avg": 50.13,
            "net_income": 26827,
            "net_income_4q": null,
            "revenue": 274351,
            "revenue_4q": null,
            "common_shares": 584200,
            "book_valuer_per_share": 17.45,
            "book_valuer_per_share_4q_avg": 17.67,
            "equity": 1019592,
            "current_ratio": 373.78,
            "debt_ratio": 23.18,
            "inventory_turnover_ratio": 0.68,
            "account_receivable_turnover_ratio": 2.41,
            "reinvestment_rate": 33.87,
            "research_to_sale_ratio": null,
            "price_fair": 107.2,
            "eps_avg_yearly": 3.06,
            "eps_latest_yearly": 2.8,
            "eps_growth_yearly": 253.48
        },
        "20122": {
            "year_quarter": 20122,
            "year": 2012,
            "quarter": 2,
            "eps": 0.5,
            "eps_growth_year": -56.64,
            "eps_4q": 1.49,
            "eps_4q_growth_year": -72.03,
            "roe": 3.25,
            "roe_4q": 9.620000000000001,
            "gross_profit": 144369,
            "gross_margin": 46.93,
            "gross_margin_4q_avg": 46.48,
            "net_income": 32244,
            "net_income_4q": null,
            "revenue": 307607,
            "revenue_4q": null,
            "common_shares": 584200,
            "book_valuer_per_share": 16.47,
            "book_valuer_per_share_4q_avg": 17.04,
            "equity": 962100,
            "current_ratio": 310.02,
            "debt_ratio": 28.23,
            "inventory_turnover_ratio": 0.84,
            "account_receivable_turnover_ratio": 2.33,
            "reinvestment_rate": 31.78,
            "research_to_sale_ratio": null,
            "price_fair": 107,
            "eps_avg_yearly": 3.06,
            "eps_latest_yearly": 2,
            "eps_growth_yearly": 270.65
        },
        "20123": {
            "year_quarter": 20123,
            "year": 2012,
            "quarter": 3,
            "eps": 0.41,
            "eps_growth_year": -41.62,
            "eps_4q": 1.26,
            "eps_4q_growth_year": -70.79,
            "roe": 2.7,
            "roe_4q": 8.139999999999999,
            "gross_profit": 132269,
            "gross_margin": 49.03,
            "gross_margin_4q_avg": 46.44,
            "net_income": 26418,
            "net_income_4q": null,
            "revenue": 269758,
            "revenue_4q": null,
            "common_shares": 642620,
            "book_valuer_per_share": 15.43,
            "book_valuer_per_share_4q_avg": 16.6,
            "equity": 991605,
            "current_ratio": 355.05,
            "debt_ratio": 24.49,
            "inventory_turnover_ratio": 0.61,
            "account_receivable_turnover_ratio": 1.95,
            "reinvestment_rate": 32.27,
            "research_to_sale_ratio": null,
            "price_fair": 102.2,
            "eps_avg_yearly": 2.92,
            "eps_latest_yearly": 1.64,
            "eps_growth_yearly": 245.18
        },
        "20124": {
            "year_quarter": 20124,
            "year": 2012,
            "quarter": 4,
            "eps": -0.27,
            "eps_growth_year": null,
            "eps_4q": 1.06,
            "eps_4q_growth_year": -66.24,
            "roe": -1.74,
            "roe_4q": 6.87,
            "gross_profit": 123150,
            "gross_margin": 40.32,
            "gross_margin_4q_avg": 45.45,
            "net_income": -17460,
            "net_income_4q": null,
            "revenue": 305452,
            "revenue_4q": null,
            "common_shares": 642620,
            "book_valuer_per_share": 15.8,
            "book_valuer_per_share_4q_avg": 16.29,
            "equity": 1015494,
            "current_ratio": 293.92,
            "debt_ratio": 29.22,
            "inventory_turnover_ratio": 0.69,
            "account_receivable_turnover_ratio": 2.18,
            "reinvestment_rate": 37.62,
            "research_to_sale_ratio": null,
            "price_fair": 104.57,
            "eps_avg_yearly": 2.99,
            "eps_latest_yearly": 1.64,
            "eps_growth_yearly": 277.18
        },
        "20131": {
            "year_quarter": 20131,
            "year": 2013,
            "quarter": 1,
            "eps": 0.61,
            "eps_growth_year": 32.61,
            "eps_4q": 1.25,
            "eps_4q_growth_year": -44.21,
            "roe": 3.8,
            "roe_4q": 8.01,
            "gross_profit": 134708,
            "gross_margin": 46.26,
            "gross_margin_4q_avg": 45.64,
            "net_income": 39096,
            "net_income_4q": null,
            "revenue": 291166,
            "revenue_4q": null,
            "common_shares": 642620,
            "book_valuer_per_share": 16.23,
            "book_valuer_per_share_4q_avg": 15.98,
            "equity": 1042735,
            "current_ratio": 396.71,
            "debt_ratio": 22.71,
            "inventory_turnover_ratio": 0.66,
            "account_receivable_turnover_ratio": 2.8,
            "reinvestment_rate": 24.29,
            "research_to_sale_ratio": null,
            "price_fair": 106.17,
            "eps_avg_yearly": 3.03,
            "eps_latest_yearly": 1.64,
            "eps_growth_yearly": 293.74
        },
        "20132": {
            "year_quarter": 20132,
            "year": 2013,
            "quarter": 2,
            "eps": 0.24,
            "eps_growth_year": -52.17,
            "eps_4q": 0.99,
            "eps_4q_growth_year": -33.59,
            "roe": 1.53,
            "roe_4q": 6.29,
            "gross_profit": 117633,
            "gross_margin": 40.89,
            "gross_margin_4q_avg": 44.13,
            "net_income": 15359,
            "net_income_4q": null,
            "revenue": 287650,
            "revenue_4q": null,
            "common_shares": 642620,
            "book_valuer_per_share": 14.96,
            "book_valuer_per_share_4q_avg": 15.61,
            "equity": 961094,
            "current_ratio": 220.15,
            "debt_ratio": 34.3,
            "inventory_turnover_ratio": 0.9,
            "account_receivable_turnover_ratio": 3.47,
            "reinvestment_rate": 56.33,
            "research_to_sale_ratio": null,
            "price_fair": 106.28,
            "eps_avg_yearly": 3.04,
            "eps_latest_yearly": 0.96,
            "eps_growth_yearly": 294.28
        },
        "20133": {
            "year_quarter": 20133,
            "year": 2013,
            "quarter": 3,
            "eps": 0.36,
            "eps_growth_year": -12.43,
            "eps_4q": 0.94,
            "eps_4q_growth_year": -25.46,
            "roe": 2.39,
            "roe_4q": 5.9799999999999995,
            "gross_profit": 130868,
            "gross_margin": 46.46,
            "gross_margin_4q_avg": 43.48,
            "net_income": 23210,
            "net_income_4q": null,
            "revenue": 281676,
            "revenue_4q": null,
            "common_shares": 642620,
            "book_valuer_per_share": 15.27,
            "book_valuer_per_share_4q_avg": 15.57,
            "equity": 980991,
            "current_ratio": 251.16,
            "debt_ratio": 30.08,
            "inventory_turnover_ratio": 0.84,
            "account_receivable_turnover_ratio": 2.07,
            "reinvestment_rate": 53.24,
            "research_to_sale_ratio": null,
            "price_fair": 108.85,
            "eps_avg_yearly": 3.11,
            "eps_latest_yearly": 1.44,
            "eps_growth_yearly": 323.99
        },
        "20134": {
            "year_quarter": 20134,
            "year": 2013,
            "quarter": 4,
            "eps": 0.07,
            "eps_growth_year": null,
            "eps_4q": 1.28,
            "eps_4q_growth_year": 20.98,
            "roe": 0.47,
            "roe_4q": 8.190000000000001,
            "gross_profit": 100368,
            "gross_margin": 39.54,
            "gross_margin_4q_avg": 43.29,
            "net_income": 4638,
            "net_income_4q": null,
            "revenue": 253816,
            "revenue_4q": null,
            "common_shares": 642620,
            "book_valuer_per_share": 15.49,
            "book_valuer_per_share_4q_avg": 15.49,
            "equity": 995524,
            "current_ratio": 231.02,
            "debt_ratio": 30.73,
            "inventory_turnover_ratio": 0.74,
            "account_receivable_turnover_ratio": 1.95,
            "reinvestment_rate": 24.94,
            "research_to_sale_ratio": null,
            "price_fair": 106.52,
            "eps_avg_yearly": 3.04,
            "eps_latest_yearly": 0.28,
            "eps_growth_yearly": 266.19
        },
        "20141": {
            "year_quarter": 20141,
            "year": 2014,
            "quarter": 1,
            "eps": 0.2,
            "eps_growth_year": -67.21,
            "eps_4q": 0.87,
            "eps_4q_growth_year": -30.51,
            "roe": 1.25,
            "roe_4q": 5.640000000000001,
            "gross_profit": 103520,
            "gross_margin": 40.99,
            "gross_margin_4q_avg": 41.97,
            "net_income": 12596,
            "net_income_4q": null,
            "revenue": 252533,
            "revenue_4q": null,
            "common_shares": 642620,
            "book_valuer_per_share": 15.76,
            "book_valuer_per_share_4q_avg": 15.37,
            "equity": 1012964,
            "current_ratio": 277.58,
            "debt_ratio": 25.08,
            "inventory_turnover_ratio": 0.71,
            "account_receivable_turnover_ratio": 3.19,
            "reinvestment_rate": 29.41,
            "research_to_sale_ratio": null,
            "price_fair": 100.57,
            "eps_avg_yearly": 2.87,
            "eps_latest_yearly": 0.8,
            "eps_growth_yearly": 273.77
        },
        "20142": {
            "year_quarter": 20142,
            "year": 2014,
            "quarter": 2,
            "eps": 0.34,
            "eps_growth_year": 41.67,
            "eps_4q": 0.97,
            "eps_4q_growth_year": -1.32,
            "roe": 2.23,
            "roe_4q": 6.34,
            "gross_profit": 109836,
            "gross_margin": 37.81,
            "gross_margin_4q_avg": 41.2,
            "net_income": 22130,
            "net_income_4q": null,
            "revenue": 290491,
            "revenue_4q": null,
            "common_shares": 642620,
            "book_valuer_per_share": 15.14,
            "book_valuer_per_share_4q_avg": 15.42,
            "equity": 973032,
            "current_ratio": 213.51,
            "debt_ratio": 32.91,
            "inventory_turnover_ratio": 0.85,
            "account_receivable_turnover_ratio": 3.49,
            "reinvestment_rate": 31.47,
            "research_to_sale_ratio": null,
            "price_fair": 102.2,
            "eps_avg_yearly": 2.92,
            "eps_latest_yearly": 1.36,
            "eps_growth_yearly": 321.05
        },
        "20143": {
            "year_quarter": 20143,
            "year": 2014,
            "quarter": 3,
            "eps": 0.55,
            "eps_growth_year": 52.78,
            "eps_4q": 1.16,
            "eps_4q_growth_year": 23.68,
            "roe": 3.58,
            "roe_4q": 7.53,
            "gross_profit": 103417,
            "gross_margin": 43.65,
            "gross_margin_4q_avg": 40.5,
            "net_income": 35095,
            "net_income_4q": null,
            "revenue": 236942,
            "revenue_4q": null,
            "common_shares": 642620,
            "book_valuer_per_share": 15.4,
            "book_valuer_per_share_4q_avg": 15.45,
            "equity": 989628,
            "current_ratio": 264.37,
            "debt_ratio": 27.46,
            "inventory_turnover_ratio": 0.57,
            "account_receivable_turnover_ratio": 2,
            "reinvestment_rate": 36.18,
            "research_to_sale_ratio": null,
            "price_fair": 85.63,
            "eps_avg_yearly": 2.45,
            "eps_latest_yearly": 2.2,
            "eps_growth_yearly": 46.64
        },
        "20144": {
            "year_quarter": 20144,
            "year": 2014,
            "quarter": 4,
            "eps": 0.18,
            "eps_growth_year": 146.23,
            "eps_4q": 1.26,
            "eps_4q_growth_year": -1.29,
            "roe": 1.14,
            "roe_4q": 8.2,
            "gross_profit": 99645,
            "gross_margin": 36.78,
            "gross_margin_4q_avg": 39.81,
            "net_income": 11420,
            "net_income_4q": null,
            "revenue": 270921,
            "revenue_4q": null,
            "common_shares": 642620,
            "book_valuer_per_share": 15.69,
            "book_valuer_per_share_4q_avg": 15.5,
            "equity": 1008427,
            "current_ratio": 233.37,
            "debt_ratio": 31.62,
            "inventory_turnover_ratio": 0.64,
            "account_receivable_turnover_ratio": 1.95,
            "reinvestment_rate": 43.12,
            "research_to_sale_ratio": null,
            "price_fair": 73.15,
            "eps_avg_yearly": 2.09,
            "eps_latest_yearly": 0.72,
            "eps_growth_yearly": 36.4
        },
        "20151": {
            "year_quarter": 20151,
            "year": 2015,
            "quarter": 1,
            "eps": 0.24,
            "eps_growth_year": 20,
            "eps_4q": 1.31,
            "eps_4q_growth_year": 50.87,
            "roe": 1.53,
            "roe_4q": 8.48,
            "gross_profit": 115371,
            "gross_margin": 40.99,
            "gross_margin_4q_avg": 39.81,
            "net_income": 15546,
            "net_income_4q": null,
            "revenue": 281439,
            "revenue_4q": null,
            "common_shares": 642620,
            "book_valuer_per_share": 15.92,
            "book_valuer_per_share_4q_avg": 15.54,
            "equity": 1023101,
            "current_ratio": 239.98,
            "debt_ratio": 30.5,
            "inventory_turnover_ratio": 0.53,
            "account_receivable_turnover_ratio": 2.54,
            "reinvestment_rate": 12.56,
            "research_to_sale_ratio": null,
            "price_fair": 57.75,
            "eps_avg_yearly": 1.65,
            "eps_latest_yearly": 0.96,
            "eps_growth_yearly": 39.24
        },
        "20152": {
            "year_quarter": 20152,
            "year": 2015,
            "quarter": 2,
            "eps": 0,
            "eps_growth_year": -100,
            "eps_4q": 0.97,
            "eps_4q_growth_year": -0.52,
            "roe": 0.02,
            "roe_4q": 6.27,
            "gross_profit": 87480,
            "gross_margin": 38.87,
            "gross_margin_4q_avg": 40.07,
            "net_income": 186,
            "net_income_4q": null,
            "revenue": 225040,
            "revenue_4q": null,
            "common_shares": 642620,
            "book_valuer_per_share": 14.91,
            "book_valuer_per_share_4q_avg": 15.48,
            "equity": 958022,
            "current_ratio": 196.19,
            "debt_ratio": 37.79,
            "inventory_turnover_ratio": 0.39,
            "account_receivable_turnover_ratio": 2.15,
            "reinvestment_rate": 19.5,
            "research_to_sale_ratio": null,
            "price_fair": 48.24,
            "eps_avg_yearly": 1.38,
            "eps_latest_yearly": 0.96,
            "eps_growth_yearly": 52.13
        },
        "20153": {
            "year_quarter": 20153,
            "year": 2015,
            "quarter": 3,
            "eps": 0.67,
            "eps_growth_year": 21.82,
            "eps_4q": 1.09,
            "eps_4q_growth_year": -5.84,
            "roe": 4.38,
            "roe_4q": 7.069999999999999,
            "gross_profit": 125646,
            "gross_margin": 48.96,
            "gross_margin_4q_avg": 41.4,
            "net_income": 42959,
            "net_income_4q": null,
            "revenue": 256648,
            "revenue_4q": null,
            "common_shares": 642620,
            "book_valuer_per_share": 15.65,
            "book_valuer_per_share_4q_avg": 15.54,
            "equity": 1005395,
            "current_ratio": 225.14,
            "debt_ratio": 32.63,
            "inventory_turnover_ratio": 0.35,
            "account_receivable_turnover_ratio": 1.78,
            "reinvestment_rate": 17.23,
            "research_to_sale_ratio": null,
            "price_fair": 43.26,
            "eps_avg_yearly": 1.24,
            "eps_latest_yearly": 0.96,
            "eps_growth_yearly": 73.21
        },
        "20154": {
            "year_quarter": 20154,
            "year": 2015,
            "quarter": 4,
            "eps": 0.17,
            "eps_growth_year": -3.28,
            "eps_4q": 1.09,
            "eps_4q_growth_year": -14.16,
            "roe": 1.09,
            "roe_4q": 7.02,
            "gross_profit": 108827,
            "gross_margin": 38.03,
            "gross_margin_4q_avg": 41.71,
            "net_income": 11046,
            "net_income_4q": null,
            "revenue": 286192,
            "revenue_4q": null,
            "common_shares": 642620,
            "book_valuer_per_share": 15.78,
            "book_valuer_per_share_4q_avg": 15.57,
            "equity": 1013887,
            "current_ratio": 212.96,
            "debt_ratio": 35.17,
            "inventory_turnover_ratio": 0.47,
            "account_receivable_turnover_ratio": 1.85,
            "reinvestment_rate": 24.3,
            "research_to_sale_ratio": null,
            "price_fair": 41.49,
            "eps_avg_yearly": 1.19,
            "eps_latest_yearly": 0.68,
            "eps_growth_yearly": 39.42
        },
        "20161": {
            "year_quarter": 20161,
            "year": 2016,
            "quarter": 1,
            "eps": 0.24,
            "eps_growth_year": 0,
            "eps_4q": 1.08,
            "eps_4q_growth_year": -17.36,
            "roe": 1.51,
            "roe_4q": 7,
            "gross_profit": 96286,
            "gross_margin": 43.76,
            "gross_margin_4q_avg": 42.41,
            "net_income": 15384,
            "net_income_4q": null,
            "revenue": 220046,
            "revenue_4q": null,
            "common_shares": 642620,
            "book_valuer_per_share": 15.99,
            "book_valuer_per_share_4q_avg": 15.58,
            "equity": 1027716,
            "current_ratio": 251.76,
            "debt_ratio": 28.4,
            "inventory_turnover_ratio": 0.36,
            "account_receivable_turnover_ratio": 1.67,
            "reinvestment_rate": 33.61,
            "research_to_sale_ratio": null,
            "price_fair": 40.83,
            "eps_avg_yearly": 1.17,
            "eps_latest_yearly": 0.96,
            "eps_growth_yearly": 49.86
        },
        "20162": {
            "year_quarter": 20162,
            "year": 2016,
            "quarter": 2,
            "eps": 0.43,
            "eps_growth_year": null,
            "eps_4q": 1.51,
            "eps_4q_growth_year": 56.15,
            "roe": 2.75,
            "roe_4q": 9.73,
            "gross_profit": 123364,
            "gross_margin": 37.04,
            "gross_margin_4q_avg": 41.95,
            "net_income": 27808,
            "net_income_4q": null,
            "revenue": 333025,
            "revenue_4q": null,
            "common_shares": 642620,
            "book_valuer_per_share": 15.43,
            "book_valuer_per_share_4q_avg": 15.71,
            "equity": 991498,
            "current_ratio": 225.49,
            "debt_ratio": 31.86,
            "inventory_turnover_ratio": 0.65,
            "account_receivable_turnover_ratio": 2.88,
            "reinvestment_rate": 34.94,
            "research_to_sale_ratio": null,
            "price_fair": 40.02,
            "eps_avg_yearly": 1.14,
            "eps_latest_yearly": 1.72,
            "eps_growth_yearly": 73.35
        },
        "20163": {
            "year_quarter": 20163,
            "year": 2016,
            "quarter": 3,
            "eps": 0.1,
            "eps_growth_year": -85.07,
            "eps_4q": 0.95,
            "eps_4q_growth_year": -13.05,
            "roe": 0.68,
            "roe_4q": 6.03,
            "gross_profit": 93395,
            "gross_margin": 28.97,
            "gross_margin_4q_avg": 36.95,
            "net_income": 6724,
            "net_income_4q": null,
            "revenue": 322356,
            "revenue_4q": null,
            "common_shares": 642620,
            "book_valuer_per_share": 15.5,
            "book_valuer_per_share_4q_avg": 15.68,
            "equity": 996348,
            "current_ratio": 231.33,
            "debt_ratio": 29.99,
            "inventory_turnover_ratio": 0.75,
            "account_receivable_turnover_ratio": 2.19,
            "reinvestment_rate": 48.56,
            "research_to_sale_ratio": null,
            "price_fair": 36.4,
            "eps_avg_yearly": 1.04,
            "eps_latest_yearly": 0.4,
            "eps_growth_yearly": 53.77
        },
        "20164": {
            "year_quarter": 20164,
            "year": 2016,
            "quarter": 4,
            "eps": 0.5,
            "eps_growth_year": 191.58,
            "eps_4q": 1.28,
            "eps_4q_growth_year": 17.76,
            "roe": 3.19,
            "roe_4q": 8.13,
            "gross_profit": 125267,
            "gross_margin": 37.31,
            "gross_margin_4q_avg": 36.77,
            "net_income": 32208,
            "net_income_4q": null,
            "revenue": 335764,
            "revenue_4q": null,
            "common_shares": 642620,
            "book_valuer_per_share": 15.94,
            "book_valuer_per_share_4q_avg": 15.72,
            "equity": 1024560,
            "current_ratio": 205.11,
            "debt_ratio": 36.02,
            "inventory_turnover_ratio": 0.66,
            "account_receivable_turnover_ratio": 1.93,
            "reinvestment_rate": 33.49,
            "research_to_sale_ratio": null,
            "price_fair": 38.98,
            "eps_avg_yearly": 1.11,
            "eps_latest_yearly": 2,
            "eps_growth_yearly": 172.71
        },
        "20171": {
            "year_quarter": 20171,
            "year": 2017,
            "quarter": 1,
            "eps": 0.1,
            "eps_growth_year": -58.33,
            "eps_4q": 1.14,
            "eps_4q_growth_year": 5.03,
            "roe": 0.62,
            "roe_4q": 7.24,
            "gross_profit": 92421,
            "gross_margin": 40.54,
            "gross_margin_4q_avg": 35.97,
            "net_income": 6332,
            "net_income_4q": null,
            "revenue": 227997,
            "revenue_4q": null,
            "common_shares": 642620,
            "book_valuer_per_share": 15.96,
            "book_valuer_per_share_4q_avg": 15.71,
            "equity": 1025762,
            "current_ratio": 229.96,
            "debt_ratio": 31.05,
            "inventory_turnover_ratio": 0.36,
            "account_receivable_turnover_ratio": 1.66,
            "reinvestment_rate": 63.27,
            "research_to_sale_ratio": null,
            "price_fair": 37.2,
            "eps_avg_yearly": 1.06,
            "eps_latest_yearly": 0.4,
            "eps_growth_yearly": 137.51
        },
        "20172": {
            "year_quarter": 20172,
            "year": 2017,
            "quarter": 2,
            "eps": 0.25,
            "eps_growth_year": -41.86,
            "eps_4q": 0.95,
            "eps_4q_growth_year": -36.91,
            "roe": 1.61,
            "roe_4q": 6.1,
            "gross_profit": 106539,
            "gross_margin": 29.12,
            "gross_margin_4q_avg": 33.99,
            "net_income": 16055,
            "net_income_4q": null,
            "revenue": 365847,
            "revenue_4q": null,
            "common_shares": 642620,
            "book_valuer_per_share": 15.02,
            "book_valuer_per_share_4q_avg": 15.61,
            "equity": 964960,
            "current_ratio": 207.19,
            "debt_ratio": 35.94,
            "inventory_turnover_ratio": 0.64,
            "account_receivable_turnover_ratio": 3.07,
            "reinvestment_rate": -9.94,
            "research_to_sale_ratio": null,
            "price_fair": 37.3,
            "eps_avg_yearly": 1.07,
            "eps_latest_yearly": 1,
            "eps_growth_yearly": 197.7
        },
        "20173": {
            "year_quarter": 20173,
            "year": 2017,
            "quarter": 3,
            "eps": 0.33,
            "eps_growth_year": 230,
            "eps_4q": 1.18,
            "eps_4q_growth_year": 24.59,
            "roe": 2.19,
            "roe_4q": 7.609999999999999,
            "gross_profit": 114571,
            "gross_margin": 38.9,
            "gross_margin_4q_avg": 36.47,
            "net_income": 21357,
            "net_income_4q": null,
            "revenue": 294511,
            "revenue_4q": null,
            "common_shares": 642620,
            "book_valuer_per_share": 15.35,
            "book_valuer_per_share_4q_avg": 15.57,
            "equity": 986149,
            "current_ratio": 232.09,
            "debt_ratio": 31.68,
            "inventory_turnover_ratio": 0.46,
            "account_receivable_turnover_ratio": 2.18,
            "reinvestment_rate": -5.59,
            "research_to_sale_ratio": null,
            "price_fair": 37,
            "eps_avg_yearly": 1.06,
            "eps_latest_yearly": 1.32,
            "eps_growth_yearly": 192.56
        },
        "20174": {
            "year_quarter": 20174,
            "year": 2017,
            "quarter": 4,
            "eps": 0.45,
            "eps_growth_year": -9.82,
            "eps_4q": 1.13,
            "eps_4q_growth_year": -11.37,
            "roe": 2.89,
            "roe_4q": 7.3100000000000005,
            "gross_profit": 140505,
            "gross_margin": 37.02,
            "gross_margin_4q_avg": 36.4,
            "net_income": 29046,
            "net_income_4q": null,
            "revenue": 379552,
            "revenue_4q": null,
            "common_shares": 642620,
            "book_valuer_per_share": 15.92,
            "book_valuer_per_share_4q_avg": 15.56,
            "equity": 1022850,
            "current_ratio": 242.13,
            "debt_ratio": 29.97,
            "inventory_turnover_ratio": 0.66,
            "account_receivable_turnover_ratio": 2.69,
            "reinvestment_rate": -13.03,
            "research_to_sale_ratio": null,
            "price_fair": 40.8,
            "eps_avg_yearly": 1.17,
            "eps_latest_yearly": 1.8,
            "eps_growth_yearly": 225.96
        },
        "20181": {
            "year_quarter": 20181,
            "year": 2018,
            "quarter": 1,
            "eps": 0.29,
            "eps_growth_year": 190,
            "eps_4q": 1.32,
            "eps_4q_growth_year": 16.38,
            "roe": 1.79,
            "roe_4q": 8.479999999999999,
            "gross_profit": 105748,
            "gross_margin": 37.96,
            "gross_margin_4q_avg": 35.75,
            "net_income": 18582,
            "net_income_4q": null,
            "revenue": 278555,
            "revenue_4q": null,
            "common_shares": 642620,
            "book_valuer_per_share": 16.36,
            "book_valuer_per_share_4q_avg": 15.66,
            "equity": 1051051,
            "current_ratio": 242.84,
            "debt_ratio": 29.69,
            "inventory_turnover_ratio": 0.53,
            "account_receivable_turnover_ratio": 1.94,
            "reinvestment_rate": -19.18,
            "research_to_sale_ratio": null,
            "price_fair": 41.7,
            "eps_avg_yearly": 1.19,
            "eps_latest_yearly": 1.16,
            "eps_growth_yearly": 162.74
        },
        "20182": {
            "year_quarter": 20182,
            "year": 2018,
            "quarter": 2,
            "eps": 0.51,
            "eps_growth_year": 104,
            "eps_4q": 1.59,
            "eps_4q_growth_year": 66.2,
            "roe": 3.2,
            "roe_4q": 10.07,
            "gross_profit": 119555,
            "gross_margin": 44.3,
            "gross_margin_4q_avg": 39.55,
            "net_income": 32925,
            "net_income_4q": null,
            "revenue": 269862,
            "revenue_4q": null,
            "common_shares": 642620,
            "book_valuer_per_share": 15.7,
            "book_valuer_per_share_4q_avg": 15.83,
            "equity": 1008708,
            "current_ratio": 184.64,
            "debt_ratio": 41.26,
            "inventory_turnover_ratio": 0.39,
            "account_receivable_turnover_ratio": 1.65,
            "reinvestment_rate": -19.92,
            "research_to_sale_ratio": null,
            "price_fair": 43.4,
            "eps_avg_yearly": 1.24,
            "eps_latest_yearly": 2.04,
            "eps_growth_yearly": 164.42
        },
        "20183": {
            "year_quarter": 20183,
            "year": 2018,
            "quarter": 3,
            "eps": 0.24,
            "eps_growth_year": -27.27,
            "eps_4q": 1.49,
            "eps_4q_growth_year": 26.28,
            "roe": 1.51,
            "roe_4q": 9.39,
            "gross_profit": 118596,
            "gross_margin": 51.95,
            "gross_margin_4q_avg": 42.81,
            "net_income": 15363,
            "net_income_4q": null,
            "revenue": 228274,
            "revenue_4q": null,
            "common_shares": 642620,
            "book_valuer_per_share": 15.93,
            "book_valuer_per_share_4q_avg": 15.98,
            "equity": 1023767,
            "current_ratio": 176.69,
            "debt_ratio": 44.01,
            "inventory_turnover_ratio": 0.2,
            "account_receivable_turnover_ratio": 1.44,
            "reinvestment_rate": -7.3,
            "research_to_sale_ratio": null,
            "price_fair": 40.3,
            "eps_avg_yearly": 1.15,
            "eps_latest_yearly": 0.96,
            "eps_growth_yearly": 131.65
        },
        "20184": {
            "year_quarter": 20184,
            "year": 2018,
            "quarter": 4,
            "eps": 0.66,
            "eps_growth_year": 45.98,
            "eps_4q": 1.7,
            "eps_4q_growth_year": 50.12,
            "roe": 4.05,
            "roe_4q": 10.55,
            "gross_profit": 159894,
            "gross_margin": 32.37,
            "gross_margin_4q_avg": 41.65,
            "net_income": 42401,
            "net_income_4q": null,
            "revenue": 493978,
            "revenue_4q": null,
            "common_shares": 642620,
            "book_valuer_per_share": 16.65,
            "book_valuer_per_share_4q_avg": 16.16,
            "equity": 1070177,
            "current_ratio": 182.4,
            "debt_ratio": 42.71,
            "inventory_turnover_ratio": 0.52,
            "account_receivable_turnover_ratio": 2.74,
            "reinvestment_rate": -2.86,
            "research_to_sale_ratio": null,
            "price_fair": 45.1,
            "eps_avg_yearly": 1.29,
            "eps_latest_yearly": 2.64,
            "eps_growth_yearly": 200.87
        },
        "20191": {
            "year_quarter": 20191,
            "year": 2019,
            "quarter": 1,
            "eps": 0.57,
            "eps_growth_year": 96.55,
            "eps_4q": 1.99,
            "eps_4q_growth_year": 50.03,
            "roe": 3.38,
            "roe_4q": 12.14,
            "gross_profit": 134130,
            "gross_margin": 34.98,
            "gross_margin_4q_avg": 40.9,
            "net_income": 36897,
            "net_income_4q": null,
            "revenue": 383468,
            "revenue_4q": null,
            "common_shares": 642620,
            "book_valuer_per_share": 17.3,
            "book_valuer_per_share_4q_avg": 16.4,
            "equity": 1111423,
            "current_ratio": 198.79,
            "debt_ratio": 38.56,
            "inventory_turnover_ratio": 0.42,
            "account_receivable_turnover_ratio": 1.75,
            "reinvestment_rate": -0.85,
            "research_to_sale_ratio": null,
            "price_fair": 48.4,
            "eps_avg_yearly": 1.38,
            "eps_latest_yearly": 2.28,
            "eps_growth_yearly": 187.45
        },
        "20192": {
            "year_quarter": 20192,
            "year": 2019,
            "quarter": 2,
            "eps": 0.47,
            "eps_growth_year": -7.84,
            "eps_4q": 1.94,
            "eps_4q_growth_year": 22.22,
            "roe": 2.78,
            "roe_4q": 11.72,
            "gross_profit": 114222,
            "gross_margin": 42.77,
            "gross_margin_4q_avg": 40.52,
            "net_income": 29892,
            "net_income_4q": null,
            "revenue": 267076,
            "revenue_4q": null,
            "common_shares": 642620,
            "book_valuer_per_share": 16.2,
            "book_valuer_per_share_4q_avg": 16.52,
            "equity": 1041101,
            "current_ratio": 181.15,
            "debt_ratio": 42.2,
            "inventory_turnover_ratio": 0.28,
            "account_receivable_turnover_ratio": 1.46,
            "reinvestment_rate": -1.61,
            "research_to_sale_ratio": null,
            "price_fair": 49.56,
            "eps_avg_yearly": 1.42,
            "eps_latest_yearly": 1.88,
            "eps_growth_yearly": 170.27
        },
        "20193": {
            "year_quarter": 20193,
            "year": 2019,
            "quarter": 3,
            "eps": -0.11,
            "eps_growth_year": -145.83,
            "eps_4q": 1.59,
            "eps_4q_growth_year": 6.55,
            "roe": -0.67,
            "roe_4q": 9.54,
            "gross_profit": 81421,
            "gross_margin": 40.37,
            "gross_margin_4q_avg": 37.62,
            "net_income": -6992,
            "net_income_4q": null,
            "revenue": 201670,
            "revenue_4q": null,
            "common_shares": 642620,
            "book_valuer_per_share": 16.13,
            "book_valuer_per_share_4q_avg": 16.57,
            "equity": 1036415,
            "current_ratio": 197.92,
            "debt_ratio": 37.48,
            "inventory_turnover_ratio": 0.23,
            "account_receivable_turnover_ratio": 1.32,
            "reinvestment_rate": -1.13,
            "research_to_sale_ratio": null,
            "price_fair": 49.56,
            "eps_avg_yearly": 1.42,
            "eps_latest_yearly": 1.88,
            "eps_growth_yearly": 170.27
        },
        "20194": {
            "year_quarter": 20194,
            "year": 2019,
            "quarter": 4,
            "eps": 0.53,
            "eps_growth_year": -19.09,
            "eps_4q": 1.46,
            "eps_4q_growth_year": -13.88,
            "roe": 3.27,
            "roe_4q": 8.76,
            "gross_profit": 139657,
            "gross_margin": 34.27,
            "gross_margin_4q_avg": 38.1,
            "net_income": 34306,
            "net_income_4q": null,
            "revenue": 407510,
            "revenue_4q": null,
            "common_shares": 642620,
            "book_valuer_per_share": 16.56,
            "book_valuer_per_share_4q_avg": 16.55,
            "equity": 1064199,
            "current_ratio": 244.24,
            "debt_ratio": 29.67,
            "inventory_turnover_ratio": 0.58,
            "account_receivable_turnover_ratio": 2.75,
            "reinvestment_rate": 0.6,
            "research_to_sale_ratio": null,
            "price_fair": 51.4,
            "eps_avg_yearly": 1.47,
            "eps_latest_yearly": 1.88,
            "eps_growth_yearly": 203.76
        },
        "20201": {
            "year_quarter": 20201,
            "year": 2020,
            "quarter": 1,
            "eps": -0.18,
            "eps_growth_year": -131.58,
            "eps_4q": 0.71,
            "eps_4q_growth_year": -64.29,
            "roe": -1.1,
            "roe_4q": 4.279999999999999,
            "gross_profit": 59696,
            "gross_margin": 37.04,
            "gross_margin_4q_avg": 38.61,
            "net_income": -11647,
            "net_income_4q": null,
            "revenue": 161183,
            "revenue_4q": null,
            "common_shares": 642620,
            "book_valuer_per_share": 16.25,
            "book_valuer_per_share_4q_avg": 16.29,
            "equity": 1044578,
            "current_ratio": 251.14,
            "debt_ratio": 28.99,
            "inventory_turnover_ratio": 0.27,
            "account_receivable_turnover_ratio": 1.22,
            "reinvestment_rate": -9.53,
            "research_to_sale_ratio": null,
            "price_fair": 52.77,
            "eps_avg_yearly": 1.51,
            "eps_latest_yearly": 1.88,
            "eps_growth_yearly": 206.76
        },
        "20202": {
            "year_quarter": 20202,
            "year": 2020,
            "quarter": 2,
            "eps": 0.36,
            "eps_growth_year": -23.4,
            "eps_4q": 0.61,
            "eps_4q_growth_year": -68.7,
            "roe": 2.3,
            "roe_4q": 3.8,
            "gross_profit": 72510,
            "gross_margin": 39.23,
            "gross_margin_4q_avg": 37.73,
            "net_income": 23322,
            "net_income_4q": null,
            "revenue": 184842,
            "revenue_4q": null,
            "common_shares": 642620,
            "book_valuer_per_share": 15.27,
            "book_valuer_per_share_4q_avg": 16.05,
            "equity": 981057,
            "current_ratio": 215.33,
            "debt_ratio": 33.38,
            "inventory_turnover_ratio": 0.31,
            "account_receivable_turnover_ratio": 1.92,
            "reinvestment_rate": -10.19,
            "research_to_sale_ratio": null,
            "price_fair": 52.15,
            "eps_avg_yearly": 1.49,
            "eps_latest_yearly": 1.88,
            "eps_growth_yearly": 197.6
        },
        "20203": {
            "year_quarter": 20203,
            "year": 2020,
            "quarter": 3,
            "eps": 0.3,
            "eps_growth_year": null,
            "eps_4q": 1.01,
            "eps_4q_growth_year": -36.21,
            "roe": 1.94,
            "roe_4q": 6.41,
            "gross_profit": 77126,
            "gross_margin": 35.15,
            "gross_margin_4q_avg": 36.42,
            "net_income": 19208,
            "net_income_4q": null,
            "revenue": 219440,
            "revenue_4q": null,
            "common_shares": 642620,
            "book_valuer_per_share": 15.51,
            "book_valuer_per_share_4q_avg": 15.9,
            "equity": 996947,
            "current_ratio": 259.58,
            "debt_ratio": 26.94,
            "inventory_turnover_ratio": 0.39,
            "account_receivable_turnover_ratio": 2.66,
            "reinvestment_rate": -19.54,
            "research_to_sale_ratio": null,
            "price_fair": 54.48,
            "eps_avg_yearly": 1.56,
            "eps_latest_yearly": 1.2,
            "eps_growth_yearly": 217.63
        },
        "20204": {
            "year_quarter": 20204,
            "year": 2020,
            "quarter": 4,
            "eps": 0.31,
            "eps_growth_year": -41.32,
            "eps_4q": 0.79,
            "eps_4q_growth_year": -45.79,
            "roe": 2,
            "roe_4q": 5.140000000000001,
            "gross_profit": 98748,
            "gross_margin": 36.32,
            "gross_margin_4q_avg": 36.94,
            "net_income": 20130,
            "net_income_4q": null,
            "revenue": 271879,
            "revenue_4q": null,
            "common_shares": 642620,
            "book_valuer_per_share": 15.86,
            "book_valuer_per_share_4q_avg": 15.72,
            "equity": 1019214,
            "current_ratio": 287.43,
            "debt_ratio": 24.43,
            "inventory_turnover_ratio": 0.53,
            "account_receivable_turnover_ratio": 2.86,
            "reinvestment_rate": -19.71,
            "research_to_sale_ratio": null,
            "price_fair": 52.27,
            "eps_avg_yearly": 1.49,
            "eps_latest_yearly": 1.24,
            "eps_growth_yearly": 85.41
        },
        "20211": {
            "year_quarter": 20211,
            "year": 2021,
            "quarter": 1,
            "eps": -0.01,
            "eps_growth_year": null,
            "eps_4q": 0.97,
            "eps_4q_growth_year": 36.52,
            "roe": -0.05,
            "roe_4q": 6.1899999999999995,
            "gross_profit": 56526,
            "gross_margin": 29.72,
            "gross_margin_4q_avg": 35.11,
            "net_income": -465,
            "net_income_4q": null,
            "revenue": 190203,
            "revenue_4q": null,
            "common_shares": 642620,
            "book_valuer_per_share": 15.82,
            "book_valuer_per_share_4q_avg": 15.62,
            "equity": 1016901,
            "current_ratio": 286.51,
            "debt_ratio": 24.96,
            "inventory_turnover_ratio": 0.43,
            "account_receivable_turnover_ratio": 2.08,
            "reinvestment_rate": -27.08,
            "research_to_sale_ratio": null,
            "price_fair": 55.75,
            "eps_avg_yearly": 1.59,
            "eps_latest_yearly": 1.24,
            "eps_growth_yearly": 122.26
        },
        "20212": {
            "year_quarter": 20212,
            "year": 2021,
            "quarter": 2,
            "eps": 0.36,
            "eps_growth_year": 0,
            "eps_4q": 0.96,
            "eps_4q_growth_year": 58.29,
            "roe": 2.29,
            "roe_4q": 6.18,
            "gross_profit": 84935,
            "gross_margin": 37.48,
            "gross_margin_4q_avg": 34.67,
            "net_income": 22842,
            "net_income_4q": null,
            "revenue": 226639,
            "revenue_4q": null,
            "common_shares": 642620,
            "book_valuer_per_share": 15.19,
            "book_valuer_per_share_4q_avg": 15.6,
            "equity": 976020,
            "current_ratio": 272.49,
            "debt_ratio": 26.06,
            "inventory_turnover_ratio": 0.44,
            "account_receivable_turnover_ratio": 2.74,
            "reinvestment_rate": -16.83,
            "research_to_sale_ratio": null,
            "price_fair": 57.82,
            "eps_avg_yearly": 1.65,
            "eps_latest_yearly": 1.24,
            "eps_growth_yearly": 74.49
        },
        "20213": {
            "year_quarter": 20213,
            "year": 2021,
            "quarter": 3,
            "eps": 0.19,
            "eps_growth_year": -36.67,
            "eps_4q": 0.85,
            "eps_4q_growth_year": -16.13,
            "roe": 1.24,
            "roe_4q": 5.48,
            "gross_profit": 82274,
            "gross_margin": 40.43,
            "gross_margin_4q_avg": 35.99,
            "net_income": 12166,
            "net_income_4q": null,
            "revenue": 203481,
            "revenue_4q": null,
            "common_shares": 642620,
            "book_valuer_per_share": 15.36,
            "book_valuer_per_share_4q_avg": 15.56,
            "equity": 987014,
            "current_ratio": 261.23,
            "debt_ratio": 27.62,
            "inventory_turnover_ratio": 0.35,
            "account_receivable_turnover_ratio": 1.84,
            "reinvestment_rate": -19.74,
            "research_to_sale_ratio": null,
            "price_fair": 55.86,
            "eps_avg_yearly": 1.6,
            "eps_latest_yearly": 0.76,
            "eps_growth_yearly": 42.8
        },
        "20214": {
            "year_quarter": 20214,
            "year": 2021,
            "quarter": 4,
            "eps": 0.16,
            "eps_growth_year": -49.16,
            "eps_4q": 0.7,
            "eps_4q_growth_year": -12.22,
            "roe": 1.03,
            "roe_4q": 4.510000000000001,
            "gross_profit": 61595,
            "gross_margin": 20.27,
            "gross_margin_4q_avg": 31.98,
            "net_income": 10234,
            "net_income_4q": null,
            "revenue": 303927,
            "revenue_4q": null,
            "common_shares": 642620,
            "book_valuer_per_share": 15.69,
            "book_valuer_per_share_4q_avg": 15.52,
            "equity": 1007992,
            "current_ratio": 202.33,
            "debt_ratio": 37.44,
            "inventory_turnover_ratio": 0.59,
            "account_receivable_turnover_ratio": 1.8,
            "reinvestment_rate": -22.22,
            "research_to_sale_ratio": null,
            "price_fair": 47.27,
            "eps_avg_yearly": 1.48,
            "eps_latest_yearly": 0.64,
            "eps_growth_yearly": 21.94
        },
        "20221": {
            "year_quarter": 20221,
            "year": 2022,
            "quarter": 1,
            "eps": 0.19,
            "eps_growth_year": null,
            "eps_4q": 0.89,
            "eps_4q_growth_year": -7.68,
            "roe": 1.2,
            "roe_4q": 5.76,
            "gross_profit": 83276,
            "gross_margin": 32.3,
            "gross_margin_4q_avg": 32.62,
            "net_income": 12179,
            "net_income_4q": null,
            "revenue": 257803,
            "revenue_4q": null,
            "common_shares": 642620,
            "book_valuer_per_share": 15.97,
            "book_valuer_per_share_4q_avg": 15.55,
            "equity": 1026420,
            "current_ratio": 199.73,
            "debt_ratio": 39.32,
            "inventory_turnover_ratio": 0.32,
            "account_receivable_turnover_ratio": 1.47,
            "reinvestment_rate": -16.77,
            "research_to_sale_ratio": null,
            "price_fair": 50.4,
            "eps_avg_yearly": 1.44,
            "eps_latest_yearly": 0.76,
            "eps_growth_yearly": 43.66
        },
        "20222": {
            "year_quarter": 20222,
            "year": 2022,
            "quarter": 2,
            "eps": -0.1,
            "eps_growth_year": -127.78,
            "eps_4q": 0.44,
            "eps_4q_growth_year": -54.13,
            "roe": -0.63,
            "roe_4q": 2.84,
            "gross_profit": 69073,
            "gross_margin": 35.69,
            "gross_margin_4q_avg": 32.17,
            "net_income": -6273,
            "net_income_4q": null,
            "revenue": 193555,
            "revenue_4q": null,
            "common_shares": 642620,
            "book_valuer_per_share": 14.79,
            "book_valuer_per_share_4q_avg": 15.45,
            "equity": 950283,
            "current_ratio": 165.34,
            "debt_ratio": 48.11,
            "inventory_turnover_ratio": 0.16,
            "account_receivable_turnover_ratio": 1.56,
            "reinvestment_rate": -19.93,
            "research_to_sale_ratio": null,
            "price_fair": 34.05,
            "eps_avg_yearly": 1.37,
            "eps_latest_yearly": 0.76,
            "eps_growth_yearly": 14.79
        },
        "20223": {
            "year_quarter": 20223,
            "year": 2022,
            "quarter": 3,
            "eps": -0.14,
            "eps_growth_year": -173.68,
            "eps_4q": 0.12,
            "eps_4q_growth_year": -86.47,
            "roe": -0.92,
            "roe_4q": 0.6799999999999999,
            "gross_profit": 51581,
            "gross_margin": 25.88,
            "gross_margin_4q_avg": 28.54,
            "net_income": -8745,
            "net_income_4q": null,
            "revenue": 199312,
            "revenue_4q": null,
            "common_shares": 642620,
            "book_valuer_per_share": 14.93,
            "book_valuer_per_share_4q_avg": 15.35,
            "equity": 959715,
            "current_ratio": 158.58,
            "debt_ratio": 50.11,
            "inventory_turnover_ratio": 0.16,
            "account_receivable_turnover_ratio": 1.66,
            "reinvestment_rate": -21,
            "research_to_sale_ratio": null,
            "price_fair": 49.88,
            "eps_avg_yearly": 1.43,
            "eps_latest_yearly": 0.76,
            "eps_growth_yearly": 43.11
        },
        "20224": {
            "year_quarter": 20224,
            "year": 2022,
            "quarter": 4,
            "eps": 0.41,
            "eps_growth_year": 154.98,
            "eps_4q": 0.36,
            "eps_4q_growth_year": -48.06,
            "roe": 2.69,
            "roe_4q": 2.34,
            "gross_profit": 104056,
            "gross_margin": 28.19,
            "gross_margin_4q_avg": 30.52,
            "net_income": 26095,
            "net_income_4q": null,
            "revenue": 369178,
            "revenue_4q": null,
            "common_shares": 642620,
            "book_valuer_per_share": 15.24,
            "book_valuer_per_share_4q_avg": 15.23,
            "equity": 979151,
            "current_ratio": 153.45,
            "debt_ratio": 52.15,
            "inventory_turnover_ratio": 0.27,
            "account_receivable_turnover_ratio": 2.08,
            "reinvestment_rate": -31.67,
            "research_to_sale_ratio": null,
            "price_fair": 3.75,
            "eps_avg_yearly": 1.25,
            "eps_latest_yearly": 0.76,
            "eps_growth_yearly": -50.73
        },
        "20231": {
            "year_quarter": 20231,
            "year": 2023,
            "quarter": 1,
            "eps": 0.73,
            "eps_growth_year": 284.21,
            "eps_4q": 0.9,
            "eps_4q_growth_year": 0.58,
            "roe": 4.65,
            "roe_4q": 5.79,
            "gross_profit": 113140,
            "gross_margin": 31.36,
            "gross_margin_4q_avg": 30.28,
            "net_income": 46679,
            "net_income_4q": null,
            "revenue": 360788,
            "revenue_4q": null,
            "common_shares": 642620,
            "book_valuer_per_share": 16.02,
            "book_valuer_per_share_4q_avg": 15.25,
            "equity": 1029286,
            "current_ratio": 168.23,
            "debt_ratio": 47.21,
            "inventory_turnover_ratio": 0.25,
            "account_receivable_turnover_ratio": 1.85,
            "reinvestment_rate": -37.95,
            "research_to_sale_ratio": null,
            "price_fair": 15.66,
            "eps_avg_yearly": 1.34,
            "eps_latest_yearly": 2.92,
            "eps_growth_yearly": 1.66
        },
        "20232": {
            "year_quarter": 20232,
            "year": 2023,
            "quarter": 2,
            "eps": 0.17,
            "eps_growth_year": null,
            "eps_4q": 1.17,
            "eps_4q_growth_year": 164.58,
            "roe": 1.04,
            "roe_4q": 7.460000000000001,
            "gross_profit": 79251,
            "gross_margin": 28.64,
            "gross_margin_4q_avg": 28.52,
            "net_income": 10863,
            "net_income_4q": null,
            "revenue": 276690,
            "revenue_4q": null,
            "common_shares": 642620,
            "book_valuer_per_share": 16.41,
            "book_valuer_per_share_4q_avg": 15.65,
            "equity": 1054749,
            "current_ratio": 170.02,
            "debt_ratio": 47.28,
            "inventory_turnover_ratio": 0.2,
            "account_receivable_turnover_ratio": 1.54,
            "reinvestment_rate": -40.11,
            "research_to_sale_ratio": null,
            "price_fair": 3.51,
            "eps_avg_yearly": 1.17,
            "eps_latest_yearly": 0.68,
            "eps_growth_yearly": -32.15
        },
        "20233": {
            "year_quarter": 20233,
            "year": 2023,
            "quarter": 3,
            "eps": -0.19,
            "eps_growth_year": null,
            "eps_4q": 1.11,
            "eps_4q_growth_year": 868.6,
            "roe": -1.15,
            "roe_4q": 7.23,
            "gross_profit": 47227,
            "gross_margin": 20.56,
            "gross_margin_4q_avg": 27.19,
            "net_income": -12009,
            "net_income_4q": null,
            "revenue": 229677,
            "revenue_4q": null,
            "common_shares": 642620,
            "book_valuer_per_share": 16.16,
            "book_valuer_per_share_4q_avg": 15.96,
            "equity": 1038397,
            "current_ratio": 172.41,
            "debt_ratio": 46.46,
            "inventory_turnover_ratio": 0.18,
            "account_receivable_turnover_ratio": 1.28,
            "reinvestment_rate": -40.31,
            "research_to_sale_ratio": null,
            "price_fair": 3.51,
            "eps_avg_yearly": 1.17,
            "eps_latest_yearly": 0.68,
            "eps_growth_yearly": -32.15
        }
    },
    "months": {
        "2003-01": {
            "month": "2003-01",
            "price": "21.40",
            "revenue": 47810
        },
        "2003-02": {
            "month": "2003-02",
            "price": "20.90",
            "revenue": 48700
        },
        "2003-03": {
            "month": "2003-03",
            "price": "21.07",
            "revenue": 80899
        },
        "2003-04": {
            "month": "2003-04",
            "price": "20.82",
            "revenue": 34318
        },
        "2003-05": {
            "month": "2003-05",
            "price": "20.04",
            "revenue": 26427
        },
        "2003-06": {
            "month": "2003-06",
            "price": "20.74",
            "revenue": 80936
        },
        "2003-07": {
            "month": "2003-07",
            "price": "19.94",
            "revenue": 24185
        },
        "2003-08": {
            "month": "2003-08",
            "price": "19.88",
            "revenue": 77428
        },
        "2003-09": {
            "month": "2003-09",
            "price": "19.25",
            "revenue": 38521
        },
        "2003-10": {
            "month": "2003-10",
            "price": "18.41",
            "revenue": 84964
        },
        "2003-11": {
            "month": "2003-11",
            "price": "19.12",
            "revenue": 119383
        },
        "2003-12": {
            "month": "2003-12",
            "price": "22.01",
            "revenue": 269279
        },
        "2004-01": {
            "month": "2004-01",
            "price": "32.98",
            "revenue": 124335
        },
        "2004-02": {
            "month": "2004-02",
            "price": "37.93",
            "revenue": 114467
        },
        "2004-03": {
            "month": "2004-03",
            "price": "35.38",
            "revenue": 82767
        },
        "2004-04": {
            "month": "2004-04",
            "price": "33.09",
            "revenue": 40159
        },
        "2004-05": {
            "month": "2004-05",
            "price": "28.39",
            "revenue": 50464
        },
        "2004-06": {
            "month": "2004-06",
            "price": "30.52",
            "revenue": 69184
        },
        "2004-07": {
            "month": "2004-07",
            "price": "27.02",
            "revenue": 83246
        },
        "2004-08": {
            "month": "2004-08",
            "price": "25.90",
            "revenue": 34962
        },
        "2004-09": {
            "month": "2004-09",
            "price": "28.07",
            "revenue": 93813
        },
        "2004-10": {
            "month": "2004-10",
            "price": "28.70",
            "revenue": 137529
        },
        "2004-11": {
            "month": "2004-11",
            "price": "28.32",
            "revenue": 89204
        },
        "2004-12": {
            "month": "2004-12",
            "price": "28.64",
            "revenue": 180338
        },
        "2005-01": {
            "month": "2005-01",
            "price": "28.26",
            "revenue": 60603
        },
        "2005-02": {
            "month": "2005-02",
            "price": "27.99",
            "revenue": 45955
        },
        "2005-03": {
            "month": "2005-03",
            "price": "28.02",
            "revenue": 121838
        },
        "2005-04": {
            "month": "2005-04",
            "price": "26.96",
            "revenue": 36244
        },
        "2005-05": {
            "month": "2005-05",
            "price": "25.15",
            "revenue": 72089
        },
        "2005-06": {
            "month": "2005-06",
            "price": "24.09",
            "revenue": 62340
        },
        "2005-07": {
            "month": "2005-07",
            "price": "23.28",
            "revenue": 68154
        },
        "2005-08": {
            "month": "2005-08",
            "price": "19.98",
            "revenue": 90663
        },
        "2005-09": {
            "month": "2005-09",
            "price": "18.66",
            "revenue": 109676
        },
        "2005-10": {
            "month": "2005-10",
            "price": "17.22",
            "revenue": 104509
        },
        "2005-11": {
            "month": "2005-11",
            "price": "15.71",
            "revenue": 79535
        },
        "2005-12": {
            "month": "2005-12",
            "price": "17.45",
            "revenue": 156164
        },
        "2006-01": {
            "month": "2006-01",
            "price": "17.93",
            "revenue": 52716
        },
        "2006-02": {
            "month": "2006-02",
            "price": "18.15",
            "revenue": 45657
        },
        "2006-03": {
            "month": "2006-03",
            "price": "17.78",
            "revenue": 86273
        },
        "2006-04": {
            "month": "2006-04",
            "price": "25.37",
            "revenue": 50242
        },
        "2006-05": {
            "month": "2006-05",
            "price": "30.56",
            "revenue": 56752
        },
        "2006-06": {
            "month": "2006-06",
            "price": "31.01",
            "revenue": 73455
        },
        "2006-07": {
            "month": "2006-07",
            "price": "32.03",
            "revenue": 55670
        },
        "2006-08": {
            "month": "2006-08",
            "price": "34.22",
            "revenue": 54529
        },
        "2006-09": {
            "month": "2006-09",
            "price": "39.25",
            "revenue": 66039
        },
        "2006-10": {
            "month": "2006-10",
            "price": "37.18",
            "revenue": 48027
        },
        "2006-11": {
            "month": "2006-11",
            "price": "39.34",
            "revenue": 53530
        },
        "2006-12": {
            "month": "2006-12",
            "price": "40.29",
            "revenue": 79030
        },
        "2007-01": {
            "month": "2007-01",
            "price": "44.06",
            "revenue": 52592
        },
        "2007-02": {
            "month": "2007-02",
            "price": "42.19",
            "revenue": 70604
        },
        "2007-03": {
            "month": "2007-03",
            "price": "42.61",
            "revenue": 77897
        },
        "2007-04": {
            "month": "2007-04",
            "price": "42.87",
            "revenue": 49405
        },
        "2007-05": {
            "month": "2007-05",
            "price": "39.87",
            "revenue": 51889
        },
        "2007-06": {
            "month": "2007-06",
            "price": "40.48",
            "revenue": 83213
        },
        "2007-07": {
            "month": "2007-07",
            "price": "41.34",
            "revenue": 67114
        },
        "2007-08": {
            "month": "2007-08",
            "price": "29.66",
            "revenue": 74770
        },
        "2007-09": {
            "month": "2007-09",
            "price": "28.11",
            "revenue": 66879
        },
        "2007-10": {
            "month": "2007-10",
            "price": "26.98",
            "revenue": 79431
        },
        "2007-11": {
            "month": "2007-11",
            "price": "22.71",
            "revenue": 80486
        },
        "2007-12": {
            "month": "2007-12",
            "price": "21.06",
            "revenue": 131466
        },
        "2008-01": {
            "month": "2008-01",
            "price": "20.03",
            "revenue": 79024
        },
        "2008-02": {
            "month": "2008-02",
            "price": "20.05",
            "revenue": 57241
        },
        "2008-03": {
            "month": "2008-03",
            "price": "21.79",
            "revenue": 92832
        },
        "2008-04": {
            "month": "2008-04",
            "price": "25.78",
            "revenue": 55934
        },
        "2008-05": {
            "month": "2008-05",
            "price": "30.51",
            "revenue": 98088
        },
        "2008-06": {
            "month": "2008-06",
            "price": "30.48",
            "revenue": 49085
        },
        "2008-07": {
            "month": "2008-07",
            "price": "22.72",
            "revenue": 76096
        },
        "2008-08": {
            "month": "2008-08",
            "price": "22.80",
            "revenue": 108572
        },
        "2008-09": {
            "month": "2008-09",
            "price": "20.48",
            "revenue": 135171
        },
        "2008-10": {
            "month": "2008-10",
            "price": "18.72",
            "revenue": 111474
        },
        "2008-11": {
            "month": "2008-11",
            "price": "16.66",
            "revenue": 104437
        },
        "2008-12": {
            "month": "2008-12",
            "price": "16.64",
            "revenue": 92348
        },
        "2009-01": {
            "month": "2009-01",
            "price": "17.12",
            "revenue": 91920
        },
        "2009-02": {
            "month": "2009-02",
            "price": "17.22",
            "revenue": 87525
        },
        "2009-03": {
            "month": "2009-03",
            "price": "19.16",
            "revenue": 57056
        },
        "2009-04": {
            "month": "2009-04",
            "price": "19.65",
            "revenue": 49998
        },
        "2009-05": {
            "month": "2009-05",
            "price": "20.14",
            "revenue": 48174
        },
        "2009-06": {
            "month": "2009-06",
            "price": "20.06",
            "revenue": 40186
        },
        "2009-07": {
            "month": "2009-07",
            "price": "19.37",
            "revenue": 74468
        },
        "2009-08": {
            "month": "2009-08",
            "price": "19.72",
            "revenue": 64467
        },
        "2009-09": {
            "month": "2009-09",
            "price": "20.97",
            "revenue": 100511
        },
        "2009-10": {
            "month": "2009-10",
            "price": "23.81",
            "revenue": 52598
        },
        "2009-11": {
            "month": "2009-11",
            "price": "22.35",
            "revenue": 90771
        },
        "2009-12": {
            "month": "2009-12",
            "price": "23.50",
            "revenue": 95415
        },
        "2010-01": {
            "month": "2010-01",
            "price": "22.88",
            "revenue": 97697
        },
        "2010-02": {
            "month": "2010-02",
            "price": "21.34",
            "revenue": 84878
        },
        "2010-03": {
            "month": "2010-03",
            "price": "23.05",
            "revenue": 60768
        },
        "2010-04": {
            "month": "2010-04",
            "price": "23.60",
            "revenue": 68639
        },
        "2010-05": {
            "month": "2010-05",
            "price": "25.09",
            "revenue": 58773
        },
        "2010-06": {
            "month": "2010-06",
            "price": "24.42",
            "revenue": 79652
        },
        "2010-07": {
            "month": "2010-07",
            "price": "25.42",
            "revenue": 101846
        },
        "2010-08": {
            "month": "2010-08",
            "price": "25.24",
            "revenue": 109644
        },
        "2010-09": {
            "month": "2010-09",
            "price": "24.87",
            "revenue": 118561
        },
        "2010-10": {
            "month": "2010-10",
            "price": "25.93",
            "revenue": 112789
        },
        "2010-11": {
            "month": "2010-11",
            "price": "30.52",
            "revenue": 82672
        },
        "2010-12": {
            "month": "2010-12",
            "price": "30.87",
            "revenue": 133764
        },
        "2011-01": {
            "month": "2011-01",
            "price": "32.26",
            "revenue": 111556
        },
        "2011-02": {
            "month": "2011-02",
            "price": "32.23",
            "revenue": 95123
        },
        "2011-03": {
            "month": "2011-03",
            "price": "33.39",
            "revenue": 117601
        },
        "2011-04": {
            "month": "2011-04",
            "price": "38.42",
            "revenue": 110123
        },
        "2011-05": {
            "month": "2011-05",
            "price": "45.81",
            "revenue": 94362
        },
        "2011-06": {
            "month": "2011-06",
            "price": "47.19",
            "revenue": 86898
        },
        "2011-07": {
            "month": "2011-07",
            "price": "45.56",
            "revenue": 82659
        },
        "2011-08": {
            "month": "2011-08",
            "price": "33.07",
            "revenue": 91677
        },
        "2011-09": {
            "month": "2011-09",
            "price": "33.85",
            "revenue": 102624
        },
        "2011-10": {
            "month": "2011-10",
            "price": "33.12",
            "revenue": 69647
        },
        "2011-11": {
            "month": "2011-11",
            "price": "29.40",
            "revenue": 80365
        },
        "2011-12": {
            "month": "2011-12",
            "price": "26.39",
            "revenue": 68420
        },
        "2012-01": {
            "month": "2012-01",
            "price": "26.70",
            "revenue": 88160
        },
        "2012-02": {
            "month": "2012-02",
            "price": "31.62",
            "revenue": 112341
        },
        "2012-03": {
            "month": "2012-03",
            "price": "33.05",
            "revenue": 73322
        },
        "2012-04": {
            "month": "2012-04",
            "price": "29.04",
            "revenue": 86795
        },
        "2012-05": {
            "month": "2012-05",
            "price": "28.25",
            "revenue": 125255
        },
        "2012-06": {
            "month": "2012-06",
            "price": "27.41",
            "revenue": 95670
        },
        "2012-07": {
            "month": "2012-07",
            "price": "27.24",
            "revenue": 110538
        },
        "2012-08": {
            "month": "2012-08",
            "price": "23.90",
            "revenue": 83347
        },
        "2012-09": {
            "month": "2012-09",
            "price": "22.91",
            "revenue": 75711
        },
        "2012-10": {
            "month": "2012-10",
            "price": "21.86",
            "revenue": 59317
        },
        "2012-11": {
            "month": "2012-11",
            "price": "19.56",
            "revenue": 106379
        },
        "2012-12": {
            "month": "2012-12",
            "price": "21.07",
            "revenue": 140561
        },
        "2013-01": {
            "month": "2013-01",
            "price": "22.30",
            "revenue": 112169
        },
        "2013-02": {
            "month": "2013-02",
            "price": "23.33",
            "revenue": 99399
        },
        "2013-03": {
            "month": "2013-03",
            "price": "23.08",
            "revenue": 79516
        },
        "2013-04": {
            "month": "2013-04",
            "price": "21.98",
            "revenue": 87832
        },
        "2013-05": {
            "month": "2013-05",
            "price": "22.79",
            "revenue": 71427
        },
        "2013-06": {
            "month": "2013-06",
            "price": "22.21",
            "revenue": 128829
        },
        "2013-07": {
            "month": "2013-07",
            "price": "22.18",
            "revenue": 74000
        },
        "2013-08": {
            "month": "2013-08",
            "price": "20.71",
            "revenue": 73062
        },
        "2013-09": {
            "month": "2013-09",
            "price": "20.31",
            "revenue": 134410
        },
        "2013-10": {
            "month": "2013-10",
            "price": "21.52",
            "revenue": 71728
        },
        "2013-11": {
            "month": "2013-11",
            "price": "22.27",
            "revenue": 88517
        },
        "2013-12": {
            "month": "2013-12",
            "price": "22.96",
            "revenue": 93741
        },
        "2014-01": {
            "month": "2014-01",
            "price": "24.07",
            "revenue": 83535
        },
        "2014-02": {
            "month": "2014-02",
            "price": "23.34",
            "revenue": 82793
        },
        "2014-03": {
            "month": "2014-03",
            "price": "23.45",
            "revenue": 86322
        },
        "2014-04": {
            "month": "2014-04",
            "price": "22.74",
            "revenue": 88038
        },
        "2014-05": {
            "month": "2014-05",
            "price": "21.53",
            "revenue": 103860
        },
        "2014-06": {
            "month": "2014-06",
            "price": "21.69",
            "revenue": 98398
        },
        "2014-07": {
            "month": "2014-07",
            "price": "21.09",
            "revenue": 74085
        },
        "2014-08": {
            "month": "2014-08",
            "price": "20.43",
            "revenue": 93777
        },
        "2014-09": {
            "month": "2014-09",
            "price": "21.78",
            "revenue": 69026
        },
        "2014-10": {
            "month": "2014-10",
            "price": "20.98",
            "revenue": 79455
        },
        "2014-11": {
            "month": "2014-11",
            "price": "20.31",
            "revenue": 91020
        },
        "2014-12": {
            "month": "2014-12",
            "price": "20.97",
            "revenue": 99597
        },
        "2015-01": {
            "month": "2015-01",
            "price": "21.96",
            "revenue": 85240
        },
        "2015-02": {
            "month": "2015-02",
            "price": "22.20",
            "revenue": 73324
        },
        "2015-03": {
            "month": "2015-03",
            "price": "22.68",
            "revenue": 122655
        },
        "2015-04": {
            "month": "2015-04",
            "price": "21.37",
            "revenue": 77181
        },
        "2015-05": {
            "month": "2015-05",
            "price": "20.60",
            "revenue": 70603
        },
        "2015-06": {
            "month": "2015-06",
            "price": "18.80",
            "revenue": 77078
        },
        "2015-07": {
            "month": "2015-07",
            "price": "17.69",
            "revenue": 106844
        },
        "2015-08": {
            "month": "2015-08",
            "price": "15.94",
            "revenue": 67134
        },
        "2015-09": {
            "month": "2015-09",
            "price": "16.34",
            "revenue": 82528
        },
        "2015-10": {
            "month": "2015-10",
            "price": "17.02",
            "revenue": 69863
        },
        "2015-11": {
            "month": "2015-11",
            "price": "16.78",
            "revenue": 79542
        },
        "2015-12": {
            "month": "2015-12",
            "price": "16.48",
            "revenue": 135723
        },
        "2016-01": {
            "month": "2016-01",
            "price": "16.40",
            "revenue": 110525
        },
        "2016-02": {
            "month": "2016-02",
            "price": "17.26",
            "revenue": 56978
        },
        "2016-03": {
            "month": "2016-03",
            "price": "17.57",
            "revenue": 52252
        },
        "2016-04": {
            "month": "2016-04",
            "price": "17.08",
            "revenue": 53215
        },
        "2016-05": {
            "month": "2016-05",
            "price": "16.54",
            "revenue": 63648
        },
        "2016-06": {
            "month": "2016-06",
            "price": "16.62",
            "revenue": 215949
        },
        "2016-07": {
            "month": "2016-07",
            "price": "21.01",
            "revenue": 94143
        },
        "2016-08": {
            "month": "2016-08",
            "price": "19.51",
            "revenue": 46515
        },
        "2016-09": {
            "month": "2016-09",
            "price": "17.72",
            "revenue": 182207
        },
        "2016-10": {
            "month": "2016-10",
            "price": "18.95",
            "revenue": 84891
        },
        "2016-11": {
            "month": "2016-11",
            "price": "18.62",
            "revenue": 59439
        },
        "2016-12": {
            "month": "2016-12",
            "price": "18.79",
            "revenue": 188016
        },
        "2017-01": {
            "month": "2017-01",
            "price": "19.13",
            "revenue": 64217
        },
        "2017-02": {
            "month": "2017-02",
            "price": "18.99",
            "revenue": 96811
        },
        "2017-03": {
            "month": "2017-03",
            "price": "19.18",
            "revenue": 65833
        },
        "2017-04": {
            "month": "2017-04",
            "price": "18.98",
            "revenue": 97047
        },
        "2017-05": {
            "month": "2017-05",
            "price": "20.11",
            "revenue": 214919
        },
        "2017-06": {
            "month": "2017-06",
            "price": "22.19",
            "revenue": 53469
        },
        "2017-07": {
            "month": "2017-07",
            "price": "20.15",
            "revenue": 92821
        },
        "2017-08": {
            "month": "2017-08",
            "price": "18.57",
            "revenue": 92450
        },
        "2017-09": {
            "month": "2017-09",
            "price": "18.78",
            "revenue": 109448
        },
        "2017-10": {
            "month": "2017-10",
            "price": "18.55",
            "revenue": 89743
        },
        "2017-11": {
            "month": "2017-11",
            "price": "18.58",
            "revenue": 204813
        },
        "2017-12": {
            "month": "2017-12",
            "price": "19.50",
            "revenue": 85772
        },
        "2018-01": {
            "month": "2018-01",
            "price": "19.36",
            "revenue": 86825
        },
        "2018-02": {
            "month": "2018-02",
            "price": "18.84",
            "revenue": 61686
        },
        "2018-03": {
            "month": "2018-03",
            "price": "19.16",
            "revenue": 123517
        },
        "2018-04": {
            "month": "2018-04",
            "price": "19.64",
            "revenue": 55151
        },
        "2018-05": {
            "month": "2018-05",
            "price": "19.55",
            "revenue": 45215
        },
        "2018-06": {
            "month": "2018-06",
            "price": "19.65",
            "revenue": 168736
        },
        "2018-07": {
            "month": "2018-07",
            "price": "19.91",
            "revenue": 70245
        },
        "2018-08": {
            "month": "2018-08",
            "price": "19.90",
            "revenue": 49315
        },
        "2018-09": {
            "month": "2018-09",
            "price": "20.34",
            "revenue": 106273
        },
        "2018-10": {
            "month": "2018-10",
            "price": "20.29",
            "revenue": 76868
        },
        "2018-11": {
            "month": "2018-11",
            "price": "20.42",
            "revenue": 146610
        },
        "2018-12": {
            "month": "2018-12",
            "price": "19.84",
            "revenue": 276691
        },
        "2019-01": {
            "month": "2019-01",
            "price": "20.45",
            "revenue": 99784
        },
        "2019-02": {
            "month": "2019-02",
            "price": "20.72",
            "revenue": 73208
        },
        "2019-03": {
            "month": "2019-03",
            "price": "21.59",
            "revenue": 210528
        },
        "2019-04": {
            "month": "2019-04",
            "price": "23.33",
            "revenue": 155888
        },
        "2019-05": {
            "month": "2019-05",
            "price": "23.41",
            "revenue": 65085
        },
        "2019-06": {
            "month": "2019-06",
            "price": "22.93",
            "revenue": 45632
        },
        "2019-07": {
            "month": "2019-07",
            "price": "22.86",
            "revenue": 45250
        },
        "2019-08": {
            "month": "2019-08",
            "price": "22.18",
            "revenue": 93084
        },
        "2019-09": {
            "month": "2019-09",
            "price": "23.19",
            "revenue": 63157
        },
        "2019-10": {
            "month": "2019-10",
            "price": "22.97",
            "revenue": 48998
        },
        "2019-11": {
            "month": "2019-11",
            "price": "21.99",
            "revenue": 76026
        },
        "2019-12": {
            "month": "2019-12",
            "price": "21.39",
            "revenue": 281440
        },
        "2020-01": {
            "month": "2020-01",
            "price": "20.99",
            "revenue": 59784
        },
        "2020-02": {
            "month": "2020-02",
            "price": "20.23",
            "revenue": 62209
        },
        "2020-03": {
            "month": "2020-03",
            "price": "18.31",
            "revenue": 39191
        },
        "2020-04": {
            "month": "2020-04",
            "price": "19.80",
            "revenue": 64598
        },
        "2020-05": {
            "month": "2020-05",
            "price": "19.98",
            "revenue": 52069
        },
        "2020-06": {
            "month": "2020-06",
            "price": "20.20",
            "revenue": 68077
        },
        "2020-07": {
            "month": "2020-07",
            "price": "20.48",
            "revenue": 48714
        },
        "2020-08": {
            "month": "2020-08",
            "price": "19.79",
            "revenue": 49297
        },
        "2020-09": {
            "month": "2020-09",
            "price": "19.16",
            "revenue": 121021
        },
        "2020-10": {
            "month": "2020-10",
            "price": "18.79",
            "revenue": 76100
        },
        "2020-11": {
            "month": "2020-11",
            "price": "18.82",
            "revenue": 74583
        },
        "2020-12": {
            "month": "2020-12",
            "price": "18.97",
            "revenue": 121701
        },
        "2021-01": {
            "month": "2021-01",
            "price": "19.26",
            "revenue": 93433
        },
        "2021-02": {
            "month": "2021-02",
            "price": "19.23",
            "revenue": 58958
        },
        "2021-03": {
            "month": "2021-03",
            "price": "19.89",
            "revenue": 37811
        },
        "2021-04": {
            "month": "2021-04",
            "price": "20.69",
            "revenue": 54824
        },
        "2021-05": {
            "month": "2021-05",
            "price": "19.46",
            "revenue": 105141
        },
        "2021-06": {
            "month": "2021-06",
            "price": "19.50",
            "revenue": 66691
        },
        "2021-07": {
            "month": "2021-07",
            "price": "19.48",
            "revenue": 66929
        },
        "2021-08": {
            "month": "2021-08",
            "price": "19.09",
            "revenue": 57939
        },
        "2021-09": {
            "month": "2021-09",
            "price": "19.17",
            "revenue": 78597
        },
        "2021-10": {
            "month": "2021-10",
            "price": "19.84",
            "revenue": 70626
        },
        "2021-11": {
            "month": "2021-11",
            "price": "20.48",
            "revenue": 25509
        },
        "2021-12": {
            "month": "2021-12",
            "price": "21.86",
            "revenue": 207792
        },
        "2022-01": {
            "month": "2022-01",
            "price": "22.04",
            "revenue": 120341
        },
        "2022-02": {
            "month": "2022-02",
            "price": "22.99",
            "revenue": 63353
        },
        "2022-03": {
            "month": "2022-03",
            "price": "21.65",
            "revenue": 74108
        },
        "2022-04": {
            "month": "2022-04",
            "price": "20.74",
            "revenue": 45664
        },
        "2022-05": {
            "month": "2022-05",
            "price": "20.09",
            "revenue": 63560
        },
        "2022-06": {
            "month": "2022-06",
            "price": "19.63",
            "revenue": 84332
        },
        "2022-07": {
            "month": "2022-07",
            "price": "19.14",
            "revenue": 54659
        },
        "2022-08": {
            "month": "2022-08",
            "price": "20.20",
            "revenue": 67326
        },
        "2022-09": {
            "month": "2022-09",
            "price": "19.25",
            "revenue": 76944
        },
        "2022-10": {
            "month": "2022-10",
            "price": "17.94",
            "revenue": 84945
        },
        "2022-11": {
            "month": "2022-11",
            "price": "17.78",
            "revenue": 75009
        },
        "2022-12": {
            "month": "2022-12",
            "price": "18.19",
            "revenue": 209607
        },
        "2023-01": {
            "month": "2023-01",
            "price": "18.01",
            "revenue": 80149
        },
        "2023-02": {
            "month": "2023-02",
            "price": "18.59",
            "revenue": 88000
        },
        "2023-03": {
            "month": "2023-03",
            "price": "18.62",
            "revenue": 192533
        },
        "2023-04": {
            "month": "2023-04",
            "price": "21.92",
            "revenue": 75223
        },
        "2023-05": {
            "month": "2023-05",
            "price": "26.93",
            "revenue": 69674
        },
        "2023-06": {
            "month": "2023-06",
            "price": "28.22",
            "revenue": 131899
        },
        "2023-07": {
            "month": "2023-07",
            "price": "29.96",
            "revenue": 60186
        },
        "2023-08": {
            "month": "2023-08",
            "price": "28.12",
            "revenue": 117078
        },
        "2023-09": {
            "month": "2023-09",
            "price": "28.04",
            "revenue": 52413
        },
        "2023-10": {
            "month": "2023-10",
            "price": "24.61",
            "revenue": 73489
        },
        "2023-11": {
            "month": "2023-11",
            "price": "23.38",
            "revenue": 66339
        },
        "2023-12": {
            "month": "2023-12",
            "price": "23.47",
            "revenue": 57485
        }
    }
}
