{
    "summary": {
        "stock_name": "富旺",
        "stock_id": "6219",
        "category": "建材營造",
        "main_business": "不動產開發、租賃及買賣等<br>不動產仲介、代銷經紀業<br>特定專業區、新市鎮及新社區開發業",
        "website_url": "https://www.fwgroup.com.tw/",
        "ceo": "林宗毅",
        "pe_ratio": 21,
        "report_year_from": 2001,
        "report_year_to": 2023,
        "age": 23,
        "eps_negative_percentage": 35,
        "eps_growth_avg": {
            "last_all": -11.12,
            "last_2y": -90.85,
            "last_4y": -5.09,
            "last_8y": -7.09,
            "last_12y": -3.71,
            "last_16y": -11.74,
            "last_20y": -18.53,
            "at_2006_last_3y": -100,
            "at_2007_last_3y": null,
            "at_2008_last_3y": -100,
            "at_2009_last_3y": -100,
            "at_2010_last_3y": -100,
            "at_2011_last_3y": -100,
            "at_2012_last_3y": -100,
            "at_2013_last_3y": -32,
            "at_2014_last_3y": 5.28,
            "at_2015_last_3y": 6.29,
            "at_2016_last_3y": -1.05,
            "at_2017_last_3y": 14.95,
            "at_2018_last_3y": -9.08,
            "at_2019_last_3y": 35.3,
            "at_2020_last_3y": 61.26,
            "at_2021_last_3y": 15.84,
            "at_2022_last_3y": -5.09,
            "at_2023_last_3y": -33.64,
            "at_2024_last_3y": -33.64,
            "at_2006_last_all": -7.41,
            "at_2007_last_all": -7.41,
            "at_2008_last_all": -38.27,
            "at_2009_last_all": -38.27,
            "at_2010_last_all": -38.27,
            "at_2011_last_all": -53.7,
            "at_2012_last_all": -53.7,
            "at_2013_last_all": -35.76,
            "at_2014_last_all": -16.5,
            "at_2015_last_all": -27.99,
            "at_2016_last_all": -27.38,
            "at_2017_last_all": -13.22,
            "at_2018_last_all": -13.53,
            "at_2019_last_all": -4.98,
            "at_2020_last_all": 2.17,
            "at_2021_last_all": -4.28,
            "at_2022_last_all": -11.12,
            "at_2023_last_all": -11.12,
            "at_2024_last_all": -11.12
        },
        "latest_eps": 1.62,
        "latest_price": 34.5,
        "latest_roe": 16.42,
        "latest_gross_margin": 20.61,
        "latest_equity": 1489218,
        "latest_revenue": 771207,
        "latest_gross_profit": 158909,
        "latest_net_income": 6732,
        "latest_debt_ratio": 85.52,
        "latest_current_ratio": 114.88,
        "latest_account_receivable_turnover_ratio": 1.73,
        "latest_inventory_turnover_ratio": 0.09,
        "latest_reinvestment_rate": null,
        "latest_research_to_sale_ratio": null
    },
    "eps_dividends": {
        "2001": {
            "cash": 0,
            "stock": 0,
            "eps": 0.27
        },
        "2002": {
            "cash": 0,
            "stock": 0,
            "eps": 0.5
        },
        "2003": {
            "cash": 0,
            "stock": 1.3,
            "eps": -2.28
        },
        "2004": {
            "cash": 0,
            "stock": 0,
            "eps": -0.89
        },
        "2005": {
            "cash": 0,
            "stock": 0,
            "eps": -5.42
        },
        "2006": {
            "cash": 0,
            "stock": 0,
            "eps": -0.41
        },
        "2007": {
            "cash": 0,
            "stock": 0,
            "eps": 0.06
        },
        "2008": {
            "cash": 0,
            "stock": 0,
            "eps": -6.53
        },
        "2009": {
            "cash": 0,
            "stock": 0,
            "eps": -1.14
        },
        "2010": {
            "cash": 0,
            "stock": 0,
            "eps": 2.71
        },
        "2011": {
            "cash": 0,
            "stock": 0,
            "eps": -1.54
        },
        "2012": {
            "cash": 0,
            "stock": 0,
            "eps": 1.75
        },
        "2013": {
            "cash": 0,
            "stock": 0,
            "eps": 2.38
        },
        "2014": {
            "cash": 1.41,
            "stock": 0,
            "eps": 4.28
        },
        "2015": {
            "cash": 0.72,
            "stock": 1.69,
            "eps": 0.13
        },
        "2016": {
            "cash": 0.12,
            "stock": 0,
            "eps": 0.1
        },
        "2017": {
            "cash": 0.09,
            "stock": 0,
            "eps": 0.86
        },
        "2018": {
            "cash": 0.75,
            "stock": 0,
            "eps": 0.72
        },
        "2019": {
            "cash": 1.1600000000000001,
            "stock": 0,
            "eps": 1.3
        },
        "2020": {
            "cash": 0.65,
            "stock": 0,
            "eps": 2.35
        },
        "2021": {
            "cash": 2,
            "stock": 0,
            "eps": 0.43
        },
        "2022": {
            "cash": 0.25,
            "stock": 0,
            "eps": -6.35
        },
        "2023": {
            "cash": 0,
            "stock": 0,
            "eps": 2.03
        }
    },
    "dividends": {
        "2003-05-21": {
            "cash": 0,
            "stock": 1.3
        },
        "2014-05-29": {
            "cash": 1.41,
            "stock": 0
        },
        "2015-06-26": {
            "cash": 0.72,
            "stock": 1.69
        },
        "2016-06-29": {
            "cash": 0.12,
            "stock": 0
        },
        "2017-06-13": {
            "cash": 0.09,
            "stock": 0
        },
        "2018-06-22": {
            "cash": 0.75,
            "stock": 0
        },
        "2019-06-24": {
            "cash": 0.64,
            "stock": 0
        },
        "2019-12-25": {
            "cash": 0.52,
            "stock": 0
        },
        "2020-06-04": {
            "cash": 0.65,
            "stock": 0
        },
        "2021-07-06": {
            "cash": 2,
            "stock": 0
        },
        "2022-07-29": {
            "cash": 0.25,
            "stock": 0
        }
    },
    "prices": {
        "200101": "無",
        "200102": "無",
        "200103": "無",
        "200104": "無",
        "200105": "無",
        "200106": "無",
        "200107": "無",
        "200108": "無",
        "200109": "無",
        "200110": "無",
        "200111": "無",
        "200112": "無",
        "200201": "無",
        "200202": "無",
        "200203": "無",
        "200204": "無",
        "200205": "無",
        "200206": "無",
        "200207": "無",
        "200208": "無",
        "200209": "無",
        "200210": "無",
        "200211": "無",
        "200212": "無",
        "200301": "無",
        "200302": "12.60",
        "200303": "10.86",
        "200304": "10.31",
        "200305": "9.72",
        "200306": "10.05",
        "200307": "11.60",
        "200308": "9.18",
        "200309": "7.48",
        "200310": "6.53",
        "200311": "6.62",
        "200312": "7.71",
        "200401": "7.36",
        "200402": "8.06",
        "200403": "7.67",
        "200404": "9.63",
        "200405": "8.95",
        "200406": "7.81",
        "200407": "6.59",
        "200408": "5.29",
        "200409": "4.95",
        "200410": "4.69",
        "200411": "3.78",
        "200412": "3.14",
        "200501": "3.26",
        "200502": "2.77",
        "200503": "2.83",
        "200504": "2.57",
        "200505": "2.55",
        "200506": "2.70",
        "200507": "2.91",
        "200508": "2.83",
        "200509": "3.66",
        "200510": "3.50",
        "200511": "3.50",
        "200512": "3.42",
        "200601": "3.34",
        "200602": "5.37",
        "200603": "5.17",
        "200604": "9.44",
        "200605": "6.64",
        "200606": "4.50",
        "200607": "4.09",
        "200608": "5.19",
        "200609": "4.50",
        "200610": "6.34",
        "200611": "8.61",
        "200612": "9.66",
        "200701": "8.13",
        "200702": "8.01",
        "200703": "8.22",
        "200704": "9.01",
        "200705": "12.39",
        "200706": "12.87",
        "200707": "16.55",
        "200708": "12.96",
        "200709": "11.29",
        "200710": "7.55",
        "200711": "6.79",
        "200712": "6.34",
        "200801": "5.43",
        "200802": "5.22",
        "200803": "5.46",
        "200804": "5.19",
        "200805": "6.35",
        "200806": "6.33",
        "200807": "5.19",
        "200808": "4.54",
        "200809": "3.90",
        "200810": "4.81",
        "200811": "2.56",
        "200812": "2.30",
        "200901": "2.27",
        "200902": "2.27",
        "200903": "3.04",
        "200904": "3.56",
        "200905": "2.55",
        "200906": "2.28",
        "200907": "2.79",
        "200908": "2.30",
        "200909": "7.87",
        "200910": "7.84",
        "200911": "10.95",
        "200912": "13.16",
        "201001": "16.08",
        "201002": "17.21",
        "201003": "22.53",
        "201004": "29.38",
        "201005": "26.83",
        "201006": "25.75",
        "201007": "25.33",
        "201008": "23.21",
        "201009": "24.12",
        "201010": "24.21",
        "201011": "23.04",
        "201012": "22.31",
        "201101": "22.29",
        "201102": "21.57",
        "201103": "19.55",
        "201104": "16.45",
        "201105": "14.15",
        "201106": "17.71",
        "201107": "19.69",
        "201108": "19.31",
        "201109": "18.82",
        "201110": "16.56",
        "201111": "15.76",
        "201112": "14.82",
        "201201": "19.29",
        "201202": "20.10",
        "201203": "20.85",
        "201204": "20.19",
        "201205": "20.05",
        "201206": "19.98",
        "201207": "19.41",
        "201208": "15.92",
        "201209": "15.01",
        "201210": "17.46",
        "201211": "18.58",
        "201212": "23.39",
        "201301": "20.49",
        "201302": "17.67",
        "201303": "17.76",
        "201304": "18.06",
        "201305": "18.88",
        "201306": "18.51",
        "201307": "17.95",
        "201308": "18.08",
        "201309": "18.15",
        "201310": "18.90",
        "201311": "20.14",
        "201312": "21.32",
        "201401": "20.04",
        "201402": "19.65",
        "201403": "20.13",
        "201404": "20.98",
        "201405": "20.50",
        "201406": "19.36",
        "201407": "16.45",
        "201408": "18.58",
        "201409": "18.46",
        "201410": "17.49",
        "201411": "16.63",
        "201412": "17.99",
        "201501": "17.62",
        "201502": "17.68",
        "201503": "18.28",
        "201504": "18.56",
        "201505": "18.06",
        "201506": "13.45",
        "201507": "10.89",
        "201508": "11.48",
        "201509": "12.80",
        "201510": "12.32",
        "201511": "12.03",
        "201512": "11.85",
        "201601": "11.60",
        "201602": "11.70",
        "201603": "11.52",
        "201604": "11.33",
        "201605": "11.22",
        "201606": "11.02",
        "201607": "11.06",
        "201608": "11.02",
        "201609": "10.99",
        "201610": "10.99",
        "201611": "10.99",
        "201612": "10.96",
        "201701": "10.97",
        "201702": "11.00",
        "201703": "10.93",
        "201704": "10.82",
        "201705": "10.45",
        "201706": "10.37",
        "201707": "10.41",
        "201708": "10.18",
        "201709": "10.22",
        "201710": "10.68",
        "201711": "10.43",
        "201712": "10.39",
        "201801": "10.65",
        "201802": "10.78",
        "201803": "11.46",
        "201804": "12.95",
        "201805": "12.28",
        "201806": "11.06",
        "201807": "10.83",
        "201808": "10.96",
        "201809": "10.56",
        "201810": "11.48",
        "201811": "12.04",
        "201812": "12.83",
        "201901": "12.68",
        "201902": "14.33",
        "201903": "15.28",
        "201904": "17.31",
        "201905": "15.61",
        "201906": "13.68",
        "201907": "14.90",
        "201908": "12.36",
        "201909": "13.81",
        "201910": "14.73",
        "201911": "16.86",
        "201912": "15.56",
        "202001": "16.38",
        "202002": "16.12",
        "202003": "14.02",
        "202004": "15.34",
        "202005": "14.56",
        "202006": "13.78",
        "202007": "13.78",
        "202008": "13.87",
        "202009": "15.04",
        "202010": "15.67",
        "202011": "15.77",
        "202012": "17.11",
        "202101": "19.75",
        "202102": "19.95",
        "202103": "23.40",
        "202104": "25.14",
        "202105": "23.50",
        "202106": "22.64",
        "202107": "22.06",
        "202108": "20.88",
        "202109": "19.63",
        "202110": "18.42",
        "202111": "19.19",
        "202112": "17.94",
        "202201": "18.01",
        "202202": "18.54",
        "202203": "17.74",
        "202204": "16.92",
        "202205": "15.89",
        "202206": "14.64",
        "202207": "12.10",
        "202208": "11.87",
        "202209": "12.15",
        "202210": "11.28",
        "202211": "11.74",
        "202212": "11.05",
        "202301": "10.71",
        "202302": "11.12",
        "202303": "10.95",
        "202304": "11.10",
        "202305": "11.23",
        "202306": "12.33",
        "202307": "19.01",
        "202308": "23.22",
        "202309": "24.66",
        "202310": "23.98",
        "202311": "22.14",
        "202312": "22.98"
    },
    "quarters": {
        "20011": {
            "year_quarter": 20011,
            "year": 2001,
            "quarter": 1,
            "eps": null,
            "eps_growth_year": null,
            "eps_4q": null,
            "eps_4q_growth_year": null,
            "roe": null,
            "roe_4q": 0,
            "gross_profit": null,
            "gross_margin": null,
            "gross_margin_4q_avg": 0,
            "net_income": null,
            "net_income_4q": null,
            "revenue": null,
            "revenue_4q": null,
            "common_shares": null,
            "book_valuer_per_share": null,
            "book_valuer_per_share_4q_avg": 0,
            "equity": null,
            "current_ratio": null,
            "debt_ratio": null,
            "inventory_turnover_ratio": null,
            "account_receivable_turnover_ratio": null,
            "reinvestment_rate": null,
            "research_to_sale_ratio": null,
            "price_fair": 0,
            "eps_avg_yearly": 0,
            "eps_latest_yearly": 0,
            "eps_growth_yearly": 0
        },
        "20012": {
            "year_quarter": 20012,
            "year": 2001,
            "quarter": 2,
            "eps": null,
            "eps_growth_year": null,
            "eps_4q": null,
            "eps_4q_growth_year": null,
            "roe": null,
            "roe_4q": 0,
            "gross_profit": null,
            "gross_margin": null,
            "gross_margin_4q_avg": 0,
            "net_income": null,
            "net_income_4q": null,
            "revenue": null,
            "revenue_4q": null,
            "common_shares": null,
            "book_valuer_per_share": null,
            "book_valuer_per_share_4q_avg": 0,
            "equity": null,
            "current_ratio": null,
            "debt_ratio": null,
            "inventory_turnover_ratio": null,
            "account_receivable_turnover_ratio": null,
            "reinvestment_rate": null,
            "research_to_sale_ratio": null,
            "price_fair": 0,
            "eps_avg_yearly": 0,
            "eps_latest_yearly": 0,
            "eps_growth_yearly": 0
        },
        "20013": {
            "year_quarter": 20013,
            "year": 2001,
            "quarter": 3,
            "eps": -0.34,
            "eps_growth_year": null,
            "eps_4q": null,
            "eps_4q_growth_year": null,
            "roe": -3.58,
            "roe_4q": -3.58,
            "gross_profit": 14174,
            "gross_margin": 2.43,
            "gross_margin_4q_avg": 0.81,
            "net_income": -13907,
            "net_income_4q": null,
            "revenue": 583375,
            "revenue_4q": null,
            "common_shares": 405000,
            "book_valuer_per_share": 9.59,
            "book_valuer_per_share_4q_avg": 3.2,
            "equity": 388491,
            "current_ratio": 158.08,
            "debt_ratio": 55.96,
            "inventory_turnover_ratio": 2.41,
            "account_receivable_turnover_ratio": null,
            "reinvestment_rate": null,
            "research_to_sale_ratio": null,
            "price_fair": 0,
            "eps_avg_yearly": 0,
            "eps_latest_yearly": 0,
            "eps_growth_yearly": 0
        },
        "20014": {
            "year_quarter": 20014,
            "year": 2001,
            "quarter": 4,
            "eps": 0.61,
            "eps_growth_year": null,
            "eps_4q": null,
            "eps_4q_growth_year": null,
            "roe": 6.14,
            "roe_4q": 2.5599999999999996,
            "gross_profit": 71746,
            "gross_margin": 7.55,
            "gross_margin_4q_avg": 2.5,
            "net_income": 24618,
            "net_income_4q": null,
            "revenue": 950166,
            "revenue_4q": null,
            "common_shares": 405000,
            "book_valuer_per_share": 10.2,
            "book_valuer_per_share_4q_avg": 4.95,
            "equity": 413117,
            "current_ratio": 138.24,
            "debt_ratio": 65.6,
            "inventory_turnover_ratio": 2.53,
            "account_receivable_turnover_ratio": null,
            "reinvestment_rate": null,
            "research_to_sale_ratio": null,
            "price_fair": 0,
            "eps_avg_yearly": 0,
            "eps_latest_yearly": 0,
            "eps_growth_yearly": 0
        },
        "20021": {
            "year_quarter": 20021,
            "year": 2002,
            "quarter": 1,
            "eps": 0.41,
            "eps_growth_year": null,
            "eps_4q": null,
            "eps_4q_growth_year": null,
            "roe": 3.93,
            "roe_4q": 6.49,
            "gross_profit": 68800,
            "gross_margin": 5.97,
            "gross_margin_4q_avg": 3.99,
            "net_income": 16549,
            "net_income_4q": null,
            "revenue": 1152492,
            "revenue_4q": null,
            "common_shares": 405000,
            "book_valuer_per_share": 10.61,
            "book_valuer_per_share_4q_avg": 7.6,
            "equity": 429676,
            "current_ratio": 133.35,
            "debt_ratio": 68.67,
            "inventory_turnover_ratio": 2.59,
            "account_receivable_turnover_ratio": null,
            "reinvestment_rate": null,
            "research_to_sale_ratio": null,
            "price_fair": 4.92,
            "eps_avg_yearly": 1.64,
            "eps_latest_yearly": 1.64,
            "eps_growth_yearly": -131.15
        },
        "20022": {
            "year_quarter": 20022,
            "year": 2002,
            "quarter": 2,
            "eps": 0.43,
            "eps_growth_year": null,
            "eps_4q": 0.97,
            "eps_4q_growth_year": null,
            "roe": 3.73,
            "roe_4q": 10.22,
            "gross_profit": 59653,
            "gross_margin": 4.83,
            "gross_margin_4q_avg": 5.2,
            "net_income": 21856,
            "net_income_4q": null,
            "revenue": 1234329,
            "revenue_4q": null,
            "common_shares": 600000,
            "book_valuer_per_share": 12.38,
            "book_valuer_per_share_4q_avg": 10.7,
            "equity": 742742,
            "current_ratio": 163.91,
            "debt_ratio": 55.08,
            "inventory_turnover_ratio": 2.68,
            "account_receivable_turnover_ratio": null,
            "reinvestment_rate": null,
            "research_to_sale_ratio": null,
            "price_fair": 5.04,
            "eps_avg_yearly": 1.68,
            "eps_latest_yearly": 1.72,
            "eps_growth_yearly": -55.82
        },
        "20023": {
            "year_quarter": 20023,
            "year": 2002,
            "quarter": 3,
            "eps": -0.27,
            "eps_growth_year": null,
            "eps_4q": 0.8,
            "eps_4q_growth_year": null,
            "roe": -2,
            "roe_4q": 11.8,
            "gross_profit": 27307,
            "gross_margin": 2.27,
            "gross_margin_4q_avg": 5.16,
            "net_income": -14758,
            "net_income_4q": null,
            "revenue": 1202037,
            "revenue_4q": null,
            "common_shares": 600000,
            "book_valuer_per_share": 12.16,
            "book_valuer_per_share_4q_avg": 11.34,
            "equity": 729501,
            "current_ratio": 142.5,
            "debt_ratio": 64.42,
            "inventory_turnover_ratio": 2.39,
            "account_receivable_turnover_ratio": null,
            "reinvestment_rate": null,
            "research_to_sale_ratio": null,
            "price_fair": 5.04,
            "eps_avg_yearly": 1.68,
            "eps_latest_yearly": 1.72,
            "eps_growth_yearly": -55.82
        },
        "20024": {
            "year_quarter": 20024,
            "year": 2002,
            "quarter": 4,
            "eps": -0.07,
            "eps_growth_year": -111.48,
            "eps_4q": 0.36,
            "eps_4q_growth_year": null,
            "roe": -0.53,
            "roe_4q": 5.13,
            "gross_profit": 73558,
            "gross_margin": 7.53,
            "gross_margin_4q_avg": 5.15,
            "net_income": -3869,
            "net_income_4q": null,
            "revenue": 976764,
            "revenue_4q": null,
            "common_shares": 600000,
            "book_valuer_per_share": 12.09,
            "book_valuer_per_share_4q_avg": 11.81,
            "equity": 725399,
            "current_ratio": 146.51,
            "debt_ratio": 63.98,
            "inventory_turnover_ratio": 1.66,
            "account_receivable_turnover_ratio": null,
            "reinvestment_rate": null,
            "research_to_sale_ratio": null,
            "price_fair": 5.04,
            "eps_avg_yearly": 1.68,
            "eps_latest_yearly": 1.72,
            "eps_growth_yearly": -55.82
        },
        "20031": {
            "year_quarter": 20031,
            "year": 2003,
            "quarter": 1,
            "eps": -0.59,
            "eps_growth_year": -243.9,
            "eps_4q": -0.54,
            "eps_4q_growth_year": null,
            "roe": -5.03,
            "roe_4q": -3.8300000000000005,
            "gross_profit": 68844,
            "gross_margin": 4.64,
            "gross_margin_4q_avg": 4.82,
            "net_income": -35625,
            "net_income_4q": null,
            "revenue": 1482298,
            "revenue_4q": null,
            "common_shares": 600000,
            "book_valuer_per_share": 11.5,
            "book_valuer_per_share_4q_avg": 12.03,
            "equity": 689737,
            "current_ratio": 132.19,
            "debt_ratio": 71.26,
            "inventory_turnover_ratio": 2.82,
            "account_receivable_turnover_ratio": null,
            "reinvestment_rate": null,
            "research_to_sale_ratio": null,
            "price_fair": 5.04,
            "eps_avg_yearly": 1.68,
            "eps_latest_yearly": 1.72,
            "eps_growth_yearly": -55.82
        },
        "20032": {
            "year_quarter": 20032,
            "year": 2003,
            "quarter": 2,
            "eps": -0.46,
            "eps_growth_year": -206.98,
            "eps_4q": -1.43,
            "eps_4q_growth_year": -247.63,
            "roe": -4.65,
            "roe_4q": -12.209999999999999,
            "gross_profit": 33275,
            "gross_margin": 2.79,
            "gross_margin_4q_avg": 4.31,
            "net_income": -31340,
            "net_income_4q": null,
            "revenue": 1194146,
            "revenue_4q": null,
            "common_shares": 600000,
            "book_valuer_per_share": 10.96,
            "book_valuer_per_share_4q_avg": 11.68,
            "equity": 657374,
            "current_ratio": 131.64,
            "debt_ratio": 67.93,
            "inventory_turnover_ratio": 3.09,
            "account_receivable_turnover_ratio": null,
            "reinvestment_rate": null,
            "research_to_sale_ratio": null,
            "price_fair": 5.04,
            "eps_avg_yearly": 1.68,
            "eps_latest_yearly": 1.72,
            "eps_growth_yearly": -55.82
        },
        "20033": {
            "year_quarter": 20033,
            "year": 2003,
            "quarter": 3,
            "eps": -0.43,
            "eps_growth_year": null,
            "eps_4q": -1.47,
            "eps_4q_growth_year": -282.24,
            "roe": -4.51,
            "roe_4q": -14.72,
            "gross_profit": 29639,
            "gross_margin": 2.52,
            "gross_margin_4q_avg": 4.37,
            "net_income": -28928,
            "net_income_4q": null,
            "revenue": 1174393,
            "revenue_4q": null,
            "common_shares": 680500,
            "book_valuer_per_share": 9.2,
            "book_valuer_per_share_4q_avg": 10.94,
            "equity": 626091,
            "current_ratio": 131.35,
            "debt_ratio": 67.47,
            "inventory_turnover_ratio": 3.39,
            "account_receivable_turnover_ratio": null,
            "reinvestment_rate": null,
            "research_to_sale_ratio": null,
            "price_fair": 5.04,
            "eps_avg_yearly": 1.68,
            "eps_latest_yearly": 1.72,
            "eps_growth_yearly": -55.82
        },
        "20034": {
            "year_quarter": 20034,
            "year": 2003,
            "quarter": 4,
            "eps": -0.8,
            "eps_growth_year": null,
            "eps_4q": -2.21,
            "eps_4q_growth_year": -713.89,
            "roe": -9.13,
            "roe_4q": -23.32,
            "gross_profit": 16647,
            "gross_margin": 1.63,
            "gross_margin_4q_avg": 2.9,
            "net_income": -54692,
            "net_income_4q": null,
            "revenue": 1023373,
            "revenue_4q": null,
            "common_shares": 680500,
            "book_valuer_per_share": 8.4,
            "book_valuer_per_share_4q_avg": 10.02,
            "equity": 571844,
            "current_ratio": 127.22,
            "debt_ratio": 71.39,
            "inventory_turnover_ratio": 2.18,
            "account_receivable_turnover_ratio": null,
            "reinvestment_rate": null,
            "research_to_sale_ratio": null,
            "price_fair": 5.04,
            "eps_avg_yearly": 1.68,
            "eps_latest_yearly": 1.72,
            "eps_growth_yearly": -55.82
        },
        "20041": {
            "year_quarter": 20041,
            "year": 2004,
            "quarter": 1,
            "eps": 0.04,
            "eps_growth_year": null,
            "eps_4q": -1.58,
            "eps_4q_growth_year": null,
            "roe": 0.5,
            "roe_4q": -17.79,
            "gross_profit": 42526,
            "gross_margin": 3.16,
            "gross_margin_4q_avg": 2.53,
            "net_income": 2835,
            "net_income_4q": null,
            "revenue": 1343730,
            "revenue_4q": null,
            "common_shares": 680500,
            "book_valuer_per_share": 8.39,
            "book_valuer_per_share_4q_avg": 9.24,
            "equity": 571187,
            "current_ratio": 118.34,
            "debt_ratio": 75.39,
            "inventory_turnover_ratio": 3.59,
            "account_receivable_turnover_ratio": null,
            "reinvestment_rate": null,
            "research_to_sale_ratio": null,
            "price_fair": 5.04,
            "eps_avg_yearly": 1.68,
            "eps_latest_yearly": 1.72,
            "eps_growth_yearly": -55.82
        },
        "20042": {
            "year_quarter": 20042,
            "year": 2004,
            "quarter": 2,
            "eps": 0.2,
            "eps_growth_year": null,
            "eps_4q": -0.97,
            "eps_4q_growth_year": null,
            "roe": 2.39,
            "roe_4q": -10.75,
            "gross_profit": 68540,
            "gross_margin": 6.2,
            "gross_margin_4q_avg": 3.38,
            "net_income": 13837,
            "net_income_4q": null,
            "revenue": 1104739,
            "revenue_4q": null,
            "common_shares": 680500,
            "book_valuer_per_share": 8.64,
            "book_valuer_per_share_4q_avg": 8.66,
            "equity": 588034,
            "current_ratio": 125.52,
            "debt_ratio": 67.97,
            "inventory_turnover_ratio": 8.71,
            "account_receivable_turnover_ratio": null,
            "reinvestment_rate": null,
            "research_to_sale_ratio": null,
            "price_fair": 48.53,
            "eps_avg_yearly": 1.39,
            "eps_latest_yearly": 0.8,
            "eps_growth_yearly": 496.12
        },
        "20043": {
            "year_quarter": 20043,
            "year": 2004,
            "quarter": 3,
            "eps": -0.72,
            "eps_growth_year": null,
            "eps_4q": -1.27,
            "eps_4q_growth_year": null,
            "roe": -8.64,
            "roe_4q": -14.88,
            "gross_profit": 25618,
            "gross_margin": 4.92,
            "gross_margin_4q_avg": 3.98,
            "net_income": -48741,
            "net_income_4q": null,
            "revenue": 520828,
            "revenue_4q": null,
            "common_shares": 680500,
            "book_valuer_per_share": 7.94,
            "book_valuer_per_share_4q_avg": 8.34,
            "equity": 540073,
            "current_ratio": 129.69,
            "debt_ratio": 62.25,
            "inventory_turnover_ratio": 3.56,
            "account_receivable_turnover_ratio": null,
            "reinvestment_rate": null,
            "research_to_sale_ratio": null,
            "price_fair": 48.53,
            "eps_avg_yearly": 1.39,
            "eps_latest_yearly": 0.8,
            "eps_growth_yearly": 496.12
        },
        "20044": {
            "year_quarter": 20044,
            "year": 2004,
            "quarter": 4,
            "eps": -0.41,
            "eps_growth_year": null,
            "eps_4q": -0.88,
            "eps_4q_growth_year": null,
            "roe": -5.4,
            "roe_4q": -11.15,
            "gross_profit": 31794,
            "gross_margin": 5.43,
            "gross_margin_4q_avg": 4.93,
            "net_income": -28070,
            "net_income_4q": null,
            "revenue": 585205,
            "revenue_4q": null,
            "common_shares": 680500,
            "book_valuer_per_share": 7.35,
            "book_valuer_per_share_4q_avg": 8.08,
            "equity": 500362,
            "current_ratio": 133.4,
            "debt_ratio": 58.29,
            "inventory_turnover_ratio": 2.56,
            "account_receivable_turnover_ratio": null,
            "reinvestment_rate": null,
            "research_to_sale_ratio": null,
            "price_fair": 48.53,
            "eps_avg_yearly": 1.39,
            "eps_latest_yearly": 0.8,
            "eps_growth_yearly": 496.12
        },
        "20051": {
            "year_quarter": 20051,
            "year": 2005,
            "quarter": 1,
            "eps": -0.87,
            "eps_growth_year": -2275,
            "eps_4q": -1.8,
            "eps_4q_growth_year": null,
            "roe": -12.58,
            "roe_4q": -24.23,
            "gross_profit": 40121,
            "gross_margin": 15.77,
            "gross_margin_4q_avg": 8.08,
            "net_income": -59165,
            "net_income_4q": null,
            "revenue": 254459,
            "revenue_4q": null,
            "common_shares": 680500,
            "book_valuer_per_share": 6.47,
            "book_valuer_per_share_4q_avg": 7.6,
            "equity": 440334,
            "current_ratio": 148.4,
            "debt_ratio": 49.17,
            "inventory_turnover_ratio": 0.74,
            "account_receivable_turnover_ratio": null,
            "reinvestment_rate": null,
            "research_to_sale_ratio": null,
            "price_fair": 48.53,
            "eps_avg_yearly": 1.39,
            "eps_latest_yearly": 0.8,
            "eps_growth_yearly": 496.12
        },
        "20052": {
            "year_quarter": 20052,
            "year": 2005,
            "quarter": 2,
            "eps": -0.81,
            "eps_growth_year": -505,
            "eps_4q": -2.8,
            "eps_4q_growth_year": null,
            "roe": -13.28,
            "roe_4q": -39.9,
            "gross_profit": 24342,
            "gross_margin": 7.11,
            "gross_margin_4q_avg": 8.31,
            "net_income": -54851,
            "net_income_4q": null,
            "revenue": 342165,
            "revenue_4q": null,
            "common_shares": 680500,
            "book_valuer_per_share": 5.67,
            "book_valuer_per_share_4q_avg": 6.86,
            "equity": 385601,
            "current_ratio": 146.54,
            "debt_ratio": 52.13,
            "inventory_turnover_ratio": 1.04,
            "account_receivable_turnover_ratio": null,
            "reinvestment_rate": null,
            "research_to_sale_ratio": null,
            "price_fair": 48.53,
            "eps_avg_yearly": 1.39,
            "eps_latest_yearly": 0.8,
            "eps_growth_yearly": 496.12
        },
        "20053": {
            "year_quarter": 20053,
            "year": 2005,
            "quarter": 3,
            "eps": -0.67,
            "eps_growth_year": null,
            "eps_4q": -2.76,
            "eps_4q_growth_year": null,
            "roe": -12.5,
            "roe_4q": -43.76,
            "gross_profit": 19471,
            "gross_margin": 9.33,
            "gross_margin_4q_avg": 9.41,
            "net_income": -45826,
            "net_income_4q": null,
            "revenue": 208665,
            "revenue_4q": null,
            "common_shares": 680500,
            "book_valuer_per_share": 5.11,
            "book_valuer_per_share_4q_avg": 6.15,
            "equity": 347881,
            "current_ratio": 145.04,
            "debt_ratio": 50.57,
            "inventory_turnover_ratio": 0.75,
            "account_receivable_turnover_ratio": null,
            "reinvestment_rate": null,
            "research_to_sale_ratio": null,
            "price_fair": 48.53,
            "eps_avg_yearly": 1.39,
            "eps_latest_yearly": 0.8,
            "eps_growth_yearly": 496.12
        },
        "20054": {
            "year_quarter": 20054,
            "year": 2005,
            "quarter": 4,
            "eps": -3.07,
            "eps_growth_year": null,
            "eps_4q": -5.42,
            "eps_4q_growth_year": null,
            "roe": -85.74,
            "roe_4q": -124.1,
            "gross_profit": 13237,
            "gross_margin": 7.88,
            "gross_margin_4q_avg": 10.02,
            "net_income": -208717,
            "net_income_4q": null,
            "revenue": 168068,
            "revenue_4q": null,
            "common_shares": 680500,
            "book_valuer_per_share": 2.04,
            "book_valuer_per_share_4q_avg": 4.82,
            "equity": 138966,
            "current_ratio": 62.08,
            "debt_ratio": 75.86,
            "inventory_turnover_ratio": 1.21,
            "account_receivable_turnover_ratio": null,
            "reinvestment_rate": null,
            "research_to_sale_ratio": null,
            "price_fair": 48.53,
            "eps_avg_yearly": 1.39,
            "eps_latest_yearly": 0.8,
            "eps_growth_yearly": 496.12
        },
        "20061": {
            "year_quarter": 20061,
            "year": 2006,
            "quarter": 1,
            "eps": 0.08,
            "eps_growth_year": null,
            "eps_4q": -4.79,
            "eps_4q_growth_year": null,
            "roe": 2.44,
            "roe_4q": -109.08,
            "gross_profit": 21334,
            "gross_margin": 9.18,
            "gross_margin_4q_avg": 8.38,
            "net_income": 5087,
            "net_income_4q": null,
            "revenue": 232361,
            "revenue_4q": null,
            "common_shares": 714706,
            "book_valuer_per_share": 3.9,
            "book_valuer_per_share_4q_avg": 4.18,
            "equity": 278459,
            "current_ratio": 140.65,
            "debt_ratio": 53.45,
            "inventory_turnover_ratio": 3.45,
            "account_receivable_turnover_ratio": null,
            "reinvestment_rate": null,
            "research_to_sale_ratio": null,
            "price_fair": 44.1,
            "eps_avg_yearly": 1.26,
            "eps_latest_yearly": 0.8,
            "eps_growth_yearly": 809.76
        },
        "20062": {
            "year_quarter": 20062,
            "year": 2006,
            "quarter": 2,
            "eps": -0.24,
            "eps_growth_year": null,
            "eps_4q": -3.64,
            "eps_4q_growth_year": null,
            "roe": -3.98,
            "roe_4q": -99.78,
            "gross_profit": 21913,
            "gross_margin": 6,
            "gross_margin_4q_avg": 8.1,
            "net_income": -10863,
            "net_income_4q": null,
            "revenue": 365098,
            "revenue_4q": null,
            "common_shares": 714706,
            "book_valuer_per_share": 3.74,
            "book_valuer_per_share_4q_avg": 3.7,
            "equity": 267540,
            "current_ratio": 119.4,
            "debt_ratio": 70.24,
            "inventory_turnover_ratio": 3.98,
            "account_receivable_turnover_ratio": null,
            "reinvestment_rate": null,
            "research_to_sale_ratio": null,
            "price_fair": 28,
            "eps_avg_yearly": 0.8,
            "eps_latest_yearly": 0.8,
            "eps_growth_yearly": 1600
        },
        "20063": {
            "year_quarter": 20063,
            "year": 2006,
            "quarter": 3,
            "eps": -0.08,
            "eps_growth_year": null,
            "eps_4q": -3.9,
            "eps_4q_growth_year": null,
            "roe": -1.31,
            "roe_4q": -88.58999999999999,
            "gross_profit": 19108,
            "gross_margin": 7.36,
            "gross_margin_4q_avg": 7.61,
            "net_income": -3787,
            "net_income_4q": null,
            "revenue": 259566,
            "revenue_4q": null,
            "common_shares": 560163,
            "book_valuer_per_share": 5.58,
            "book_valuer_per_share_4q_avg": 3.82,
            "equity": 312392,
            "current_ratio": 132.72,
            "debt_ratio": 61.43,
            "inventory_turnover_ratio": 2.66,
            "account_receivable_turnover_ratio": null,
            "reinvestment_rate": null,
            "research_to_sale_ratio": null,
            "price_fair": 28,
            "eps_avg_yearly": 0.8,
            "eps_latest_yearly": 0.8,
            "eps_growth_yearly": 1600
        },
        "20064": {
            "year_quarter": 20064,
            "year": 2006,
            "quarter": 4,
            "eps": -0.17,
            "eps_growth_year": null,
            "eps_4q": -0.41,
            "eps_4q_growth_year": null,
            "roe": -2.52,
            "roe_4q": -5.370000000000001,
            "gross_profit": 15953,
            "gross_margin": 6.78,
            "gross_margin_4q_avg": 7.33,
            "net_income": -8289,
            "net_income_4q": null,
            "revenue": 235410,
            "revenue_4q": null,
            "common_shares": 560163,
            "book_valuer_per_share": 5.43,
            "book_valuer_per_share_4q_avg": 4.66,
            "equity": 344828,
            "current_ratio": 102.03,
            "debt_ratio": 63.29,
            "inventory_turnover_ratio": 0.93,
            "account_receivable_turnover_ratio": null,
            "reinvestment_rate": null,
            "research_to_sale_ratio": null,
            "price_fair": 28,
            "eps_avg_yearly": 0.8,
            "eps_latest_yearly": 0.8,
            "eps_growth_yearly": 1600
        },
        "20071": {
            "year_quarter": 20071,
            "year": 2007,
            "quarter": 1,
            "eps": 0.85,
            "eps_growth_year": 962.5,
            "eps_4q": 0.44,
            "eps_4q_growth_year": null,
            "roe": 13.62,
            "roe_4q": 5.809999999999999,
            "gross_profit": 7892,
            "gross_margin": 5.01,
            "gross_margin_4q_avg": 6.29,
            "net_income": 47790,
            "net_income_4q": null,
            "revenue": 157471,
            "revenue_4q": null,
            "common_shares": 560163,
            "book_valuer_per_share": 6.38,
            "book_valuer_per_share_4q_avg": 5.28,
            "equity": 357148,
            "current_ratio": 251.79,
            "debt_ratio": 38.1,
            "inventory_turnover_ratio": 0.67,
            "account_receivable_turnover_ratio": null,
            "reinvestment_rate": null,
            "research_to_sale_ratio": null,
            "price_fair": 28,
            "eps_avg_yearly": 0.8,
            "eps_latest_yearly": 0.8,
            "eps_growth_yearly": 1600
        },
        "20072": {
            "year_quarter": 20072,
            "year": 2007,
            "quarter": 2,
            "eps": -0.34,
            "eps_growth_year": null,
            "eps_4q": 0.29,
            "eps_4q_growth_year": null,
            "roe": -5.54,
            "roe_4q": 4.249999999999998,
            "gross_profit": 12731,
            "gross_margin": 15.85,
            "gross_margin_4q_avg": 8.75,
            "net_income": -19263,
            "net_income_4q": null,
            "revenue": 80306,
            "revenue_4q": null,
            "common_shares": 560163,
            "book_valuer_per_share": 6.03,
            "book_valuer_per_share_4q_avg": 5.86,
            "equity": 337982,
            "current_ratio": 290.72,
            "debt_ratio": 28.52,
            "inventory_turnover_ratio": 1.06,
            "account_receivable_turnover_ratio": null,
            "reinvestment_rate": null,
            "research_to_sale_ratio": null,
            "price_fair": 28,
            "eps_avg_yearly": 0.8,
            "eps_latest_yearly": 0.8,
            "eps_growth_yearly": 1600
        },
        "20073": {
            "year_quarter": 20073,
            "year": 2007,
            "quarter": 3,
            "eps": -0.2,
            "eps_growth_year": null,
            "eps_4q": 0.16,
            "eps_4q_growth_year": null,
            "roe": -3.42,
            "roe_4q": 2.1399999999999983,
            "gross_profit": 8799,
            "gross_margin": 20.17,
            "gross_margin_4q_avg": 11.95,
            "net_income": -11356,
            "net_income_4q": null,
            "revenue": 43633,
            "revenue_4q": null,
            "common_shares": 560163,
            "book_valuer_per_share": 5.83,
            "book_valuer_per_share_4q_avg": 5.92,
            "equity": 326567,
            "current_ratio": 298.43,
            "debt_ratio": 20.12,
            "inventory_turnover_ratio": 0.5,
            "account_receivable_turnover_ratio": null,
            "reinvestment_rate": null,
            "research_to_sale_ratio": null,
            "price_fair": 28,
            "eps_avg_yearly": 0.8,
            "eps_latest_yearly": 0.8,
            "eps_growth_yearly": 1600
        },
        "20074": {
            "year_quarter": 20074,
            "year": 2007,
            "quarter": 4,
            "eps": -0.25,
            "eps_growth_year": null,
            "eps_4q": 0.09,
            "eps_4q_growth_year": null,
            "roe": -4.37,
            "roe_4q": 0.28999999999999915,
            "gross_profit": 11086,
            "gross_margin": 20.55,
            "gross_margin_4q_avg": 15.4,
            "net_income": -13975,
            "net_income_4q": null,
            "revenue": 53957,
            "revenue_4q": null,
            "common_shares": 560163,
            "book_valuer_per_share": 5.58,
            "book_valuer_per_share_4q_avg": 5.96,
            "equity": 312587,
            "current_ratio": 364.8,
            "debt_ratio": 14.54,
            "inventory_turnover_ratio": 0.61,
            "account_receivable_turnover_ratio": null,
            "reinvestment_rate": null,
            "research_to_sale_ratio": null,
            "price_fair": 28,
            "eps_avg_yearly": 0.8,
            "eps_latest_yearly": 0.8,
            "eps_growth_yearly": 1600
        },
        "20081": {
            "year_quarter": 20081,
            "year": 2008,
            "quarter": 1,
            "eps": -0.28,
            "eps_growth_year": -132.94,
            "eps_4q": -1.08,
            "eps_4q_growth_year": -345.11,
            "roe": -5.1,
            "roe_4q": -18.43,
            "gross_profit": 8620,
            "gross_margin": 15.12,
            "gross_margin_4q_avg": 17.92,
            "net_income": -15542,
            "net_income_4q": null,
            "revenue": 57014,
            "revenue_4q": null,
            "common_shares": 560163,
            "book_valuer_per_share": 5.3,
            "book_valuer_per_share_4q_avg": 5.69,
            "equity": 297000,
            "current_ratio": 365.58,
            "debt_ratio": 13.91,
            "inventory_turnover_ratio": 0.73,
            "account_receivable_turnover_ratio": null,
            "reinvestment_rate": null,
            "research_to_sale_ratio": null,
            "price_fair": 28,
            "eps_avg_yearly": 0.8,
            "eps_latest_yearly": 0.8,
            "eps_growth_yearly": 1600
        },
        "20082": {
            "year_quarter": 20082,
            "year": 2008,
            "quarter": 2,
            "eps": -1.67,
            "eps_growth_year": null,
            "eps_4q": -1.66,
            "eps_4q_growth_year": -664.66,
            "roe": -19.2,
            "roe_4q": -32.089999999999996,
            "gross_profit": 10288,
            "gross_margin": 13.78,
            "gross_margin_4q_avg": 17.41,
            "net_income": -52019,
            "net_income_4q": null,
            "revenue": 74674,
            "revenue_4q": null,
            "common_shares": 560163,
            "book_valuer_per_share": 4.37,
            "book_valuer_per_share_4q_avg": 5.27,
            "equity": 244979,
            "current_ratio": 246.82,
            "debt_ratio": 22.44,
            "inventory_turnover_ratio": 1.04,
            "account_receivable_turnover_ratio": null,
            "reinvestment_rate": null,
            "research_to_sale_ratio": null,
            "price_fair": 0,
            "eps_avg_yearly": 0,
            "eps_latest_yearly": 0,
            "eps_growth_yearly": 0
        },
        "20083": {
            "year_quarter": 20083,
            "year": 2008,
            "quarter": 3,
            "eps": -0.39,
            "eps_growth_year": null,
            "eps_4q": -2.04,
            "eps_4q_growth_year": -1384.73,
            "roe": -4.45,
            "roe_4q": -33.12,
            "gross_profit": 8833,
            "gross_margin": 14.21,
            "gross_margin_4q_avg": 15.92,
            "net_income": -12848,
            "net_income_4q": null,
            "revenue": 62170,
            "revenue_4q": null,
            "common_shares": 463331,
            "book_valuer_per_share": 7.17,
            "book_valuer_per_share_4q_avg": 5.61,
            "equity": 332166,
            "current_ratio": 546.56,
            "debt_ratio": 10.74,
            "inventory_turnover_ratio": 0.91,
            "account_receivable_turnover_ratio": null,
            "reinvestment_rate": null,
            "research_to_sale_ratio": null,
            "price_fair": 0,
            "eps_avg_yearly": 0,
            "eps_latest_yearly": 0,
            "eps_growth_yearly": 0
        },
        "20084": {
            "year_quarter": 20084,
            "year": 2008,
            "quarter": 4,
            "eps": -4.19,
            "eps_growth_year": null,
            "eps_4q": -6.33,
            "eps_4q_growth_year": -6890.17,
            "roe": -59.75,
            "roe_4q": -88.5,
            "gross_profit": -26169,
            "gross_margin": -58.32,
            "gross_margin_4q_avg": -3.8,
            "net_income": -158043,
            "net_income_4q": null,
            "revenue": 44870,
            "revenue_4q": null,
            "common_shares": 643331,
            "book_valuer_per_share": 3.06,
            "book_valuer_per_share_4q_avg": 4.98,
            "equity": 196806,
            "current_ratio": 674.27,
            "debt_ratio": 11.87,
            "inventory_turnover_ratio": 0.91,
            "account_receivable_turnover_ratio": 4.38,
            "reinvestment_rate": null,
            "research_to_sale_ratio": null,
            "price_fair": 0,
            "eps_avg_yearly": 0,
            "eps_latest_yearly": 0,
            "eps_growth_yearly": 0
        },
        "20091": {
            "year_quarter": 20091,
            "year": 2009,
            "quarter": 1,
            "eps": -0.16,
            "eps_growth_year": null,
            "eps_4q": -3.62,
            "eps_4q_growth_year": null,
            "roe": -5.28,
            "roe_4q": -88.68,
            "gross_profit": 8899,
            "gross_margin": 19.84,
            "gross_margin_4q_avg": -2.62,
            "net_income": -10131,
            "net_income_4q": null,
            "revenue": 44865,
            "revenue_4q": null,
            "common_shares": 643331,
            "book_valuer_per_share": 2.9,
            "book_valuer_per_share_4q_avg": 4.38,
            "equity": 186689,
            "current_ratio": 636.77,
            "debt_ratio": 22.98,
            "inventory_turnover_ratio": 0.39,
            "account_receivable_turnover_ratio": 1.99,
            "reinvestment_rate": null,
            "research_to_sale_ratio": null,
            "price_fair": 0,
            "eps_avg_yearly": 0,
            "eps_latest_yearly": 0,
            "eps_growth_yearly": 0
        },
        "20092": {
            "year_quarter": 20092,
            "year": 2009,
            "quarter": 2,
            "eps": -0.44,
            "eps_growth_year": null,
            "eps_4q": -9.68,
            "eps_4q_growth_year": null,
            "roe": -4.76,
            "roe_4q": -74.24,
            "gross_profit": 6883,
            "gross_margin": 13.43,
            "gross_margin_4q_avg": -2.71,
            "net_income": -8676,
            "net_income_4q": null,
            "revenue": 51244,
            "revenue_4q": null,
            "common_shares": 196046,
            "book_valuer_per_share": 9.08,
            "book_valuer_per_share_4q_avg": 5.55,
            "equity": 178002,
            "current_ratio": 220.02,
            "debt_ratio": 40.07,
            "inventory_turnover_ratio": 0.31,
            "account_receivable_turnover_ratio": 2.4,
            "reinvestment_rate": null,
            "research_to_sale_ratio": null,
            "price_fair": 0,
            "eps_avg_yearly": 0,
            "eps_latest_yearly": 0,
            "eps_growth_yearly": 0
        },
        "20093": {
            "year_quarter": 20093,
            "year": 2009,
            "quarter": 3,
            "eps": -0.17,
            "eps_growth_year": null,
            "eps_4q": -1.49,
            "eps_4q_growth_year": null,
            "roe": -1.09,
            "roe_4q": -70.88,
            "gross_profit": 10973,
            "gross_margin": 15.8,
            "gross_margin_4q_avg": -2.31,
            "net_income": -4918,
            "net_income_4q": null,
            "revenue": 69433,
            "revenue_4q": null,
            "common_shares": 1221045,
            "book_valuer_per_share": 5.92,
            "book_valuer_per_share_4q_avg": 5.24,
            "equity": 722478,
            "current_ratio": 688.44,
            "debt_ratio": 13.87,
            "inventory_turnover_ratio": 0.18,
            "account_receivable_turnover_ratio": 3.1,
            "reinvestment_rate": null,
            "research_to_sale_ratio": null,
            "price_fair": 0,
            "eps_avg_yearly": 0,
            "eps_latest_yearly": 0,
            "eps_growth_yearly": 0
        },
        "20094": {
            "year_quarter": 20094,
            "year": 2009,
            "quarter": 4,
            "eps": -0.37,
            "eps_growth_year": null,
            "eps_4q": -0.29,
            "eps_4q_growth_year": null,
            "roe": -3,
            "roe_4q": -14.129999999999999,
            "gross_profit": 10513,
            "gross_margin": 16.16,
            "gross_margin_4q_avg": 16.31,
            "net_income": -24674,
            "net_income_4q": null,
            "revenue": 65072,
            "revenue_4q": null,
            "common_shares": 1650246,
            "book_valuer_per_share": 5.58,
            "book_valuer_per_share_4q_avg": 5.87,
            "equity": 920562,
            "current_ratio": 296.92,
            "debt_ratio": 32.55,
            "inventory_turnover_ratio": 0.1,
            "account_receivable_turnover_ratio": 3.17,
            "reinvestment_rate": null,
            "research_to_sale_ratio": null,
            "price_fair": 0,
            "eps_avg_yearly": 0,
            "eps_latest_yearly": 0,
            "eps_growth_yearly": 0
        },
        "20101": {
            "year_quarter": 20101,
            "year": 2010,
            "quarter": 1,
            "eps": 0.66,
            "eps_growth_year": null,
            "eps_4q": 0.43,
            "eps_4q_growth_year": null,
            "roe": 11.11,
            "roe_4q": 2.26,
            "gross_profit": 139355,
            "gross_margin": 17.38,
            "gross_margin_4q_avg": 15.69,
            "net_income": 108328,
            "net_income_4q": null,
            "revenue": 801982,
            "revenue_4q": null,
            "common_shares": 1650246,
            "book_valuer_per_share": 6.21,
            "book_valuer_per_share_4q_avg": 6.7,
            "equity": 1029043,
            "current_ratio": 212.36,
            "debt_ratio": 45.72,
            "inventory_turnover_ratio": 0.65,
            "account_receivable_turnover_ratio": 16.15,
            "reinvestment_rate": null,
            "research_to_sale_ratio": 0.09,
            "price_fair": 0,
            "eps_avg_yearly": 0,
            "eps_latest_yearly": 0,
            "eps_growth_yearly": 0
        },
        "20102": {
            "year_quarter": 20102,
            "year": 2010,
            "quarter": 2,
            "eps": -0.14,
            "eps_growth_year": null,
            "eps_4q": 0.34,
            "eps_4q_growth_year": null,
            "roe": -2.25,
            "roe_4q": 4.77,
            "gross_profit": 47840,
            "gross_margin": 20.09,
            "gross_margin_4q_avg": 17.36,
            "net_income": -22935,
            "net_income_4q": null,
            "revenue": 238115,
            "revenue_4q": null,
            "common_shares": 1650246,
            "book_valuer_per_share": 6.1,
            "book_valuer_per_share_4q_avg": 5.95,
            "equity": 1006108,
            "current_ratio": 182.92,
            "debt_ratio": 53.02,
            "inventory_turnover_ratio": 0.12,
            "account_receivable_turnover_ratio": 3.94,
            "reinvestment_rate": null,
            "research_to_sale_ratio": 0.12,
            "price_fair": 0,
            "eps_avg_yearly": 0,
            "eps_latest_yearly": 0,
            "eps_growth_yearly": 0
        },
        "20103": {
            "year_quarter": 20103,
            "year": 2010,
            "quarter": 3,
            "eps": -0.22,
            "eps_growth_year": null,
            "eps_4q": 0.15,
            "eps_4q_growth_year": null,
            "roe": -3.72,
            "roe_4q": 2.139999999999999,
            "gross_profit": -9409,
            "gross_margin": -6.97,
            "gross_margin_4q_avg": 11.67,
            "net_income": -36794,
            "net_income_4q": null,
            "revenue": 135057,
            "revenue_4q": null,
            "common_shares": 1650246,
            "book_valuer_per_share": 5.87,
            "book_valuer_per_share_4q_avg": 5.94,
            "equity": 969416,
            "current_ratio": 159.78,
            "debt_ratio": 60.43,
            "inventory_turnover_ratio": 0.08,
            "account_receivable_turnover_ratio": 1.96,
            "reinvestment_rate": null,
            "research_to_sale_ratio": 0.21,
            "price_fair": 0,
            "eps_avg_yearly": 0,
            "eps_latest_yearly": 0,
            "eps_growth_yearly": 0
        },
        "20104": {
            "year_quarter": 20104,
            "year": 2010,
            "quarter": 4,
            "eps": 2.41,
            "eps_growth_year": null,
            "eps_4q": 2.7,
            "eps_4q_growth_year": null,
            "roe": 34,
            "roe_4q": 39.14,
            "gross_profit": 444209,
            "gross_margin": 18.89,
            "gross_margin_4q_avg": 12.35,
            "net_income": 397107,
            "net_income_4q": null,
            "revenue": 2352118,
            "revenue_4q": null,
            "common_shares": 1650246,
            "book_valuer_per_share": 8.28,
            "book_valuer_per_share_4q_avg": 6.62,
            "equity": 1366525,
            "current_ratio": 175.81,
            "debt_ratio": 55.55,
            "inventory_turnover_ratio": 1.38,
            "account_receivable_turnover_ratio": 2.75,
            "reinvestment_rate": -91.46,
            "research_to_sale_ratio": 0.01,
            "price_fair": 0,
            "eps_avg_yearly": 0,
            "eps_latest_yearly": 0,
            "eps_growth_yearly": 0
        },
        "20111": {
            "year_quarter": 20111,
            "year": 2011,
            "quarter": 1,
            "eps": -0.28,
            "eps_growth_year": -142.42,
            "eps_4q": 1.76,
            "eps_4q_growth_year": 313.97,
            "roe": -3.48,
            "roe_4q": 24.55,
            "gross_profit": -3890,
            "gross_margin": -3.32,
            "gross_margin_4q_avg": 7.17,
            "net_income": -46717,
            "net_income_4q": null,
            "revenue": 117294,
            "revenue_4q": null,
            "common_shares": 1650246,
            "book_valuer_per_share": 8,
            "book_valuer_per_share_4q_avg": 7.06,
            "equity": 1319808,
            "current_ratio": 319.75,
            "debt_ratio": 29.97,
            "inventory_turnover_ratio": 0.17,
            "account_receivable_turnover_ratio": 0.14,
            "reinvestment_rate": 126.42,
            "research_to_sale_ratio": 0.22,
            "price_fair": 0,
            "eps_avg_yearly": 0,
            "eps_latest_yearly": 0,
            "eps_growth_yearly": 0
        },
        "20112": {
            "year_quarter": 20112,
            "year": 2011,
            "quarter": 2,
            "eps": -0.15,
            "eps_growth_year": null,
            "eps_4q": 1.75,
            "eps_4q_growth_year": 416.85,
            "roe": -1.87,
            "roe_4q": 24.93,
            "gross_profit": 12959,
            "gross_margin": 2.6,
            "gross_margin_4q_avg": 2.8,
            "net_income": -24400,
            "net_income_4q": null,
            "revenue": 498222,
            "revenue_4q": null,
            "common_shares": 1650246,
            "book_valuer_per_share": 7.85,
            "book_valuer_per_share_4q_avg": 7.5,
            "equity": 1295555,
            "current_ratio": 167.04,
            "debt_ratio": 58.33,
            "inventory_turnover_ratio": 0.48,
            "account_receivable_turnover_ratio": 2.56,
            "reinvestment_rate": 143.61,
            "research_to_sale_ratio": 0.13,
            "price_fair": 0,
            "eps_avg_yearly": 0,
            "eps_latest_yearly": 0,
            "eps_growth_yearly": 0
        },
        "20113": {
            "year_quarter": 20113,
            "year": 2011,
            "quarter": 3,
            "eps": -0.61,
            "eps_growth_year": null,
            "eps_4q": 1.37,
            "eps_4q_growth_year": 835.98,
            "roe": -8.11,
            "roe_4q": 20.54,
            "gross_profit": -69861,
            "gross_margin": -76.23,
            "gross_margin_4q_avg": -14.52,
            "net_income": -100848,
            "net_income_4q": null,
            "revenue": 91649,
            "revenue_4q": null,
            "common_shares": 1650246,
            "book_valuer_per_share": 7.21,
            "book_valuer_per_share_4q_avg": 7.84,
            "equity": 1192529,
            "current_ratio": 181.87,
            "debt_ratio": 53.3,
            "inventory_turnover_ratio": 0.12,
            "account_receivable_turnover_ratio": 0.51,
            "reinvestment_rate": null,
            "research_to_sale_ratio": 0.49,
            "price_fair": 0,
            "eps_avg_yearly": 0,
            "eps_latest_yearly": 0,
            "eps_growth_yearly": 0
        },
        "20114": {
            "year_quarter": 20114,
            "year": 2011,
            "quarter": 4,
            "eps": -0.5,
            "eps_growth_year": -120.85,
            "eps_4q": -1.76,
            "eps_4q_growth_year": -165.12,
            "roe": -5.96,
            "roe_4q": -19.42,
            "gross_profit": -19784,
            "gross_margin": -18.12,
            "gross_margin_4q_avg": -23.77,
            "net_income": -68965,
            "net_income_4q": null,
            "revenue": 109187,
            "revenue_4q": null,
            "common_shares": 1365508,
            "book_valuer_per_share": 8.19,
            "book_valuer_per_share_4q_avg": 7.81,
            "equity": 1120772,
            "current_ratio": 155.02,
            "debt_ratio": 62.77,
            "inventory_turnover_ratio": 0.08,
            "account_receivable_turnover_ratio": 1.47,
            "reinvestment_rate": null,
            "research_to_sale_ratio": 0.43,
            "price_fair": 0,
            "eps_avg_yearly": 0,
            "eps_latest_yearly": 0,
            "eps_growth_yearly": 0
        },
        "20121": {
            "year_quarter": 20121,
            "year": 2012,
            "quarter": 1,
            "eps": 0.18,
            "eps_growth_year": null,
            "eps_4q": -1.24,
            "eps_4q_growth_year": -170.26,
            "roe": 2.12,
            "roe_4q": -13.82,
            "gross_profit": 76279,
            "gross_margin": 16.39,
            "gross_margin_4q_avg": -18.84,
            "net_income": 24061,
            "net_income_4q": null,
            "revenue": 465288,
            "revenue_4q": null,
            "common_shares": 1365508,
            "book_valuer_per_share": 8.39,
            "book_valuer_per_share_4q_avg": 7.91,
            "equity": 1147719,
            "current_ratio": 159.75,
            "debt_ratio": 61.12,
            "inventory_turnover_ratio": 0.22,
            "account_receivable_turnover_ratio": 4.97,
            "reinvestment_rate": null,
            "research_to_sale_ratio": 0.11,
            "price_fair": 0,
            "eps_avg_yearly": 0,
            "eps_latest_yearly": 0,
            "eps_growth_yearly": 0
        },
        "20122": {
            "year_quarter": 20122,
            "year": 2012,
            "quarter": 2,
            "eps": 0.4,
            "eps_growth_year": null,
            "eps_4q": -0.66,
            "eps_4q_growth_year": -137.8,
            "roe": 4.62,
            "roe_4q": -7.329999999999999,
            "gross_profit": 90863,
            "gross_margin": 14.75,
            "gross_margin_4q_avg": -15.8,
            "net_income": 54130,
            "net_income_4q": null,
            "revenue": 616014,
            "revenue_4q": null,
            "common_shares": 1365508,
            "book_valuer_per_share": 8.77,
            "book_valuer_per_share_4q_avg": 8.14,
            "equity": 1197741,
            "current_ratio": 157.73,
            "debt_ratio": 62.1,
            "inventory_turnover_ratio": 0.3,
            "account_receivable_turnover_ratio": 6.55,
            "reinvestment_rate": 96.89,
            "research_to_sale_ratio": 0,
            "price_fair": 56,
            "eps_avg_yearly": 1.6,
            "eps_latest_yearly": 1.6,
            "eps_growth_yearly": 488.89
        },
        "20123": {
            "year_quarter": 20123,
            "year": 2012,
            "quarter": 3,
            "eps": 0.42,
            "eps_growth_year": null,
            "eps_4q": 0.48,
            "eps_4q_growth_year": -64.7,
            "roe": 4.71,
            "roe_4q": 5.489999999999999,
            "gross_profit": 112685,
            "gross_margin": 27.01,
            "gross_margin_4q_avg": 10.01,
            "net_income": 65298,
            "net_income_4q": null,
            "revenue": 417262,
            "revenue_4q": null,
            "common_shares": 1565508,
            "book_valuer_per_share": 10.06,
            "book_valuer_per_share_4q_avg": 8.85,
            "equity": 1574417,
            "current_ratio": 176.98,
            "debt_ratio": 55.59,
            "inventory_turnover_ratio": 0.15,
            "account_receivable_turnover_ratio": 2.04,
            "reinvestment_rate": 45.72,
            "research_to_sale_ratio": -0,
            "price_fair": 57.4,
            "eps_avg_yearly": 1.64,
            "eps_latest_yearly": 1.68,
            "eps_growth_yearly": 254.44
        },
        "20124": {
            "year_quarter": 20124,
            "year": 2012,
            "quarter": 4,
            "eps": 0.75,
            "eps_growth_year": null,
            "eps_4q": 1.67,
            "eps_4q_growth_year": null,
            "roe": 7.16,
            "roe_4q": 18.610000000000003,
            "gross_profit": 199870,
            "gross_margin": 24.64,
            "gross_margin_4q_avg": 20.7,
            "net_income": 117046,
            "net_income_4q": null,
            "revenue": 811277,
            "revenue_4q": null,
            "common_shares": 1565508,
            "book_valuer_per_share": 10.83,
            "book_valuer_per_share_4q_avg": 9.51,
            "equity": 1695920,
            "current_ratio": 164.45,
            "debt_ratio": 60.01,
            "inventory_turnover_ratio": 0.23,
            "account_receivable_turnover_ratio": 2.62,
            "reinvestment_rate": 19.13,
            "research_to_sale_ratio": 0,
            "price_fair": 73.27,
            "eps_avg_yearly": 2.09,
            "eps_latest_yearly": 3,
            "eps_growth_yearly": 274.39
        },
        "20131": {
            "year_quarter": 20131,
            "year": 2013,
            "quarter": 1,
            "eps": 0.91,
            "eps_growth_year": 405.56,
            "eps_4q": 2.42,
            "eps_4q_growth_year": null,
            "roe": 8.62,
            "roe_4q": 25.11,
            "gross_profit": 204223,
            "gross_margin": 41.89,
            "gross_margin_4q_avg": 27.07,
            "net_income": 142213,
            "net_income_4q": null,
            "revenue": 487524,
            "revenue_4q": null,
            "common_shares": 1565508,
            "book_valuer_per_share": 10.24,
            "book_valuer_per_share_4q_avg": 9.98,
            "equity": 1602349,
            "current_ratio": 158.64,
            "debt_ratio": 62.23,
            "inventory_turnover_ratio": 0.09,
            "account_receivable_turnover_ratio": 1.04,
            "reinvestment_rate": 2.5,
            "research_to_sale_ratio": 0,
            "price_fair": 86.8,
            "eps_avg_yearly": 2.48,
            "eps_latest_yearly": 3.64,
            "eps_growth_yearly": 227.13
        },
        "20132": {
            "year_quarter": 20132,
            "year": 2013,
            "quarter": 2,
            "eps": 0.15,
            "eps_growth_year": -62.16,
            "eps_4q": 2.22,
            "eps_4q_growth_year": null,
            "roe": 1.42,
            "roe_4q": 21.91,
            "gross_profit": 116688,
            "gross_margin": 47.65,
            "gross_margin_4q_avg": 35.3,
            "net_income": 22972,
            "net_income_4q": null,
            "revenue": 244882,
            "revenue_4q": null,
            "common_shares": 1565508,
            "book_valuer_per_share": 10.38,
            "book_valuer_per_share_4q_avg": 10.38,
            "equity": 1625321,
            "current_ratio": 152.53,
            "debt_ratio": 64.78,
            "inventory_turnover_ratio": 0.04,
            "account_receivable_turnover_ratio": 0.35,
            "reinvestment_rate": 2.2,
            "research_to_sale_ratio": 0,
            "price_fair": 73.64,
            "eps_avg_yearly": 2.1,
            "eps_latest_yearly": 0.6,
            "eps_growth_yearly": 114.89
        },
        "20133": {
            "year_quarter": 20133,
            "year": 2013,
            "quarter": 3,
            "eps": 0.18,
            "eps_growth_year": -56.85,
            "eps_4q": 1.98,
            "eps_4q_growth_year": 311.6,
            "roe": 1.73,
            "roe_4q": 18.93,
            "gross_profit": 76700,
            "gross_margin": 31.28,
            "gross_margin_4q_avg": 36.37,
            "net_income": 28363,
            "net_income_4q": null,
            "revenue": 245198,
            "revenue_4q": null,
            "common_shares": 1565508,
            "book_valuer_per_share": 10.56,
            "book_valuer_per_share_4q_avg": 10.5,
            "equity": 1652950,
            "current_ratio": 156.88,
            "debt_ratio": 62.68,
            "inventory_turnover_ratio": 0.05,
            "account_receivable_turnover_ratio": 0.46,
            "reinvestment_rate": 4.68,
            "research_to_sale_ratio": 0,
            "price_fair": 65.57,
            "eps_avg_yearly": 1.87,
            "eps_latest_yearly": 0.72,
            "eps_growth_yearly": 109.07
        },
        "20134": {
            "year_quarter": 20134,
            "year": 2013,
            "quarter": 4,
            "eps": 1.14,
            "eps_growth_year": 52.89,
            "eps_4q": 2.37,
            "eps_4q_growth_year": 42.23,
            "roe": 10.24,
            "roe_4q": 22.009999999999998,
            "gross_profit": 253822,
            "gross_margin": 27.59,
            "gross_margin_4q_avg": 37.1,
            "net_income": 180097,
            "net_income_4q": null,
            "revenue": 920068,
            "revenue_4q": null,
            "common_shares": 1575561,
            "book_valuer_per_share": 11.83,
            "book_valuer_per_share_4q_avg": 10.75,
            "equity": 1863840,
            "current_ratio": 181.32,
            "debt_ratio": 59.88,
            "inventory_turnover_ratio": 0.19,
            "account_receivable_turnover_ratio": 3.31,
            "reinvestment_rate": 3.76,
            "research_to_sale_ratio": 0,
            "price_fair": 79,
            "eps_avg_yearly": 2.26,
            "eps_latest_yearly": 4.56,
            "eps_growth_yearly": 398.25
        },
        "20141": {
            "year_quarter": 20141,
            "year": 2014,
            "quarter": 1,
            "eps": 2.13,
            "eps_growth_year": 134.07,
            "eps_4q": 3.59,
            "eps_4q_growth_year": 48.39,
            "roe": 16.51,
            "roe_4q": 29.9,
            "gross_profit": 411106,
            "gross_margin": 52.63,
            "gross_margin_4q_avg": 39.79,
            "net_income": 336222,
            "net_income_4q": null,
            "revenue": 781145,
            "revenue_4q": null,
            "common_shares": 1581475,
            "book_valuer_per_share": 13.98,
            "book_valuer_per_share_4q_avg": 11.69,
            "equity": 2210195,
            "current_ratio": 192.32,
            "debt_ratio": 56.18,
            "inventory_turnover_ratio": 0.1,
            "account_receivable_turnover_ratio": 5.28,
            "reinvestment_rate": 0.22,
            "research_to_sale_ratio": null,
            "price_fair": 106.4,
            "eps_avg_yearly": 3.04,
            "eps_latest_yearly": 8.52,
            "eps_growth_yearly": 391.89
        },
        "20142": {
            "year_quarter": 20142,
            "year": 2014,
            "quarter": 2,
            "eps": -0.08,
            "eps_growth_year": -153.33,
            "eps_4q": 3.31,
            "eps_4q_growth_year": 49.31,
            "roe": -0.62,
            "roe_4q": 27.860000000000003,
            "gross_profit": 59984,
            "gross_margin": 31.06,
            "gross_margin_4q_avg": 35.64,
            "net_income": -13121,
            "net_income_4q": null,
            "revenue": 193124,
            "revenue_4q": null,
            "common_shares": 1603764,
            "book_valuer_per_share": 12.73,
            "book_valuer_per_share_4q_avg": 12.28,
            "equity": 2041753,
            "current_ratio": 172.43,
            "debt_ratio": 66.24,
            "inventory_turnover_ratio": 0.03,
            "account_receivable_turnover_ratio": 3.9,
            "reinvestment_rate": -3.62,
            "research_to_sale_ratio": null,
            "price_fair": 106.4,
            "eps_avg_yearly": 3.04,
            "eps_latest_yearly": 8.52,
            "eps_growth_yearly": 391.89
        },
        "20143": {
            "year_quarter": 20143,
            "year": 2014,
            "quarter": 3,
            "eps": 0.48,
            "eps_growth_year": 166.67,
            "eps_4q": 2.85,
            "eps_4q_growth_year": 43.83,
            "roe": -3.95,
            "roe_4q": 22.18,
            "gross_profit": -1526,
            "gross_margin": -2.95,
            "gross_margin_4q_avg": 27.08,
            "net_income": -75188,
            "net_income_4q": null,
            "revenue": 51718,
            "revenue_4q": null,
            "common_shares": 1625883,
            "book_valuer_per_share": 11.77,
            "book_valuer_per_share_4q_avg": 12.58,
            "equity": 1765185,
            "current_ratio": 162.09,
            "debt_ratio": 69.4,
            "inventory_turnover_ratio": 0.01,
            "account_receivable_turnover_ratio": 0.83,
            "reinvestment_rate": -3.18,
            "research_to_sale_ratio": null,
            "price_fair": 106.4,
            "eps_avg_yearly": 3.04,
            "eps_latest_yearly": 8.52,
            "eps_growth_yearly": 391.89
        },
        "20144": {
            "year_quarter": 20144,
            "year": 2014,
            "quarter": 4,
            "eps": 1.75,
            "eps_growth_year": 53.42,
            "eps_4q": 3.41,
            "eps_4q_growth_year": 43.61,
            "roe": 13.86,
            "roe_4q": 25.800000000000004,
            "gross_profit": 369176,
            "gross_margin": 29.41,
            "gross_margin_4q_avg": 27.54,
            "net_income": 263175,
            "net_income_4q": null,
            "revenue": 1255079,
            "revenue_4q": null,
            "common_shares": 1500655,
            "book_valuer_per_share": 13.54,
            "book_valuer_per_share_4q_avg": 13.01,
            "equity": 2031843,
            "current_ratio": 159.75,
            "debt_ratio": 69.16,
            "inventory_turnover_ratio": 0.18,
            "account_receivable_turnover_ratio": 3.08,
            "reinvestment_rate": -1.88,
            "research_to_sale_ratio": null,
            "price_fair": 121.8,
            "eps_avg_yearly": 3.48,
            "eps_latest_yearly": 7,
            "eps_growth_yearly": 465.94
        },
        "20151": {
            "year_quarter": 20151,
            "year": 2015,
            "quarter": 1,
            "eps": 0.01,
            "eps_growth_year": -99.53,
            "eps_4q": 1.18,
            "eps_4q_growth_year": -67.2,
            "roe": 0.09,
            "roe_4q": 9.38,
            "gross_profit": 80804,
            "gross_margin": 20.81,
            "gross_margin_4q_avg": 19.58,
            "net_income": 1835,
            "net_income_4q": null,
            "revenue": 388359,
            "revenue_4q": null,
            "common_shares": 1500655,
            "book_valuer_per_share": 13.56,
            "book_valuer_per_share_4q_avg": 12.9,
            "equity": 2034345,
            "current_ratio": 157.65,
            "debt_ratio": 67.06,
            "inventory_turnover_ratio": 0.06,
            "account_receivable_turnover_ratio": 0.9,
            "reinvestment_rate": 0.1,
            "research_to_sale_ratio": null,
            "price_fair": 109.76,
            "eps_avg_yearly": 3.14,
            "eps_latest_yearly": 0.04,
            "eps_growth_yearly": 379.58
        },
        "20152": {
            "year_quarter": 20152,
            "year": 2015,
            "quarter": 2,
            "eps": -0.54,
            "eps_growth_year": null,
            "eps_4q": 0.54,
            "eps_4q_growth_year": -83.65,
            "roe": -4.88,
            "roe_4q": 5.12,
            "gross_profit": 7299,
            "gross_margin": 7.71,
            "gross_margin_4q_avg": 13.75,
            "net_income": -94520,
            "net_income_4q": null,
            "revenue": 94696,
            "revenue_4q": null,
            "common_shares": 1758713,
            "book_valuer_per_share": 10.45,
            "book_valuer_per_share_4q_avg": 12.33,
            "equity": 1837254,
            "current_ratio": 139.17,
            "debt_ratio": 70.15,
            "inventory_turnover_ratio": 0.02,
            "account_receivable_turnover_ratio": 1.19,
            "reinvestment_rate": -1.68,
            "research_to_sale_ratio": null,
            "price_fair": 109.76,
            "eps_avg_yearly": 3.14,
            "eps_latest_yearly": 0.04,
            "eps_growth_yearly": 379.58
        },
        "20153": {
            "year_quarter": 20153,
            "year": 2015,
            "quarter": 3,
            "eps": -0.01,
            "eps_growth_year": -102.08,
            "eps_4q": 0.96,
            "eps_4q_growth_year": -66.36,
            "roe": -0.09,
            "roe_4q": 8.98,
            "gross_profit": 49973,
            "gross_margin": 20.8,
            "gross_margin_4q_avg": 19.68,
            "net_income": -1666,
            "net_income_4q": null,
            "revenue": 240280,
            "revenue_4q": null,
            "common_shares": 1758713,
            "book_valuer_per_share": 10.44,
            "book_valuer_per_share_4q_avg": 12,
            "equity": 1835588,
            "current_ratio": 139.52,
            "debt_ratio": 70.22,
            "inventory_turnover_ratio": 0.04,
            "account_receivable_turnover_ratio": 2.98,
            "reinvestment_rate": -2.52,
            "research_to_sale_ratio": null,
            "price_fair": 109.76,
            "eps_avg_yearly": 3.14,
            "eps_latest_yearly": 0.04,
            "eps_growth_yearly": 379.58
        },
        "20154": {
            "year_quarter": 20154,
            "year": 2015,
            "quarter": 4,
            "eps": 0.67,
            "eps_growth_year": -61.96,
            "eps_4q": 0.13,
            "eps_4q_growth_year": -96.16,
            "roe": 6.19,
            "roe_4q": 1.3100000000000007,
            "gross_profit": 184992,
            "gross_margin": 37.49,
            "gross_margin_4q_avg": 21.7,
            "net_income": 117342,
            "net_income_4q": null,
            "revenue": 493498,
            "revenue_4q": null,
            "common_shares": 1758713,
            "book_valuer_per_share": 11.1,
            "book_valuer_per_share_4q_avg": 11.39,
            "equity": 1952930,
            "current_ratio": 152.58,
            "debt_ratio": 69.14,
            "inventory_turnover_ratio": 0.06,
            "account_receivable_turnover_ratio": 3.09,
            "reinvestment_rate": -4.4,
            "research_to_sale_ratio": null,
            "price_fair": 109.76,
            "eps_avg_yearly": 3.14,
            "eps_latest_yearly": 0.04,
            "eps_growth_yearly": 379.58
        },
        "20161": {
            "year_quarter": 20161,
            "year": 2016,
            "quarter": 1,
            "eps": -0.31,
            "eps_growth_year": -3200,
            "eps_4q": -0.19,
            "eps_4q_growth_year": -116.02,
            "roe": -2.82,
            "roe_4q": -1.5999999999999992,
            "gross_profit": 10082,
            "gross_margin": 16.95,
            "gross_margin_4q_avg": 20.74,
            "net_income": -54330,
            "net_income_4q": null,
            "revenue": 59487,
            "revenue_4q": null,
            "common_shares": 1758713,
            "book_valuer_per_share": 10.8,
            "book_valuer_per_share_4q_avg": 10.7,
            "equity": 1898600,
            "current_ratio": 163.89,
            "debt_ratio": 70.86,
            "inventory_turnover_ratio": 0.01,
            "account_receivable_turnover_ratio": 0.41,
            "reinvestment_rate": -4.89,
            "research_to_sale_ratio": null,
            "price_fair": 109.76,
            "eps_avg_yearly": 3.14,
            "eps_latest_yearly": 0.04,
            "eps_growth_yearly": 379.58
        },
        "20162": {
            "year_quarter": 20162,
            "year": 2016,
            "quarter": 2,
            "eps": -0.42,
            "eps_growth_year": null,
            "eps_4q": -0.07,
            "eps_4q_growth_year": -113.8,
            "roe": -4.02,
            "roe_4q": -0.7399999999999994,
            "gross_profit": -18831,
            "gross_margin": -34.71,
            "gross_margin_4q_avg": 10.13,
            "net_income": -74499,
            "net_income_4q": null,
            "revenue": 54254,
            "revenue_4q": null,
            "common_shares": 1758713,
            "book_valuer_per_share": 10.26,
            "book_valuer_per_share_4q_avg": 10.65,
            "equity": 1803829,
            "current_ratio": 165.16,
            "debt_ratio": 73.89,
            "inventory_turnover_ratio": 0.01,
            "account_receivable_turnover_ratio": 0.61,
            "reinvestment_rate": -4.59,
            "research_to_sale_ratio": null,
            "price_fair": 115.73,
            "eps_avg_yearly": 3.31,
            "eps_latest_yearly": 0.04,
            "eps_growth_yearly": 367.43
        },
        "20163": {
            "year_quarter": 20163,
            "year": 2016,
            "quarter": 3,
            "eps": 0.4,
            "eps_growth_year": null,
            "eps_4q": 0.33,
            "eps_4q_growth_year": -65.28,
            "roe": 3.81,
            "roe_4q": 3.160000000000001,
            "gross_profit": 136727,
            "gross_margin": 26.56,
            "gross_margin_4q_avg": 11.57,
            "net_income": 69910,
            "net_income_4q": null,
            "revenue": 514723,
            "revenue_4q": null,
            "common_shares": 1758713,
            "book_valuer_per_share": 10.64,
            "book_valuer_per_share_4q_avg": 10.7,
            "equity": 1864981,
            "current_ratio": 171.45,
            "debt_ratio": 74.86,
            "inventory_turnover_ratio": 0.07,
            "account_receivable_turnover_ratio": 2.29,
            "reinvestment_rate": -4.69,
            "research_to_sale_ratio": null,
            "price_fair": 122.85,
            "eps_avg_yearly": 3.51,
            "eps_latest_yearly": 0.04,
            "eps_growth_yearly": 410.86
        },
        "20164": {
            "year_quarter": 20164,
            "year": 2016,
            "quarter": 4,
            "eps": 0.43,
            "eps_growth_year": -34.96,
            "eps_4q": 0.1,
            "eps_4q_growth_year": -26.9,
            "roe": 3.98,
            "roe_4q": 0.9500000000000006,
            "gross_profit": 156813,
            "gross_margin": 23.56,
            "gross_margin_4q_avg": 8.09,
            "net_income": 75559,
            "net_income_4q": null,
            "revenue": 665506,
            "revenue_4q": null,
            "common_shares": 1758713,
            "book_valuer_per_share": 11.08,
            "book_valuer_per_share_4q_avg": 10.7,
            "equity": 1929845,
            "current_ratio": 184.55,
            "debt_ratio": 72.05,
            "inventory_turnover_ratio": 0.09,
            "account_receivable_turnover_ratio": 2.71,
            "reinvestment_rate": -3.03,
            "research_to_sale_ratio": null,
            "price_fair": 117.25,
            "eps_avg_yearly": 3.35,
            "eps_latest_yearly": 1.72,
            "eps_growth_yearly": 375.32
        },
        "20171": {
            "year_quarter": 20171,
            "year": 2017,
            "quarter": 1,
            "eps": -0.24,
            "eps_growth_year": null,
            "eps_4q": 0.17,
            "eps_4q_growth_year": null,
            "roe": -2.2,
            "roe_4q": 1.5700000000000003,
            "gross_profit": 20570,
            "gross_margin": 22.86,
            "gross_margin_4q_avg": 9.57,
            "net_income": -42030,
            "net_income_4q": null,
            "revenue": 89969,
            "revenue_4q": null,
            "common_shares": 1740163,
            "book_valuer_per_share": 10.84,
            "book_valuer_per_share_4q_avg": 10.71,
            "equity": 1886554,
            "current_ratio": 178.76,
            "debt_ratio": 73.33,
            "inventory_turnover_ratio": 0.01,
            "account_receivable_turnover_ratio": 0.96,
            "reinvestment_rate": 5.72,
            "research_to_sale_ratio": null,
            "price_fair": 115.8,
            "eps_avg_yearly": 3.31,
            "eps_latest_yearly": 1.72,
            "eps_growth_yearly": 416.75
        },
        "20172": {
            "year_quarter": 20172,
            "year": 2017,
            "quarter": 2,
            "eps": 0.14,
            "eps_growth_year": null,
            "eps_4q": 0.74,
            "eps_4q_growth_year": null,
            "roe": 1.31,
            "roe_4q": 6.9,
            "gross_profit": 117333,
            "gross_margin": 24.81,
            "gross_margin_4q_avg": 24.45,
            "net_income": 24687,
            "net_income_4q": null,
            "revenue": 472941,
            "revenue_4q": null,
            "common_shares": 1740163,
            "book_valuer_per_share": 10.89,
            "book_valuer_per_share_4q_avg": 10.86,
            "equity": 1895594,
            "current_ratio": 194.86,
            "debt_ratio": 73.91,
            "inventory_turnover_ratio": 0.07,
            "account_receivable_turnover_ratio": 3.26,
            "reinvestment_rate": 4.82,
            "research_to_sale_ratio": null,
            "price_fair": 131.6,
            "eps_avg_yearly": 3.76,
            "eps_latest_yearly": 1.72,
            "eps_growth_yearly": 541.89
        },
        "20173": {
            "year_quarter": 20173,
            "year": 2017,
            "quarter": 3,
            "eps": -0.15,
            "eps_growth_year": -137.5,
            "eps_4q": 0.21,
            "eps_4q_growth_year": -35.64,
            "roe": -1.41,
            "roe_4q": 1.6800000000000002,
            "gross_profit": 62739,
            "gross_margin": 22.3,
            "gross_margin_4q_avg": 23.38,
            "net_income": -25176,
            "net_income_4q": null,
            "revenue": 281320,
            "revenue_4q": null,
            "common_shares": 1540163,
            "book_valuer_per_share": 10.85,
            "book_valuer_per_share_4q_avg": 10.92,
            "equity": 1670418,
            "current_ratio": 180.08,
            "debt_ratio": 77.55,
            "inventory_turnover_ratio": 0.04,
            "account_receivable_turnover_ratio": 1.67,
            "reinvestment_rate": 2.09,
            "research_to_sale_ratio": null,
            "price_fair": 152.88,
            "eps_avg_yearly": 4.37,
            "eps_latest_yearly": 1.72,
            "eps_growth_yearly": 634.26
        },
        "20174": {
            "year_quarter": 20174,
            "year": 2017,
            "quarter": 4,
            "eps": 1.11,
            "eps_growth_year": 156.32,
            "eps_4q": 0.84,
            "eps_4q_growth_year": 775.02,
            "roe": 9.75,
            "roe_4q": 7.45,
            "gross_profit": 293650,
            "gross_margin": 33.58,
            "gross_margin_4q_avg": 25.89,
            "net_income": 171303,
            "net_income_4q": null,
            "revenue": 874605,
            "revenue_4q": null,
            "common_shares": 1540163,
            "book_valuer_per_share": 11.96,
            "book_valuer_per_share_4q_avg": 11.14,
            "equity": 1841721,
            "current_ratio": 173.98,
            "debt_ratio": 75.69,
            "inventory_turnover_ratio": 0.1,
            "account_receivable_turnover_ratio": 3.01,
            "reinvestment_rate": -2.89,
            "research_to_sale_ratio": null,
            "price_fair": 151.2,
            "eps_avg_yearly": 4.32,
            "eps_latest_yearly": 1.72,
            "eps_growth_yearly": 259.5
        },
        "20181": {
            "year_quarter": 20181,
            "year": 2018,
            "quarter": 1,
            "eps": -0.53,
            "eps_growth_year": null,
            "eps_4q": 0.58,
            "eps_4q_growth_year": 247.22,
            "roe": -4.55,
            "roe_4q": 5.1,
            "gross_profit": 25889,
            "gross_margin": 12.05,
            "gross_margin_4q_avg": 23.19,
            "net_income": -81877,
            "net_income_4q": null,
            "revenue": 214772,
            "revenue_4q": null,
            "common_shares": 1540163,
            "book_valuer_per_share": 11.43,
            "book_valuer_per_share_4q_avg": 11.28,
            "equity": 1759844,
            "current_ratio": 152.45,
            "debt_ratio": 75.48,
            "inventory_turnover_ratio": 0.03,
            "account_receivable_turnover_ratio": 0.54,
            "reinvestment_rate": -12.11,
            "research_to_sale_ratio": 0.29,
            "price_fair": 102.2,
            "eps_avg_yearly": 2.92,
            "eps_latest_yearly": 1.72,
            "eps_growth_yearly": 230.21
        },
        "20182": {
            "year_quarter": 20182,
            "year": 2018,
            "quarter": 2,
            "eps": -0.13,
            "eps_growth_year": -192.86,
            "eps_4q": 0.28,
            "eps_4q_growth_year": -61.49,
            "roe": -1.22,
            "roe_4q": 2.5700000000000003,
            "gross_profit": 80831,
            "gross_margin": 18.77,
            "gross_margin_4q_avg": 21.68,
            "net_income": -20576,
            "net_income_4q": null,
            "revenue": 430658,
            "revenue_4q": null,
            "common_shares": 1540163,
            "book_valuer_per_share": 10.54,
            "book_valuer_per_share_4q_avg": 11.2,
            "equity": 1624044,
            "current_ratio": 134.9,
            "debt_ratio": 79.63,
            "inventory_turnover_ratio": 0.06,
            "account_receivable_turnover_ratio": 2,
            "reinvestment_rate": -13.63,
            "research_to_sale_ratio": 0.12,
            "price_fair": 102.2,
            "eps_avg_yearly": 2.92,
            "eps_latest_yearly": 1.72,
            "eps_growth_yearly": 230.21
        },
        "20183": {
            "year_quarter": 20183,
            "year": 2018,
            "quarter": 3,
            "eps": 0.32,
            "eps_growth_year": null,
            "eps_4q": 0.76,
            "eps_4q_growth_year": 255.59,
            "roe": 2.95,
            "roe_4q": 6.930000000000001,
            "gross_profit": 99177,
            "gross_margin": 22.08,
            "gross_margin_4q_avg": 21.62,
            "net_income": 48637,
            "net_income_4q": null,
            "revenue": 449226,
            "revenue_4q": null,
            "common_shares": 1540163,
            "book_valuer_per_share": 10.86,
            "book_valuer_per_share_4q_avg": 11.2,
            "equity": 1672681,
            "current_ratio": 132.07,
            "debt_ratio": 78.69,
            "inventory_turnover_ratio": 0.06,
            "account_receivable_turnover_ratio": 3.36,
            "reinvestment_rate": -15.21,
            "research_to_sale_ratio": -0.14,
            "price_fair": 102.2,
            "eps_avg_yearly": 2.92,
            "eps_latest_yearly": 1.72,
            "eps_growth_yearly": 230.21
        },
        "20184": {
            "year_quarter": 20184,
            "year": 2018,
            "quarter": 4,
            "eps": 1.06,
            "eps_growth_year": -4.72,
            "eps_4q": 0.71,
            "eps_4q_growth_year": -15.05,
            "roe": 9.3,
            "roe_4q": 6.4799999999999995,
            "gross_profit": 343475,
            "gross_margin": 26.71,
            "gross_margin_4q_avg": 19.9,
            "net_income": 163216,
            "net_income_4q": null,
            "revenue": 1286085,
            "revenue_4q": null,
            "common_shares": 1540163,
            "book_valuer_per_share": 11.92,
            "book_valuer_per_share_4q_avg": 11.19,
            "equity": 1835897,
            "current_ratio": 137.89,
            "debt_ratio": 77.83,
            "inventory_turnover_ratio": 0.17,
            "account_receivable_turnover_ratio": 4.15,
            "reinvestment_rate": -22.53,
            "research_to_sale_ratio": 0,
            "price_fair": 70,
            "eps_avg_yearly": 2,
            "eps_latest_yearly": 4.24,
            "eps_growth_yearly": 185.76
        },
        "20191": {
            "year_quarter": 20191,
            "year": 2019,
            "quarter": 1,
            "eps": 0.28,
            "eps_growth_year": null,
            "eps_4q": 1.52,
            "eps_4q_growth_year": 163.07,
            "roe": 2.3,
            "roe_4q": 13.33,
            "gross_profit": 111543,
            "gross_margin": 24.09,
            "gross_margin_4q_avg": 22.91,
            "net_income": 42687,
            "net_income_4q": null,
            "revenue": 462979,
            "revenue_4q": null,
            "common_shares": 1540163,
            "book_valuer_per_share": 12.2,
            "book_valuer_per_share_4q_avg": 11.38,
            "equity": 1878584,
            "current_ratio": 141.42,
            "debt_ratio": 75.32,
            "inventory_turnover_ratio": 0.07,
            "account_receivable_turnover_ratio": 1.6,
            "reinvestment_rate": -27.03,
            "research_to_sale_ratio": 0,
            "price_fair": 82.6,
            "eps_avg_yearly": 2.36,
            "eps_latest_yearly": 1.12,
            "eps_growth_yearly": 220.22
        },
        "20192": {
            "year_quarter": 20192,
            "year": 2019,
            "quarter": 2,
            "eps": -0.21,
            "eps_growth_year": null,
            "eps_4q": 1.45,
            "eps_4q_growth_year": 410.12,
            "roe": -1.75,
            "roe_4q": 12.8,
            "gross_profit": 62783,
            "gross_margin": 25.66,
            "gross_margin_4q_avg": 24.64,
            "net_income": -31751,
            "net_income_4q": null,
            "revenue": 244687,
            "revenue_4q": null,
            "common_shares": 1540163,
            "book_valuer_per_share": 11.35,
            "book_valuer_per_share_4q_avg": 11.58,
            "equity": 1748373,
            "current_ratio": 143.39,
            "debt_ratio": 76.65,
            "inventory_turnover_ratio": 0.04,
            "account_receivable_turnover_ratio": 2.43,
            "reinvestment_rate": -20.75,
            "research_to_sale_ratio": 0,
            "price_fair": 82.6,
            "eps_avg_yearly": 2.36,
            "eps_latest_yearly": 1.12,
            "eps_growth_yearly": 220.22
        },
        "20193": {
            "year_quarter": 20193,
            "year": 2019,
            "quarter": 3,
            "eps": 0.51,
            "eps_growth_year": 59.38,
            "eps_4q": 1.64,
            "eps_4q_growth_year": 114.78,
            "roe": 4.37,
            "roe_4q": 14.22,
            "gross_profit": 123371,
            "gross_margin": 29.96,
            "gross_margin_4q_avg": 26.61,
            "net_income": 78192,
            "net_income_4q": null,
            "revenue": 411803,
            "revenue_4q": null,
            "common_shares": 1540163,
            "book_valuer_per_share": 11.86,
            "book_valuer_per_share_4q_avg": 11.83,
            "equity": 1826565,
            "current_ratio": 151.88,
            "debt_ratio": 76,
            "inventory_turnover_ratio": 0.06,
            "account_receivable_turnover_ratio": 4.55,
            "reinvestment_rate": -11.96,
            "research_to_sale_ratio": 0,
            "price_fair": 82.6,
            "eps_avg_yearly": 2.36,
            "eps_latest_yearly": 1.12,
            "eps_growth_yearly": 220.22
        },
        "20194": {
            "year_quarter": 20194,
            "year": 2019,
            "quarter": 4,
            "eps": 0.72,
            "eps_growth_year": -31.78,
            "eps_4q": 1.3,
            "eps_4q_growth_year": 83.25,
            "roe": 6.04,
            "roe_4q": 10.96,
            "gross_profit": 118570,
            "gross_margin": 23.56,
            "gross_margin_4q_avg": 25.82,
            "net_income": 111351,
            "net_income_4q": null,
            "revenue": 503341,
            "revenue_4q": null,
            "common_shares": 1540163,
            "book_valuer_per_share": 12.06,
            "book_valuer_per_share_4q_avg": 11.87,
            "equity": 1857916,
            "current_ratio": 149.14,
            "debt_ratio": 76.24,
            "inventory_turnover_ratio": 0.07,
            "account_receivable_turnover_ratio": 8.46,
            "reinvestment_rate": -10.34,
            "research_to_sale_ratio": 0,
            "price_fair": 87.15,
            "eps_avg_yearly": 2.49,
            "eps_latest_yearly": 2.88,
            "eps_growth_yearly": 206.34
        },
        "20201": {
            "year_quarter": 20201,
            "year": 2020,
            "quarter": 1,
            "eps": -1.84,
            "eps_growth_year": -757.14,
            "eps_4q": -0.82,
            "eps_4q_growth_year": -153.78,
            "roe": -17.03,
            "roe_4q": -8.370000000000001,
            "gross_profit": 140895,
            "gross_margin": 26.91,
            "gross_margin_4q_avg": 26.52,
            "net_income": -283623,
            "net_income_4q": null,
            "revenue": 523505,
            "revenue_4q": null,
            "common_shares": 1540163,
            "book_valuer_per_share": 9.57,
            "book_valuer_per_share_4q_avg": 11.21,
            "equity": 1473862,
            "current_ratio": 137.84,
            "debt_ratio": 81.95,
            "inventory_turnover_ratio": 0.07,
            "account_receivable_turnover_ratio": 7.97,
            "reinvestment_rate": -14.84,
            "research_to_sale_ratio": 0,
            "price_fair": 87.15,
            "eps_avg_yearly": 2.49,
            "eps_latest_yearly": 2.88,
            "eps_growth_yearly": 206.34
        },
        "20202": {
            "year_quarter": 20202,
            "year": 2020,
            "quarter": 2,
            "eps": 1.34,
            "eps_growth_year": null,
            "eps_4q": 0.73,
            "eps_4q_growth_year": -49.53,
            "roe": 13.1,
            "roe_4q": 6.479999999999999,
            "gross_profit": 162306,
            "gross_margin": 23.66,
            "gross_margin_4q_avg": 26.02,
            "net_income": 206531,
            "net_income_4q": null,
            "revenue": 685930,
            "revenue_4q": null,
            "common_shares": 1540163,
            "book_valuer_per_share": 10.91,
            "book_valuer_per_share_4q_avg": 11.1,
            "equity": 1680393,
            "current_ratio": 141.33,
            "debt_ratio": 81.86,
            "inventory_turnover_ratio": 0.09,
            "account_receivable_turnover_ratio": 6.38,
            "reinvestment_rate": -6.6,
            "research_to_sale_ratio": 0,
            "price_fair": 87.15,
            "eps_avg_yearly": 2.49,
            "eps_latest_yearly": 2.88,
            "eps_growth_yearly": 206.34
        },
        "20203": {
            "year_quarter": 20203,
            "year": 2020,
            "quarter": 3,
            "eps": 0.7,
            "eps_growth_year": 37.25,
            "eps_4q": 0.93,
            "eps_4q_growth_year": -43.53,
            "roe": 6.24,
            "roe_4q": 8.349999999999998,
            "gross_profit": 119564,
            "gross_margin": 22.46,
            "gross_margin_4q_avg": 24.15,
            "net_income": 108237,
            "net_income_4q": null,
            "revenue": 532376,
            "revenue_4q": null,
            "common_shares": 1540163,
            "book_valuer_per_share": 11.61,
            "book_valuer_per_share_4q_avg": 11.04,
            "equity": 1788630,
            "current_ratio": 139.49,
            "debt_ratio": 81.52,
            "inventory_turnover_ratio": 0.07,
            "account_receivable_turnover_ratio": 7.11,
            "reinvestment_rate": -6.1,
            "research_to_sale_ratio": 0,
            "price_fair": 89.32,
            "eps_avg_yearly": 2.55,
            "eps_latest_yearly": 2.8,
            "eps_growth_yearly": 126.86
        },
        "20204": {
            "year_quarter": 20204,
            "year": 2020,
            "quarter": 4,
            "eps": 2.15,
            "eps_growth_year": 197.66,
            "eps_4q": 2.35,
            "eps_4q_growth_year": 80.86,
            "roe": 16.96,
            "roe_4q": 19.270000000000003,
            "gross_profit": 255845,
            "gross_margin": 17.65,
            "gross_margin_4q_avg": 22.67,
            "net_income": 331445,
            "net_income_4q": null,
            "revenue": 1449378,
            "revenue_4q": null,
            "common_shares": 1540163,
            "book_valuer_per_share": 13.77,
            "book_valuer_per_share_4q_avg": 11.47,
            "equity": 2120075,
            "current_ratio": 144.74,
            "debt_ratio": 78.24,
            "inventory_turnover_ratio": 0.21,
            "account_receivable_turnover_ratio": 29.97,
            "reinvestment_rate": -4.08,
            "research_to_sale_ratio": 0,
            "price_fair": 137.48,
            "eps_avg_yearly": 3.93,
            "eps_latest_yearly": 8.6,
            "eps_growth_yearly": 286.58
        },
        "20211": {
            "year_quarter": 20211,
            "year": 2021,
            "quarter": 1,
            "eps": -0.17,
            "eps_growth_year": null,
            "eps_4q": 4.03,
            "eps_4q_growth_year": null,
            "roe": -1.31,
            "roe_4q": 34.99,
            "gross_profit": 80519,
            "gross_margin": 28.18,
            "gross_margin_4q_avg": 22.99,
            "net_income": -25544,
            "net_income_4q": null,
            "revenue": 285743,
            "revenue_4q": null,
            "common_shares": 1540163,
            "book_valuer_per_share": 11.6,
            "book_valuer_per_share_4q_avg": 11.97,
            "equity": 1786498,
            "current_ratio": 133.53,
            "debt_ratio": 82.62,
            "inventory_turnover_ratio": 0.04,
            "account_receivable_turnover_ratio": 3.77,
            "reinvestment_rate": -4.77,
            "research_to_sale_ratio": 0,
            "price_fair": 137.48,
            "eps_avg_yearly": 3.93,
            "eps_latest_yearly": 8.6,
            "eps_growth_yearly": 286.58
        },
        "20212": {
            "year_quarter": 20212,
            "year": 2021,
            "quarter": 2,
            "eps": 0.56,
            "eps_growth_year": -58.21,
            "eps_4q": 3.25,
            "eps_4q_growth_year": 345.05,
            "roe": 4.72,
            "roe_4q": 26.61,
            "gross_profit": 251611,
            "gross_margin": 19.06,
            "gross_margin_4q_avg": 21.84,
            "net_income": 86330,
            "net_income_4q": null,
            "revenue": 1320133,
            "revenue_4q": null,
            "common_shares": 1540163,
            "book_valuer_per_share": 12.16,
            "book_valuer_per_share_4q_avg": 12.29,
            "equity": 1872828,
            "current_ratio": 133,
            "debt_ratio": 82.3,
            "inventory_turnover_ratio": 0.18,
            "account_receivable_turnover_ratio": 2.7,
            "reinvestment_rate": -2.84,
            "research_to_sale_ratio": 0,
            "price_fair": 137.48,
            "eps_avg_yearly": 3.93,
            "eps_latest_yearly": 8.6,
            "eps_growth_yearly": 286.58
        },
        "20213": {
            "year_quarter": 20213,
            "year": 2021,
            "quarter": 3,
            "eps": -1.68,
            "eps_growth_year": -340,
            "eps_4q": 0.87,
            "eps_4q_growth_year": -6.11,
            "roe": -14.83,
            "roe_4q": 5.540000000000001,
            "gross_profit": 81925,
            "gross_margin": 30.48,
            "gross_margin_4q_avg": 23.84,
            "net_income": -258441,
            "net_income_4q": null,
            "revenue": 268776,
            "revenue_4q": null,
            "common_shares": 1540163,
            "book_valuer_per_share": 10.48,
            "book_valuer_per_share_4q_avg": 12,
            "equity": 1613686,
            "current_ratio": 134.08,
            "debt_ratio": 83.18,
            "inventory_turnover_ratio": 0.03,
            "account_receivable_turnover_ratio": 0.57,
            "reinvestment_rate": -1.26,
            "research_to_sale_ratio": null,
            "price_fair": 137.48,
            "eps_avg_yearly": 3.93,
            "eps_latest_yearly": 8.6,
            "eps_growth_yearly": 286.58
        },
        "20214": {
            "year_quarter": 20214,
            "year": 2021,
            "quarter": 4,
            "eps": 1.72,
            "eps_growth_year": -19.9,
            "eps_4q": 0.44,
            "eps_4q_growth_year": -81.3,
            "roe": 15.2,
            "roe_4q": 3.779999999999999,
            "gross_profit": 286673,
            "gross_margin": 21.87,
            "gross_margin_4q_avg": 24.9,
            "net_income": 265477,
            "net_income_4q": null,
            "revenue": 1311068,
            "revenue_4q": null,
            "common_shares": 1540163,
            "book_valuer_per_share": 12.2,
            "book_valuer_per_share_4q_avg": 11.61,
            "equity": 1879118,
            "current_ratio": 135.53,
            "debt_ratio": 82.38,
            "inventory_turnover_ratio": 0.19,
            "account_receivable_turnover_ratio": 2.95,
            "reinvestment_rate": 2.25,
            "research_to_sale_ratio": null,
            "price_fair": 137.48,
            "eps_avg_yearly": 3.93,
            "eps_latest_yearly": 8.6,
            "eps_growth_yearly": 286.58
        },
        "20221": {
            "year_quarter": 20221,
            "year": 2022,
            "quarter": 1,
            "eps": -1.89,
            "eps_growth_year": null,
            "eps_4q": -1.28,
            "eps_4q_growth_year": -131.83,
            "roe": -16.97,
            "roe_4q": -11.880000000000003,
            "gross_profit": 13678,
            "gross_margin": 26.57,
            "gross_margin_4q_avg": 24.5,
            "net_income": -290928,
            "net_income_4q": null,
            "revenue": 51479,
            "revenue_4q": null,
            "common_shares": 1540163,
            "book_valuer_per_share": 10.06,
            "book_valuer_per_share_4q_avg": 11.23,
            "equity": 1549772,
            "current_ratio": 131.4,
            "debt_ratio": 84.9,
            "inventory_turnover_ratio": 0.01,
            "account_receivable_turnover_ratio": 0.1,
            "reinvestment_rate": 3.18,
            "research_to_sale_ratio": null,
            "price_fair": 137.48,
            "eps_avg_yearly": 3.93,
            "eps_latest_yearly": 8.6,
            "eps_growth_yearly": 286.58
        },
        "20222": {
            "year_quarter": 20222,
            "year": 2022,
            "quarter": 2,
            "eps": -2.97,
            "eps_growth_year": -630.36,
            "eps_4q": -4.81,
            "eps_4q_growth_year": -248.07,
            "roe": -34.6,
            "roe_4q": -51.2,
            "gross_profit": 64272,
            "gross_margin": 28.27,
            "gross_margin_4q_avg": 26.8,
            "net_income": -457158,
            "net_income_4q": null,
            "revenue": 227386,
            "revenue_4q": null,
            "common_shares": 1540163,
            "book_valuer_per_share": 7.09,
            "book_valuer_per_share_4q_avg": 9.96,
            "equity": 1092667,
            "current_ratio": 119.73,
            "debt_ratio": 88.1,
            "inventory_turnover_ratio": 0.03,
            "account_receivable_turnover_ratio": 1.3,
            "reinvestment_rate": 11.43,
            "research_to_sale_ratio": null,
            "price_fair": 137.48,
            "eps_avg_yearly": 3.93,
            "eps_latest_yearly": 8.6,
            "eps_growth_yearly": 286.58
        },
        "20223": {
            "year_quarter": 20223,
            "year": 2022,
            "quarter": 3,
            "eps": -0.73,
            "eps_growth_year": null,
            "eps_4q": -3.87,
            "eps_4q_growth_year": -544.95,
            "roe": -10.87,
            "roe_4q": -47.239999999999995,
            "gross_profit": 26870,
            "gross_margin": 27.41,
            "gross_margin_4q_avg": 26.03,
            "net_income": -112686,
            "net_income_4q": null,
            "revenue": 98029,
            "revenue_4q": null,
            "common_shares": 1540163,
            "book_valuer_per_share": 6.36,
            "book_valuer_per_share_4q_avg": 8.93,
            "equity": 980113,
            "current_ratio": 118.18,
            "debt_ratio": 89.1,
            "inventory_turnover_ratio": 0.01,
            "account_receivable_turnover_ratio": 1.22,
            "reinvestment_rate": null,
            "research_to_sale_ratio": null,
            "price_fair": 137.48,
            "eps_avg_yearly": 3.93,
            "eps_latest_yearly": 8.6,
            "eps_growth_yearly": 286.58
        },
        "20224": {
            "year_quarter": 20224,
            "year": 2022,
            "quarter": 4,
            "eps": -0.76,
            "eps_growth_year": -144.03,
            "eps_4q": -6.35,
            "eps_4q_growth_year": -1541.51,
            "roe": -12.68,
            "roe_4q": -75.12,
            "gross_profit": 49369,
            "gross_margin": 24.55,
            "gross_margin_4q_avg": 26.7,
            "net_income": -116887,
            "net_income_4q": null,
            "revenue": 201128,
            "revenue_4q": null,
            "common_shares": 1540163,
            "book_valuer_per_share": 5.61,
            "book_valuer_per_share_4q_avg": 7.28,
            "equity": 863263,
            "current_ratio": 109.95,
            "debt_ratio": 91.09,
            "inventory_turnover_ratio": 0.02,
            "account_receivable_turnover_ratio": 4.32,
            "reinvestment_rate": null,
            "research_to_sale_ratio": null,
            "price_fair": 134.75,
            "eps_avg_yearly": 3.85,
            "eps_latest_yearly": 8.6,
            "eps_growth_yearly": 126.97
        },
        "20231": {
            "year_quarter": 20231,
            "year": 2023,
            "quarter": 1,
            "eps": 0.03,
            "eps_growth_year": null,
            "eps_4q": -4.43,
            "eps_4q_growth_year": null,
            "roe": 0.47,
            "roe_4q": -57.68,
            "gross_profit": 10256,
            "gross_margin": 47.6,
            "gross_margin_4q_avg": 31.96,
            "net_income": 4048,
            "net_income_4q": null,
            "revenue": 21545,
            "revenue_4q": null,
            "common_shares": 1540163,
            "book_valuer_per_share": 5.63,
            "book_valuer_per_share_4q_avg": 6.17,
            "equity": 867308,
            "current_ratio": 104.74,
            "debt_ratio": 91.11,
            "inventory_turnover_ratio": 0,
            "account_receivable_turnover_ratio": 0.51,
            "reinvestment_rate": null,
            "research_to_sale_ratio": null,
            "price_fair": 166.6,
            "eps_avg_yearly": 4.76,
            "eps_latest_yearly": 8.6,
            "eps_growth_yearly": 267.41
        },
        "20232": {
            "year_quarter": 20232,
            "year": 2023,
            "quarter": 2,
            "eps": 1.5,
            "eps_growth_year": null,
            "eps_4q": -0.9,
            "eps_4q_growth_year": null,
            "roe": 15.02,
            "roe_4q": -8.059999999999999,
            "gross_profit": 211364,
            "gross_margin": 24.71,
            "gross_margin_4q_avg": 31.07,
            "net_income": 140797,
            "net_income_4q": null,
            "revenue": 855455,
            "revenue_4q": null,
            "common_shares": 940163,
            "book_valuer_per_share": 10.72,
            "book_valuer_per_share_4q_avg": 7.08,
            "equity": 1008114,
            "current_ratio": 107.99,
            "debt_ratio": 89.97,
            "inventory_turnover_ratio": 0.09,
            "account_receivable_turnover_ratio": 2.56,
            "reinvestment_rate": null,
            "research_to_sale_ratio": null,
            "price_fair": 177.45,
            "eps_avg_yearly": 5.07,
            "eps_latest_yearly": 6,
            "eps_growth_yearly": 5100.56
        },
        "20233": {
            "year_quarter": 20233,
            "year": 2023,
            "quarter": 3,
            "eps": 0.44,
            "eps_growth_year": null,
            "eps_4q": 0.74,
            "eps_4q_growth_year": null,
            "roe": 4.04,
            "roe_4q": 6.849999999999998,
            "gross_profit": 172983,
            "gross_margin": 18.17,
            "gross_margin_4q_avg": 28.76,
            "net_income": 41535,
            "net_income_4q": null,
            "revenue": 952223,
            "revenue_4q": null,
            "common_shares": 940163,
            "book_valuer_per_share": 11.17,
            "book_valuer_per_share_4q_avg": 8.28,
            "equity": 1050081,
            "current_ratio": 108.75,
            "debt_ratio": 89.21,
            "inventory_turnover_ratio": 0.11,
            "account_receivable_turnover_ratio": 1.81,
            "reinvestment_rate": null,
            "research_to_sale_ratio": null,
            "price_fair": 154.28,
            "eps_avg_yearly": 4.41,
            "eps_latest_yearly": 1.76,
            "eps_growth_yearly": 4023.91
        },
        "20234": {
            "year_quarter": 20234,
            "year": 2023,
            "quarter": 4,
            "eps": 0.06,
            "eps_growth_year": null,
            "eps_4q": 1.62,
            "eps_4q_growth_year": null,
            "roe": 0.53,
            "roe_4q": 20.06,
            "gross_profit": 158909,
            "gross_margin": 20.61,
            "gross_margin_4q_avg": 27.77,
            "net_income": 6732,
            "net_income_4q": null,
            "revenue": 771207,
            "revenue_4q": null,
            "common_shares": 1190163,
            "book_valuer_per_share": 12.51,
            "book_valuer_per_share_4q_avg": 10.01,
            "equity": 1489218,
            "current_ratio": 114.88,
            "debt_ratio": 85.52,
            "inventory_turnover_ratio": 0.09,
            "account_receivable_turnover_ratio": 1.73,
            "reinvestment_rate": null,
            "research_to_sale_ratio": null,
            "price_fair": 135.8,
            "eps_avg_yearly": 3.88,
            "eps_latest_yearly": 0.24,
            "eps_growth_yearly": 3921.88
        }
    },
    "months": {
        "2003-02": {
            "month": "2003-02",
            "price": "12.60",
            "revenue": 306348
        },
        "2003-03": {
            "month": "2003-03",
            "price": "10.86",
            "revenue": 479047
        },
        "2003-04": {
            "month": "2003-04",
            "price": "10.31",
            "revenue": 460752
        },
        "2003-05": {
            "month": "2003-05",
            "price": "9.72",
            "revenue": 368735
        },
        "2003-06": {
            "month": "2003-06",
            "price": "10.05",
            "revenue": 433265
        },
        "2003-07": {
            "month": "2003-07",
            "price": "11.60",
            "revenue": 313309
        },
        "2003-08": {
            "month": "2003-08",
            "price": "9.18",
            "revenue": 526774
        },
        "2003-09": {
            "month": "2003-09",
            "price": "7.48",
            "revenue": 334924
        },
        "2003-10": {
            "month": "2003-10",
            "price": "6.53",
            "revenue": 376767
        },
        "2003-11": {
            "month": "2003-11",
            "price": "6.62",
            "revenue": 328034
        },
        "2003-12": {
            "month": "2003-12",
            "price": "7.71",
            "revenue": 351276
        },
        "2004-01": {
            "month": "2004-01",
            "price": "7.36",
            "revenue": 314532
        },
        "2004-02": {
            "month": "2004-02",
            "price": "8.06",
            "revenue": 344888
        },
        "2004-03": {
            "month": "2004-03",
            "price": "7.67",
            "revenue": 519355
        },
        "2004-04": {
            "month": "2004-04",
            "price": "9.63",
            "revenue": 463606
        },
        "2004-05": {
            "month": "2004-05",
            "price": "8.95",
            "revenue": 403319
        },
        "2004-06": {
            "month": "2004-06",
            "price": "7.81",
            "revenue": 402770
        },
        "2004-07": {
            "month": "2004-07",
            "price": "6.59",
            "revenue": 197184
        },
        "2004-08": {
            "month": "2004-08",
            "price": "5.29",
            "revenue": 179207
        },
        "2004-09": {
            "month": "2004-09",
            "price": "4.95",
            "revenue": 144437
        },
        "2004-10": {
            "month": "2004-10",
            "price": "4.69",
            "revenue": 160528
        },
        "2004-11": {
            "month": "2004-11",
            "price": "3.78",
            "revenue": 210736
        },
        "2004-12": {
            "month": "2004-12",
            "price": "3.14",
            "revenue": 217168
        },
        "2005-01": {
            "month": "2005-01",
            "price": "3.26",
            "revenue": 84069
        },
        "2005-02": {
            "month": "2005-02",
            "price": "2.77",
            "revenue": 64245
        },
        "2005-03": {
            "month": "2005-03",
            "price": "2.83",
            "revenue": 106144
        },
        "2005-04": {
            "month": "2005-04",
            "price": "2.57",
            "revenue": 97445
        },
        "2005-05": {
            "month": "2005-05",
            "price": "2.55",
            "revenue": 184421
        },
        "2005-06": {
            "month": "2005-06",
            "price": "2.70",
            "revenue": 60301
        },
        "2005-07": {
            "month": "2005-07",
            "price": "2.91",
            "revenue": 66074
        },
        "2005-08": {
            "month": "2005-08",
            "price": "2.83",
            "revenue": 77785
        },
        "2005-09": {
            "month": "2005-09",
            "price": "3.66",
            "revenue": 64805
        },
        "2005-10": {
            "month": "2005-10",
            "price": "3.50",
            "revenue": 40949
        },
        "2005-11": {
            "month": "2005-11",
            "price": "3.50",
            "revenue": 73408
        },
        "2005-12": {
            "month": "2005-12",
            "price": "3.42",
            "revenue": 53711
        },
        "2006-01": {
            "month": "2006-01",
            "price": "3.34",
            "revenue": 32102
        },
        "2006-02": {
            "month": "2006-02",
            "price": "5.37",
            "revenue": 68767
        },
        "2006-03": {
            "month": "2006-03",
            "price": "5.17",
            "revenue": 131492
        },
        "2006-04": {
            "month": "2006-04",
            "price": "9.44",
            "revenue": 166435
        },
        "2006-05": {
            "month": "2006-05",
            "price": "6.64",
            "revenue": 80885
        },
        "2006-06": {
            "month": "2006-06",
            "price": "4.50",
            "revenue": 120195
        },
        "2006-07": {
            "month": "2006-07",
            "price": "4.09",
            "revenue": 74961
        },
        "2006-08": {
            "month": "2006-08",
            "price": "5.19",
            "revenue": 101347
        },
        "2006-09": {
            "month": "2006-09",
            "price": "4.50",
            "revenue": 80840
        },
        "2006-10": {
            "month": "2006-10",
            "price": "6.34",
            "revenue": 94327
        },
        "2006-11": {
            "month": "2006-11",
            "price": "8.61",
            "revenue": 61845
        },
        "2006-12": {
            "month": "2006-12",
            "price": "9.66",
            "revenue": 79239
        },
        "2007-01": {
            "month": "2007-01",
            "price": "8.13",
            "revenue": 79365
        },
        "2007-02": {
            "month": "2007-02",
            "price": "8.01",
            "revenue": 31450
        },
        "2007-03": {
            "month": "2007-03",
            "price": "8.22",
            "revenue": 46985
        },
        "2007-04": {
            "month": "2007-04",
            "price": "9.01",
            "revenue": 28608
        },
        "2007-05": {
            "month": "2007-05",
            "price": "12.39",
            "revenue": 36677
        },
        "2007-06": {
            "month": "2007-06",
            "price": "12.87",
            "revenue": 14681
        },
        "2007-07": {
            "month": "2007-07",
            "price": "16.55",
            "revenue": 17474
        },
        "2007-08": {
            "month": "2007-08",
            "price": "12.96",
            "revenue": 9635
        },
        "2007-09": {
            "month": "2007-09",
            "price": "11.29",
            "revenue": 16537
        },
        "2007-10": {
            "month": "2007-10",
            "price": "7.55",
            "revenue": 23065
        },
        "2007-11": {
            "month": "2007-11",
            "price": "6.79",
            "revenue": 18231
        },
        "2007-12": {
            "month": "2007-12",
            "price": "6.34",
            "revenue": 12661
        },
        "2008-01": {
            "month": "2008-01",
            "price": "5.43",
            "revenue": 30568
        },
        "2008-02": {
            "month": "2008-02",
            "price": "5.22",
            "revenue": 8241
        },
        "2008-03": {
            "month": "2008-03",
            "price": "5.46",
            "revenue": 18274
        },
        "2008-04": {
            "month": "2008-04",
            "price": "5.19",
            "revenue": 12110
        },
        "2008-05": {
            "month": "2008-05",
            "price": "6.35",
            "revenue": 44282
        },
        "2008-06": {
            "month": "2008-06",
            "price": "6.33",
            "revenue": 18221
        },
        "2008-07": {
            "month": "2008-07",
            "price": "5.19",
            "revenue": 22441
        },
        "2008-08": {
            "month": "2008-08",
            "price": "4.54",
            "revenue": 20627
        },
        "2008-09": {
            "month": "2008-09",
            "price": "3.90",
            "revenue": 19031
        },
        "2008-10": {
            "month": "2008-10",
            "price": "4.81",
            "revenue": 16178
        },
        "2008-11": {
            "month": "2008-11",
            "price": "2.56",
            "revenue": 12676
        },
        "2008-12": {
            "month": "2008-12",
            "price": "2.30",
            "revenue": 16116
        },
        "2009-01": {
            "month": "2009-01",
            "price": "2.27",
            "revenue": 13032
        },
        "2009-02": {
            "month": "2009-02",
            "price": "2.27",
            "revenue": 5039
        },
        "2009-03": {
            "month": "2009-03",
            "price": "3.04",
            "revenue": 27075
        },
        "2009-04": {
            "month": "2009-04",
            "price": "3.56",
            "revenue": 22804
        },
        "2009-05": {
            "month": "2009-05",
            "price": "2.55",
            "revenue": 15810
        },
        "2009-06": {
            "month": "2009-06",
            "price": "2.28",
            "revenue": 12412
        },
        "2009-07": {
            "month": "2009-07",
            "price": "2.79",
            "revenue": 24706
        },
        "2009-08": {
            "month": "2009-08",
            "price": "2.30",
            "revenue": 27056
        },
        "2009-09": {
            "month": "2009-09",
            "price": "7.87",
            "revenue": 17607
        },
        "2009-10": {
            "month": "2009-10",
            "price": "7.84",
            "revenue": 17040
        },
        "2009-11": {
            "month": "2009-11",
            "price": "10.95",
            "revenue": 20199
        },
        "2009-12": {
            "month": "2009-12",
            "price": "13.16",
            "revenue": 27350
        },
        "2010-01": {
            "month": "2010-01",
            "price": "16.08",
            "revenue": 12482
        },
        "2010-02": {
            "month": "2010-02",
            "price": "17.21",
            "revenue": 178248
        },
        "2010-03": {
            "month": "2010-03",
            "price": "22.53",
            "revenue": 609924
        },
        "2010-04": {
            "month": "2010-04",
            "price": "29.38",
            "revenue": 82597
        },
        "2010-05": {
            "month": "2010-05",
            "price": "26.83",
            "revenue": 96128
        },
        "2010-06": {
            "month": "2010-06",
            "price": "25.75",
            "revenue": 46765
        },
        "2010-07": {
            "month": "2010-07",
            "price": "25.33",
            "revenue": 27254
        },
        "2010-08": {
            "month": "2010-08",
            "price": "23.21",
            "revenue": 35867
        },
        "2010-09": {
            "month": "2010-09",
            "price": "24.12",
            "revenue": 44966
        },
        "2010-10": {
            "month": "2010-10",
            "price": "24.21",
            "revenue": 28390
        },
        "2010-11": {
            "month": "2010-11",
            "price": "23.04",
            "revenue": 27434
        },
        "2010-12": {
            "month": "2010-12",
            "price": "22.31",
            "revenue": 2268901
        },
        "2011-01": {
            "month": "2011-01",
            "price": "22.29",
            "revenue": 18951
        },
        "2011-02": {
            "month": "2011-02",
            "price": "21.57",
            "revenue": 53631
        },
        "2011-03": {
            "month": "2011-03",
            "price": "19.55",
            "revenue": 23357
        },
        "2011-04": {
            "month": "2011-04",
            "price": "16.45",
            "revenue": 26615
        },
        "2011-05": {
            "month": "2011-05",
            "price": "14.15",
            "revenue": 27920
        },
        "2011-06": {
            "month": "2011-06",
            "price": "17.71",
            "revenue": 393026
        },
        "2011-07": {
            "month": "2011-07",
            "price": "19.69",
            "revenue": 13570
        },
        "2011-08": {
            "month": "2011-08",
            "price": "19.31",
            "revenue": 14646
        },
        "2011-09": {
            "month": "2011-09",
            "price": "18.82",
            "revenue": 23020
        },
        "2011-10": {
            "month": "2011-10",
            "price": "16.56",
            "revenue": 27135
        },
        "2011-11": {
            "month": "2011-11",
            "price": "15.76",
            "revenue": 31651
        },
        "2011-12": {
            "month": "2011-12",
            "price": "14.82",
            "revenue": 22476
        },
        "2012-01": {
            "month": "2012-01",
            "price": "19.29",
            "revenue": 9245
        },
        "2012-02": {
            "month": "2012-02",
            "price": "20.10",
            "revenue": 368994
        },
        "2012-03": {
            "month": "2012-03",
            "price": "20.85",
            "revenue": 66827
        },
        "2012-04": {
            "month": "2012-04",
            "price": "20.19",
            "revenue": 15636
        },
        "2012-05": {
            "month": "2012-05",
            "price": "20.05",
            "revenue": 579987
        },
        "2012-06": {
            "month": "2012-06",
            "price": "19.98",
            "revenue": 19067
        },
        "2012-07": {
            "month": "2012-07",
            "price": "19.41",
            "revenue": 29477
        },
        "2012-08": {
            "month": "2012-08",
            "price": "15.92",
            "revenue": 16961
        },
        "2012-09": {
            "month": "2012-09",
            "price": "15.01",
            "revenue": 369315
        },
        "2012-10": {
            "month": "2012-10",
            "price": "17.46",
            "revenue": 24986
        },
        "2012-11": {
            "month": "2012-11",
            "price": "18.58",
            "revenue": 588510
        },
        "2012-12": {
            "month": "2012-12",
            "price": "23.39",
            "revenue": 197806
        },
        "2013-01": {
            "month": "2013-01",
            "price": "20.49",
            "revenue": 13521
        },
        "2013-02": {
            "month": "2013-02",
            "price": "17.67",
            "revenue": 7240
        },
        "2013-03": {
            "month": "2013-03",
            "price": "17.76",
            "revenue": 466651
        },
        "2013-04": {
            "month": "2013-04",
            "price": "18.06",
            "revenue": 2265
        },
        "2013-05": {
            "month": "2013-05",
            "price": "18.88",
            "revenue": 101397
        },
        "2013-06": {
            "month": "2013-06",
            "price": "18.51",
            "revenue": 141331
        },
        "2013-07": {
            "month": "2013-07",
            "price": "17.95",
            "revenue": 7933
        },
        "2013-08": {
            "month": "2013-08",
            "price": "18.08",
            "revenue": 229674
        },
        "2013-09": {
            "month": "2013-09",
            "price": "18.15",
            "revenue": 7592
        },
        "2013-10": {
            "month": "2013-10",
            "price": "18.90",
            "revenue": 60833
        },
        "2013-11": {
            "month": "2013-11",
            "price": "20.14",
            "revenue": 179977
        },
        "2013-12": {
            "month": "2013-12",
            "price": "21.32",
            "revenue": 679193
        },
        "2014-01": {
            "month": "2014-01",
            "price": "20.04",
            "revenue": 16482
        },
        "2014-02": {
            "month": "2014-02",
            "price": "19.65",
            "revenue": 49246
        },
        "2014-03": {
            "month": "2014-03",
            "price": "20.13",
            "revenue": 715634
        },
        "2014-04": {
            "month": "2014-04",
            "price": "20.98",
            "revenue": 151923
        },
        "2014-05": {
            "month": "2014-05",
            "price": "20.50",
            "revenue": 19659
        },
        "2014-06": {
            "month": "2014-06",
            "price": "19.36",
            "revenue": 21541
        },
        "2014-07": {
            "month": "2014-07",
            "price": "16.45",
            "revenue": 639
        },
        "2014-08": {
            "month": "2014-08",
            "price": "18.58",
            "revenue": 25889
        },
        "2014-09": {
            "month": "2014-09",
            "price": "18.46",
            "revenue": 25190
        },
        "2014-10": {
            "month": "2014-10",
            "price": "17.49",
            "revenue": 23603
        },
        "2014-11": {
            "month": "2014-11",
            "price": "16.63",
            "revenue": 18878
        },
        "2014-12": {
            "month": "2014-12",
            "price": "17.99",
            "revenue": 1212318
        },
        "2015-01": {
            "month": "2015-01",
            "price": "17.62",
            "revenue": 167216
        },
        "2015-02": {
            "month": "2015-02",
            "price": "17.68",
            "revenue": 128622
        },
        "2015-03": {
            "month": "2015-03",
            "price": "18.28",
            "revenue": 92613
        },
        "2015-04": {
            "month": "2015-04",
            "price": "18.56",
            "revenue": 24324
        },
        "2015-05": {
            "month": "2015-05",
            "price": "18.06",
            "revenue": 58672
        },
        "2015-06": {
            "month": "2015-06",
            "price": "13.45",
            "revenue": 11702
        },
        "2015-07": {
            "month": "2015-07",
            "price": "10.89",
            "revenue": 22734
        },
        "2015-08": {
            "month": "2015-08",
            "price": "11.48",
            "revenue": 28770
        },
        "2015-09": {
            "month": "2015-09",
            "price": "12.80",
            "revenue": 188776
        },
        "2015-10": {
            "month": "2015-10",
            "price": "12.32",
            "revenue": 76020
        },
        "2015-11": {
            "month": "2015-11",
            "price": "12.03",
            "revenue": 36921
        },
        "2015-12": {
            "month": "2015-12",
            "price": "11.85",
            "revenue": 380557
        },
        "2016-01": {
            "month": "2016-01",
            "price": "11.60",
            "revenue": 5058
        },
        "2016-02": {
            "month": "2016-02",
            "price": "11.70",
            "revenue": 26090
        },
        "2016-03": {
            "month": "2016-03",
            "price": "11.52",
            "revenue": 28339
        },
        "2016-04": {
            "month": "2016-04",
            "price": "11.33",
            "revenue": 16041
        },
        "2016-05": {
            "month": "2016-05",
            "price": "11.22",
            "revenue": 8130
        },
        "2016-06": {
            "month": "2016-06",
            "price": "11.02",
            "revenue": 30083
        },
        "2016-07": {
            "month": "2016-07",
            "price": "11.06",
            "revenue": 20768
        },
        "2016-08": {
            "month": "2016-08",
            "price": "11.02",
            "revenue": 225881
        },
        "2016-09": {
            "month": "2016-09",
            "price": "10.99",
            "revenue": 268262
        },
        "2016-10": {
            "month": "2016-10",
            "price": "10.99",
            "revenue": 118202
        },
        "2016-11": {
            "month": "2016-11",
            "price": "10.99",
            "revenue": 328682
        },
        "2016-12": {
            "month": "2016-12",
            "price": "10.96",
            "revenue": 218728
        },
        "2017-01": {
            "month": "2017-01",
            "price": "10.97",
            "revenue": 5388
        },
        "2017-02": {
            "month": "2017-02",
            "price": "11.00",
            "revenue": 28029
        },
        "2017-03": {
            "month": "2017-03",
            "price": "10.93",
            "revenue": 56553
        },
        "2017-04": {
            "month": "2017-04",
            "price": "10.82",
            "revenue": 22026
        },
        "2017-05": {
            "month": "2017-05",
            "price": "10.45",
            "revenue": 270698
        },
        "2017-06": {
            "month": "2017-06",
            "price": "10.37",
            "revenue": 180217
        },
        "2017-07": {
            "month": "2017-07",
            "price": "10.41",
            "revenue": 134256
        },
        "2017-08": {
            "month": "2017-08",
            "price": "10.18",
            "revenue": 87023
        },
        "2017-09": {
            "month": "2017-09",
            "price": "10.22",
            "revenue": 60041
        },
        "2017-10": {
            "month": "2017-10",
            "price": "10.68",
            "revenue": 24409
        },
        "2017-11": {
            "month": "2017-11",
            "price": "10.43",
            "revenue": 108701
        },
        "2017-12": {
            "month": "2017-12",
            "price": "10.39",
            "revenue": 741495
        },
        "2018-01": {
            "month": "2018-01",
            "price": "10.65",
            "revenue": 40431
        },
        "2018-02": {
            "month": "2018-02",
            "price": "10.78",
            "revenue": 92634
        },
        "2018-03": {
            "month": "2018-03",
            "price": "11.46",
            "revenue": 81708
        },
        "2018-04": {
            "month": "2018-04",
            "price": "12.95",
            "revenue": 117821
        },
        "2018-05": {
            "month": "2018-05",
            "price": "12.28",
            "revenue": 187756
        },
        "2018-06": {
            "month": "2018-06",
            "price": "11.06",
            "revenue": 125080
        },
        "2018-07": {
            "month": "2018-07",
            "price": "10.83",
            "revenue": 116191
        },
        "2018-08": {
            "month": "2018-08",
            "price": "10.96",
            "revenue": 76125
        },
        "2018-09": {
            "month": "2018-09",
            "price": "10.56",
            "revenue": 256910
        },
        "2018-10": {
            "month": "2018-10",
            "price": "11.48",
            "revenue": 83217
        },
        "2018-11": {
            "month": "2018-11",
            "price": "12.04",
            "revenue": 151407
        },
        "2018-12": {
            "month": "2018-12",
            "price": "12.83",
            "revenue": 1051461
        },
        "2019-01": {
            "month": "2019-01",
            "price": "12.68",
            "revenue": 69787
        },
        "2019-02": {
            "month": "2019-02",
            "price": "14.33",
            "revenue": 23514
        },
        "2019-03": {
            "month": "2019-03",
            "price": "15.28",
            "revenue": 369678
        },
        "2019-04": {
            "month": "2019-04",
            "price": "17.31",
            "revenue": 68692
        },
        "2019-05": {
            "month": "2019-05",
            "price": "15.61",
            "revenue": 71366
        },
        "2019-06": {
            "month": "2019-06",
            "price": "13.68",
            "revenue": 104629
        },
        "2019-07": {
            "month": "2019-07",
            "price": "14.90",
            "revenue": 141770
        },
        "2019-08": {
            "month": "2019-08",
            "price": "12.36",
            "revenue": 96033
        },
        "2019-09": {
            "month": "2019-09",
            "price": "13.81",
            "revenue": 139914
        },
        "2019-10": {
            "month": "2019-10",
            "price": "14.73",
            "revenue": 149086
        },
        "2019-11": {
            "month": "2019-11",
            "price": "16.86",
            "revenue": 95140
        },
        "2019-12": {
            "month": "2019-12",
            "price": "15.56",
            "revenue": 259115
        },
        "2020-01": {
            "month": "2020-01",
            "price": "16.38",
            "revenue": 141732
        },
        "2020-02": {
            "month": "2020-02",
            "price": "16.12",
            "revenue": 129077
        },
        "2020-03": {
            "month": "2020-03",
            "price": "14.02",
            "revenue": 252696
        },
        "2020-04": {
            "month": "2020-04",
            "price": "15.34",
            "revenue": 124474
        },
        "2020-05": {
            "month": "2020-05",
            "price": "14.56",
            "revenue": 103336
        },
        "2020-06": {
            "month": "2020-06",
            "price": "13.78",
            "revenue": 458120
        },
        "2020-07": {
            "month": "2020-07",
            "price": "13.78",
            "revenue": 195901
        },
        "2020-08": {
            "month": "2020-08",
            "price": "13.87",
            "revenue": 96090
        },
        "2020-09": {
            "month": "2020-09",
            "price": "15.04",
            "revenue": 240386
        },
        "2020-10": {
            "month": "2020-10",
            "price": "15.67",
            "revenue": 262355
        },
        "2020-11": {
            "month": "2020-11",
            "price": "15.77",
            "revenue": 153872
        },
        "2020-12": {
            "month": "2020-12",
            "price": "17.11",
            "revenue": 1036855
        },
        "2021-01": {
            "month": "2021-01",
            "price": "19.75",
            "revenue": 44193
        },
        "2021-02": {
            "month": "2021-02",
            "price": "19.95",
            "revenue": 143816
        },
        "2021-03": {
            "month": "2021-03",
            "price": "23.40",
            "revenue": 112276
        },
        "2021-04": {
            "month": "2021-04",
            "price": "25.14",
            "revenue": 72533
        },
        "2021-05": {
            "month": "2021-05",
            "price": "23.50",
            "revenue": 62000
        },
        "2021-06": {
            "month": "2021-06",
            "price": "22.64",
            "revenue": 1170497
        },
        "2021-07": {
            "month": "2021-07",
            "price": "22.06",
            "revenue": 109266
        },
        "2021-08": {
            "month": "2021-08",
            "price": "20.88",
            "revenue": 101294
        },
        "2021-09": {
            "month": "2021-09",
            "price": "19.63",
            "revenue": 58927
        },
        "2021-10": {
            "month": "2021-10",
            "price": "18.42",
            "revenue": 120712
        },
        "2021-11": {
            "month": "2021-11",
            "price": "19.19",
            "revenue": 73120
        },
        "2021-12": {
            "month": "2021-12",
            "price": "17.94",
            "revenue": 1117087
        },
        "2022-01": {
            "month": "2022-01",
            "price": "18.01",
            "revenue": 32895
        },
        "2022-02": {
            "month": "2022-02",
            "price": "18.54",
            "revenue": 13257
        },
        "2022-03": {
            "month": "2022-03",
            "price": "17.74",
            "revenue": 5300
        },
        "2022-04": {
            "month": "2022-04",
            "price": "16.92",
            "revenue": 92744
        },
        "2022-05": {
            "month": "2022-05",
            "price": "15.89",
            "revenue": 62130
        },
        "2022-06": {
            "month": "2022-06",
            "price": "14.64",
            "revenue": 72539
        },
        "2022-07": {
            "month": "2022-07",
            "price": "12.10",
            "revenue": 7053
        },
        "2022-08": {
            "month": "2022-08",
            "price": "11.87",
            "revenue": 19703
        },
        "2022-09": {
            "month": "2022-09",
            "price": "12.15",
            "revenue": 71271
        },
        "2022-10": {
            "month": "2022-10",
            "price": "11.28",
            "revenue": 101348
        },
        "2022-11": {
            "month": "2022-11",
            "price": "11.74",
            "revenue": 38679
        },
        "2022-12": {
            "month": "2022-12",
            "price": "11.05",
            "revenue": 61102
        },
        "2023-01": {
            "month": "2023-01",
            "price": "10.71",
            "revenue": 442
        },
        "2023-02": {
            "month": "2023-02",
            "price": "11.12",
            "revenue": 454
        },
        "2023-03": {
            "month": "2023-03",
            "price": "10.95",
            "revenue": 20650
        },
        "2023-04": {
            "month": "2023-04",
            "price": "11.10",
            "revenue": 5781
        },
        "2023-05": {
            "month": "2023-05",
            "price": "11.23",
            "revenue": 5642
        },
        "2023-06": {
            "month": "2023-06",
            "price": "12.33",
            "revenue": 844032
        },
        "2023-07": {
            "month": "2023-07",
            "price": "19.01",
            "revenue": 211466
        },
        "2023-08": {
            "month": "2023-08",
            "price": "23.22",
            "revenue": 375984
        },
        "2023-09": {
            "month": "2023-09",
            "price": "24.66",
            "revenue": 364772
        },
        "2023-10": {
            "month": "2023-10",
            "price": "23.98",
            "revenue": 69083
        },
        "2023-11": {
            "month": "2023-11",
            "price": "22.14",
            "revenue": 40486
        },
        "2023-12": {
            "month": "2023-12",
            "price": "22.98",
            "revenue": 654637
        }
    }
}
