{
    "summary": {
        "stock_name": "岳豐",
        "stock_id": "6220",
        "category": "電子零組件",
        "main_business": "區域通訊網路線<br>光纖接續材料、零件及其配件之組裝製造及買賣<br>3C電源線組、無線及電纜製造業",
        "website_url": "http://www.cables.com.tw",
        "ceo": "林森褔",
        "pe_ratio": 7,
        "report_year_from": 2001,
        "report_year_to": 2023,
        "age": 22,
        "eps_negative_percentage": 17,
        "eps_growth_avg": {
            "last_all": -8.59,
            "last_2y": 35.11,
            "last_4y": 8.04,
            "last_8y": 20.44,
            "last_12y": 3.12,
            "last_16y": -1.47,
            "last_20y": -8.59,
            "at_2006_last_3y": -6.37,
            "at_2007_last_3y": 17.97,
            "at_2008_last_3y": -21.35,
            "at_2009_last_3y": -21.35,
            "at_2010_last_3y": -66.41,
            "at_2011_last_3y": -77.63,
            "at_2012_last_3y": -67.82,
            "at_2013_last_3y": -35.87,
            "at_2014_last_3y": 1.11,
            "at_2015_last_3y": 7.35,
            "at_2016_last_3y": 50,
            "at_2017_last_3y": 35.94,
            "at_2018_last_3y": 7.38,
            "at_2019_last_3y": 9.66,
            "at_2020_last_3y": 3.01,
            "at_2021_last_3y": -14.95,
            "at_2022_last_3y": 13.61,
            "at_2023_last_3y": 13.61,
            "at_2006_last_all": -14.59,
            "at_2007_last_all": -23.77,
            "at_2008_last_all": -39.02,
            "at_2009_last_all": -39.02,
            "at_2010_last_all": -40.5,
            "at_2011_last_all": -46.85,
            "at_2012_last_all": -49.82,
            "at_2013_last_all": -37.62,
            "at_2014_last_all": -23.86,
            "at_2015_last_all": -27.14,
            "at_2016_last_all": -16.55,
            "at_2017_last_all": -14.98,
            "at_2018_last_all": -14.93,
            "at_2019_last_all": -17.33,
            "at_2020_last_all": -11.66,
            "at_2021_last_all": -14.98,
            "at_2022_last_all": -8.59,
            "at_2023_last_all": -8.59
        },
        "latest_eps": 4.09,
        "latest_price": 27.2,
        "latest_roe": 18.84,
        "latest_gross_margin": 19.47,
        "latest_equity": 3652599,
        "latest_revenue": 1968085,
        "latest_gross_profit": 383140,
        "latest_net_income": -231171,
        "latest_debt_ratio": 60.41,
        "latest_current_ratio": 144.51,
        "latest_account_receivable_turnover_ratio": 1,
        "latest_inventory_turnover_ratio": 0.53,
        "latest_reinvestment_rate": -14.17,
        "latest_research_to_sale_ratio": 0.61
    },
    "eps_dividends": {
        "2000": {
            "cash": 0,
            "stock": 2,
            "eps": 0
        },
        "2001": {
            "cash": 0,
            "stock": 3,
            "eps": 3.48
        },
        "2002": {
            "cash": 0,
            "stock": 2,
            "eps": 2.4
        },
        "2003": {
            "cash": 1,
            "stock": 1,
            "eps": -0.11
        },
        "2004": {
            "cash": 0,
            "stock": 0,
            "eps": -1.46
        },
        "2005": {
            "cash": 0,
            "stock": 0,
            "eps": 1.02
        },
        "2006": {
            "cash": 1,
            "stock": 1,
            "eps": 1.91
        },
        "2007": {
            "cash": 0,
            "stock": 1,
            "eps": 0.93
        },
        "2008": {
            "cash": 0,
            "stock": 1,
            "eps": -0.65
        },
        "2009": {
            "cash": 0,
            "stock": 1,
            "eps": 2.17
        },
        "2010": {
            "cash": 1,
            "stock": 0,
            "eps": 1.13
        },
        "2011": {
            "cash": 0,
            "stock": 0,
            "eps": 0.17
        },
        "2012": {
            "cash": 0,
            "stock": 0,
            "eps": 0.05
        },
        "2013": {
            "cash": 0,
            "stock": 0,
            "eps": 0.08
        },
        "2014": {
            "cash": 0,
            "stock": 0,
            "eps": 1.35
        },
        "2015": {
            "cash": 1,
            "stock": 0,
            "eps": 0.54
        },
        "2016": {
            "cash": 1,
            "stock": 0,
            "eps": 3.18
        },
        "2017": {
            "cash": 2,
            "stock": 0,
            "eps": 3.3
        },
        "2018": {
            "cash": 2,
            "stock": 0,
            "eps": 2.83
        },
        "2019": {
            "cash": 2,
            "stock": 0,
            "eps": 1.39
        },
        "2020": {
            "cash": 1,
            "stock": 0,
            "eps": 2.41
        },
        "2021": {
            "cash": 1,
            "stock": 0,
            "eps": 0.77
        },
        "2022": {
            "cash": 0,
            "stock": 0,
            "eps": 5.91
        },
        "2023": {
            "cash": 3,
            "stock": 0,
            "eps": -1.6
        }
    },
    "dividends": {
        "2000-06-16": {
            "cash": 0,
            "stock": 1.6
        },
        "2001-05-07": {
            "cash": 0,
            "stock": 2.5
        },
        "2002-03-17": {
            "cash": 0,
            "stock": 1.8
        },
        "2003-06-03": {
            "cash": 0.6,
            "stock": 1
        },
        "2006-03-15": {
            "cash": 0.5,
            "stock": 0.79
        },
        "2007-04-13": {
            "cash": 0.1,
            "stock": 0.9
        },
        "2008-04-29": {
            "cash": 0.1,
            "stock": 0.52
        },
        "2009-04-09": {
            "cash": 0,
            "stock": 0.5
        },
        "2010-04-27": {
            "cash": 1.28,
            "stock": 0.2
        },
        "2011-04-29": {
            "cash": 0.25,
            "stock": 0
        },
        "2012-06-12": {
            "cash": 0.25,
            "stock": 0
        },
        "2015-10-08": {
            "cash": 0.61,
            "stock": 0
        },
        "2016-10-07": {
            "cash": 1.17,
            "stock": 0
        },
        "2017-08-10": {
            "cash": 2.3,
            "stock": 0
        },
        "2018-08-13": {
            "cash": 2.3,
            "stock": 0
        },
        "2019-09-06": {
            "cash": 2,
            "stock": 0
        },
        "2020-09-18": {
            "cash": 0.85,
            "stock": 0
        },
        "2021-09-10": {
            "cash": 1,
            "stock": 0
        },
        "2022-08-11": {
            "cash": 0.13,
            "stock": 0
        },
        "2023-03-28": {
            "cash": 3,
            "stock": 0
        }
    },
    "prices": {
        "200101": "無",
        "200102": "無",
        "200103": "無",
        "200104": "無",
        "200105": "無",
        "200106": "無",
        "200107": "無",
        "200108": "無",
        "200109": "無",
        "200110": "無",
        "200111": "無",
        "200112": "無",
        "200201": "無",
        "200202": "無",
        "200203": "無",
        "200204": "無",
        "200205": "無",
        "200206": "無",
        "200207": "無",
        "200208": "無",
        "200209": "無",
        "200210": "無",
        "200211": "無",
        "200212": "無",
        "200301": "32.80",
        "200302": "31.06",
        "200303": "30.30",
        "200304": "30.29",
        "200305": "28.68",
        "200306": "29.28",
        "200307": "29.33",
        "200308": "27.00",
        "200309": "23.22",
        "200310": "21.90",
        "200311": "18.98",
        "200312": "18.83",
        "200401": "19.44",
        "200402": "19.78",
        "200403": "18.95",
        "200404": "18.20",
        "200405": "15.92",
        "200406": "15.97",
        "200407": "15.74",
        "200408": "15.46",
        "200409": "15.20",
        "200410": "13.21",
        "200411": "11.79",
        "200412": "11.86",
        "200501": "11.48",
        "200502": "11.35",
        "200503": "11.20",
        "200504": "10.36",
        "200505": "10.55",
        "200506": "13.11",
        "200507": "15.86",
        "200508": "13.50",
        "200509": "15.41",
        "200510": "16.34",
        "200511": "15.31",
        "200512": "15.37",
        "200601": "15.83",
        "200602": "15.46",
        "200603": "16.27",
        "200604": "19.29",
        "200605": "16.44",
        "200606": "15.26",
        "200607": "14.70",
        "200608": "15.49",
        "200609": "16.65",
        "200610": "21.77",
        "200611": "25.88",
        "200612": "27.68",
        "200701": "29.23",
        "200702": "29.61",
        "200703": "30.75",
        "200704": "28.81",
        "200705": "26.83",
        "200706": "27.76",
        "200707": "31.05",
        "200708": "29.10",
        "200709": "25.02",
        "200710": "23.50",
        "200711": "17.97",
        "200712": "17.20",
        "200801": "15.29",
        "200802": "14.22",
        "200803": "13.95",
        "200804": "15.28",
        "200805": "15.03",
        "200806": "13.59",
        "200807": "12.58",
        "200808": "12.00",
        "200809": "10.50",
        "200810": "9.62",
        "200811": "7.77",
        "200812": "6.49",
        "200901": "7.06",
        "200902": "6.87",
        "200903": "7.72",
        "200904": "9.46",
        "200905": "9.70",
        "200906": "10.03",
        "200907": "10.07",
        "200908": "12.02",
        "200909": "14.51",
        "200910": "16.22",
        "200911": "17.45",
        "200912": "21.49",
        "201001": "20.32",
        "201002": "19.20",
        "201003": "26.10",
        "201004": "26.56",
        "201005": "25.46",
        "201006": "24.39",
        "201007": "24.27",
        "201008": "24.29",
        "201009": "20.99",
        "201010": "20.32",
        "201011": "17.68",
        "201012": "18.40",
        "201101": "18.38",
        "201102": "17.56",
        "201103": "15.74",
        "201104": "15.89",
        "201105": "14.61",
        "201106": "18.09",
        "201107": "19.19",
        "201108": "20.15",
        "201109": "18.24",
        "201110": "15.02",
        "201111": "13.42",
        "201112": "11.13",
        "201201": "11.01",
        "201202": "13.94",
        "201203": "14.53",
        "201204": "12.23",
        "201205": "11.19",
        "201206": "11.00",
        "201207": "10.78",
        "201208": "11.08",
        "201209": "11.10",
        "201210": "11.08",
        "201211": "9.78",
        "201212": "10.12",
        "201301": "11.62",
        "201302": "12.28",
        "201303": "12.05",
        "201304": "11.26",
        "201305": "11.15",
        "201306": "11.58",
        "201307": "11.72",
        "201308": "11.06",
        "201309": "11.37",
        "201310": "11.62",
        "201311": "11.12",
        "201312": "10.49",
        "201401": "12.32",
        "201402": "14.40",
        "201403": "13.43",
        "201404": "12.54",
        "201405": "11.44",
        "201406": "12.16",
        "201407": "12.42",
        "201408": "12.86",
        "201409": "13.90",
        "201410": "14.56",
        "201411": "15.10",
        "201412": "17.00",
        "201501": "18.50",
        "201502": "17.90",
        "201503": "16.47",
        "201504": "15.75",
        "201505": "13.93",
        "201506": "12.88",
        "201507": "14.04",
        "201508": "12.95",
        "201509": "14.91",
        "201510": "16.63",
        "201511": "16.04",
        "201512": "15.46",
        "201601": "14.23",
        "201602": "14.73",
        "201603": "14.70",
        "201604": "14.95",
        "201605": "14.79",
        "201606": "15.30",
        "201607": "17.24",
        "201608": "19.30",
        "201609": "25.66",
        "201610": "34.20",
        "201611": "42.56",
        "201612": "53.47",
        "201701": "62.01",
        "201702": "67.06",
        "201703": "60.86",
        "201704": "49.15",
        "201705": "55.00",
        "201706": "61.41",
        "201707": "62.51",
        "201708": "63.28",
        "201709": "68.06",
        "201710": "61.32",
        "201711": "55.93",
        "201712": "53.04",
        "201801": "50.24",
        "201802": "41.74",
        "201803": "42.79",
        "201804": "37.46",
        "201805": "36.41",
        "201806": "37.99",
        "201807": "36.67",
        "201808": "38.46",
        "201809": "37.08",
        "201810": "27.18",
        "201811": "26.89",
        "201812": "26.54",
        "201901": "26.07",
        "201902": "28.02",
        "201903": "29.27",
        "201904": "30.86",
        "201905": "27.48",
        "201906": "27.11",
        "201907": "29.19",
        "201908": "27.92",
        "201909": "27.48",
        "201910": "26.57",
        "201911": "26.39",
        "201912": "25.62",
        "202001": "24.61",
        "202002": "22.86",
        "202003": "17.89",
        "202004": "17.00",
        "202005": "18.78",
        "202006": "20.11",
        "202007": "20.18",
        "202008": "22.54",
        "202009": "29.02",
        "202010": "26.71",
        "202011": "27.05",
        "202012": "27.53",
        "202101": "25.62",
        "202102": "25.55",
        "202103": "28.71",
        "202104": "28.59",
        "202105": "24.03",
        "202106": "24.01",
        "202107": "24.58",
        "202108": "23.55",
        "202109": "24.64",
        "202110": "24.24",
        "202111": "23.06",
        "202112": "22.72",
        "202201": "23.33",
        "202202": "23.68",
        "202203": "23.12",
        "202204": "21.05",
        "202205": "22.96",
        "202206": "23.89",
        "202207": "24.38",
        "202208": "29.15",
        "202209": "31.42",
        "202210": "25.57",
        "202211": "27.10",
        "202212": "25.90",
        "202301": "26.98",
        "202302": "27.08",
        "202303": "27.72",
        "202304": "28.45",
        "202305": "27.53"
    },
    "quarters": {
        "20011": {
            "year_quarter": 20011,
            "year": 2001,
            "quarter": 1,
            "eps": 1.14,
            "eps_growth_year": null,
            "eps_4q": null,
            "eps_4q_growth_year": null,
            "roe": 6.52,
            "roe_4q": 6.52,
            "gross_profit": 31732,
            "gross_margin": 19.67,
            "gross_margin_4q_avg": 19.67,
            "net_income": 22629,
            "revenue": 161300,
            "common_shares": 199080,
            "book_valuer_per_share": 18.01,
            "book_valuer_per_share_4q_avg": 18.01,
            "equity": 358638,
            "current_ratio": 109.29,
            "debt_ratio": 51.43,
            "inventory_turnover_ratio": 3.91,
            "account_receivable_turnover_ratio": null,
            "reinvestment_rate": null,
            "research_to_sale_ratio": null,
            "price_fair": 0,
            "eps_avg_yearly": 0,
            "eps_latest_yearly": 0,
            "eps_growth_yearly": 0
        },
        "20012": {
            "year_quarter": 20012,
            "year": 2001,
            "quarter": 2,
            "eps": 2.34,
            "eps_growth_year": null,
            "eps_4q": null,
            "eps_4q_growth_year": null,
            "roe": 12.25,
            "roe_4q": 18.77,
            "gross_profit": 52871,
            "gross_margin": 26.28,
            "gross_margin_4q_avg": 22.98,
            "net_income": 46641,
            "revenue": 201147,
            "common_shares": 199080,
            "book_valuer_per_share": 20.24,
            "book_valuer_per_share_4q_avg": 19.13,
            "equity": 403007,
            "current_ratio": 120.29,
            "debt_ratio": 52.05,
            "inventory_turnover_ratio": 3.98,
            "account_receivable_turnover_ratio": null,
            "reinvestment_rate": null,
            "research_to_sale_ratio": null,
            "price_fair": 0,
            "eps_avg_yearly": 0,
            "eps_latest_yearly": 0,
            "eps_growth_yearly": 0
        },
        "20013": {
            "year_quarter": 20013,
            "year": 2001,
            "quarter": 3,
            "eps": null,
            "eps_growth_year": null,
            "eps_4q": null,
            "eps_4q_growth_year": null,
            "roe": null,
            "roe_4q": 18.77,
            "gross_profit": null,
            "gross_margin": null,
            "gross_margin_4q_avg": 15.32,
            "net_income": null,
            "revenue": null,
            "common_shares": null,
            "book_valuer_per_share": null,
            "book_valuer_per_share_4q_avg": 12.75,
            "equity": null,
            "current_ratio": null,
            "debt_ratio": null,
            "inventory_turnover_ratio": null,
            "account_receivable_turnover_ratio": null,
            "reinvestment_rate": null,
            "research_to_sale_ratio": null,
            "price_fair": 0,
            "eps_avg_yearly": 0,
            "eps_latest_yearly": 0,
            "eps_growth_yearly": 0
        },
        "20014": {
            "year_quarter": 20014,
            "year": 2001,
            "quarter": 4,
            "eps": null,
            "eps_growth_year": null,
            "eps_4q": null,
            "eps_4q_growth_year": null,
            "roe": null,
            "roe_4q": 18.77,
            "gross_profit": null,
            "gross_margin": null,
            "gross_margin_4q_avg": 11.49,
            "net_income": null,
            "revenue": null,
            "common_shares": 350000,
            "book_valuer_per_share": 21.5,
            "book_valuer_per_share_4q_avg": 14.94,
            "equity": 752499,
            "current_ratio": 173,
            "debt_ratio": 37.6,
            "inventory_turnover_ratio": null,
            "account_receivable_turnover_ratio": null,
            "reinvestment_rate": null,
            "research_to_sale_ratio": null,
            "price_fair": 0,
            "eps_avg_yearly": 0,
            "eps_latest_yearly": 0,
            "eps_growth_yearly": 0
        },
        "20021": {
            "year_quarter": 20021,
            "year": 2002,
            "quarter": 1,
            "eps": 0.68,
            "eps_growth_year": -40.35,
            "eps_4q": null,
            "eps_4q_growth_year": null,
            "roe": 3.13,
            "roe_4q": 15.379999999999999,
            "gross_profit": 32447,
            "gross_margin": 21.76,
            "gross_margin_4q_avg": 12.01,
            "net_income": 23965,
            "revenue": 149110,
            "common_shares": 350000,
            "book_valuer_per_share": 22.19,
            "book_valuer_per_share_4q_avg": 15.98,
            "equity": 776532,
            "current_ratio": 230.71,
            "debt_ratio": 27.95,
            "inventory_turnover_ratio": 2.54,
            "account_receivable_turnover_ratio": null,
            "reinvestment_rate": null,
            "research_to_sale_ratio": null,
            "price_fair": 0,
            "eps_avg_yearly": 0,
            "eps_latest_yearly": 0,
            "eps_growth_yearly": 0
        },
        "20022": {
            "year_quarter": 20022,
            "year": 2002,
            "quarter": 2,
            "eps": 0.43,
            "eps_growth_year": -81.62,
            "eps_4q": null,
            "eps_4q_growth_year": null,
            "roe": 1.93,
            "roe_4q": 5.06,
            "gross_profit": 29158,
            "gross_margin": 19.55,
            "gross_margin_4q_avg": 10.33,
            "net_income": 15068,
            "revenue": 149174,
            "common_shares": 350000,
            "book_valuer_per_share": 22.33,
            "book_valuer_per_share_4q_avg": 16.51,
            "equity": 781582,
            "current_ratio": 237.31,
            "debt_ratio": 24.39,
            "inventory_turnover_ratio": 2.44,
            "account_receivable_turnover_ratio": null,
            "reinvestment_rate": null,
            "research_to_sale_ratio": null,
            "price_fair": 5.16,
            "eps_avg_yearly": 1.72,
            "eps_latest_yearly": 1.72,
            "eps_growth_yearly": -147.06
        },
        "20023": {
            "year_quarter": 20023,
            "year": 2002,
            "quarter": 3,
            "eps": 0.73,
            "eps_growth_year": null,
            "eps_4q": null,
            "eps_4q_growth_year": null,
            "roe": 3.84,
            "roe_4q": 8.899999999999999,
            "gross_profit": 35878,
            "gross_margin": 21.64,
            "gross_margin_4q_avg": 15.74,
            "net_income": 30722,
            "revenue": 165771,
            "common_shares": 419513,
            "book_valuer_per_share": 19.53,
            "book_valuer_per_share_4q_avg": 21.39,
            "equity": 819304,
            "current_ratio": 289.99,
            "debt_ratio": 25.39,
            "inventory_turnover_ratio": 2.3,
            "account_receivable_turnover_ratio": null,
            "reinvestment_rate": null,
            "research_to_sale_ratio": null,
            "price_fair": 81.2,
            "eps_avg_yearly": 2.32,
            "eps_latest_yearly": 2.92,
            "eps_growth_yearly": 66.01
        },
        "20024": {
            "year_quarter": 20024,
            "year": 2002,
            "quarter": 4,
            "eps": 0.56,
            "eps_growth_year": null,
            "eps_4q": 2.23,
            "eps_4q_growth_year": null,
            "roe": 2.82,
            "roe_4q": 11.719999999999999,
            "gross_profit": 38767,
            "gross_margin": 19.24,
            "gross_margin_4q_avg": 20.55,
            "net_income": 23431,
            "revenue": 201492,
            "common_shares": 419513,
            "book_valuer_per_share": 20.07,
            "book_valuer_per_share_4q_avg": 21.03,
            "equity": 841851,
            "current_ratio": 234.83,
            "debt_ratio": 29.74,
            "inventory_turnover_ratio": 1.99,
            "account_receivable_turnover_ratio": null,
            "reinvestment_rate": null,
            "research_to_sale_ratio": null,
            "price_fair": 52.64,
            "eps_avg_yearly": 2.29,
            "eps_latest_yearly": 2.24,
            "eps_growth_yearly": 12.95
        },
        "20031": {
            "year_quarter": 20031,
            "year": 2003,
            "quarter": 1,
            "eps": 0.17,
            "eps_growth_year": -75,
            "eps_4q": 1.81,
            "eps_4q_growth_year": null,
            "roe": 0.85,
            "roe_4q": 9.44,
            "gross_profit": 25798,
            "gross_margin": 14.19,
            "gross_margin_4q_avg": 18.66,
            "net_income": 7173,
            "revenue": 181788,
            "common_shares": 419513,
            "book_valuer_per_share": 20.24,
            "book_valuer_per_share_4q_avg": 20.54,
            "equity": 848995,
            "current_ratio": 248.64,
            "debt_ratio": 27.28,
            "inventory_turnover_ratio": 1.71,
            "account_receivable_turnover_ratio": null,
            "reinvestment_rate": null,
            "research_to_sale_ratio": null,
            "price_fair": 5.67,
            "eps_avg_yearly": 1.89,
            "eps_latest_yearly": 0.68,
            "eps_growth_yearly": -59.93
        },
        "20032": {
            "year_quarter": 20032,
            "year": 2003,
            "quarter": 2,
            "eps": 0.12,
            "eps_growth_year": -72.09,
            "eps_4q": 1.46,
            "eps_4q_growth_year": null,
            "roe": 0.66,
            "roe_4q": 8.17,
            "gross_profit": 26772,
            "gross_margin": 14.69,
            "gross_margin_4q_avg": 17.44,
            "net_income": 5490,
            "revenue": 182287,
            "common_shares": 419513,
            "book_valuer_per_share": 19.63,
            "book_valuer_per_share_4q_avg": 19.87,
            "equity": 823633,
            "current_ratio": 210.64,
            "debt_ratio": 30.71,
            "inventory_turnover_ratio": 1.99,
            "account_receivable_turnover_ratio": null,
            "reinvestment_rate": null,
            "research_to_sale_ratio": null,
            "price_fair": 4.82,
            "eps_avg_yearly": 1.61,
            "eps_latest_yearly": 0.48,
            "eps_growth_yearly": -71.47
        },
        "20033": {
            "year_quarter": 20033,
            "year": 2003,
            "quarter": 3,
            "eps": 0.12,
            "eps_growth_year": -83.56,
            "eps_4q": 0.9,
            "eps_4q_growth_year": null,
            "roe": 0.68,
            "roe_4q": 5.01,
            "gross_profit": 19250,
            "gross_margin": 10.46,
            "gross_margin_4q_avg": 14.65,
            "net_income": 5567,
            "revenue": 183990,
            "common_shares": 463978,
            "book_valuer_per_share": 17.75,
            "book_valuer_per_share_4q_avg": 19.42,
            "equity": 823708,
            "current_ratio": 181.92,
            "debt_ratio": 32.62,
            "inventory_turnover_ratio": 2.19,
            "account_receivable_turnover_ratio": null,
            "reinvestment_rate": null,
            "research_to_sale_ratio": null,
            "price_fair": 4.26,
            "eps_avg_yearly": 1.42,
            "eps_latest_yearly": 0.48,
            "eps_growth_yearly": -59.56
        },
        "20034": {
            "year_quarter": 20034,
            "year": 2003,
            "quarter": 4,
            "eps": -0.52,
            "eps_growth_year": -192.86,
            "eps_4q": -0.13,
            "eps_4q_growth_year": -105.84,
            "roe": -2.97,
            "roe_4q": -0.7799999999999999,
            "gross_profit": 27479,
            "gross_margin": 13.34,
            "gross_margin_4q_avg": 13.17,
            "net_income": -24165,
            "revenue": 206066,
            "common_shares": 463978,
            "book_valuer_per_share": 17.28,
            "book_valuer_per_share_4q_avg": 18.73,
            "equity": 801690,
            "current_ratio": 199.28,
            "debt_ratio": 49.95,
            "inventory_turnover_ratio": 1.6,
            "account_receivable_turnover_ratio": null,
            "reinvestment_rate": null,
            "research_to_sale_ratio": null,
            "price_fair": 4.26,
            "eps_avg_yearly": 1.42,
            "eps_latest_yearly": 0.48,
            "eps_growth_yearly": -59.56
        },
        "20041": {
            "year_quarter": 20041,
            "year": 2004,
            "quarter": 1,
            "eps": -0.57,
            "eps_growth_year": -435.29,
            "eps_4q": -0.85,
            "eps_4q_growth_year": -146.97,
            "roe": -3.39,
            "roe_4q": -5.0200000000000005,
            "gross_profit": 28471,
            "gross_margin": 12.45,
            "gross_margin_4q_avg": 12.74,
            "net_income": -26640,
            "revenue": 228610,
            "common_shares": 463978,
            "book_valuer_per_share": 16.6,
            "book_valuer_per_share_4q_avg": 17.82,
            "equity": 770190,
            "current_ratio": 386.07,
            "debt_ratio": 38.38,
            "inventory_turnover_ratio": 1.98,
            "account_receivable_turnover_ratio": null,
            "reinvestment_rate": null,
            "research_to_sale_ratio": null,
            "price_fair": 4.26,
            "eps_avg_yearly": 1.42,
            "eps_latest_yearly": 0.48,
            "eps_growth_yearly": -59.56
        },
        "20042": {
            "year_quarter": 20042,
            "year": 2004,
            "quarter": 2,
            "eps": 0.31,
            "eps_growth_year": 158.33,
            "eps_4q": -0.66,
            "eps_4q_growth_year": -145.38,
            "roe": 1.85,
            "roe_4q": -3.8299999999999996,
            "gross_profit": 35690,
            "gross_margin": 12.71,
            "gross_margin_4q_avg": 12.24,
            "net_income": 14417,
            "revenue": 280863,
            "common_shares": 463978,
            "book_valuer_per_share": 17.02,
            "book_valuer_per_share_4q_avg": 17.16,
            "equity": 789482,
            "current_ratio": 307.96,
            "debt_ratio": 40.13,
            "inventory_turnover_ratio": 5.02,
            "account_receivable_turnover_ratio": null,
            "reinvestment_rate": null,
            "research_to_sale_ratio": null,
            "price_fair": 4.26,
            "eps_avg_yearly": 1.42,
            "eps_latest_yearly": 0.48,
            "eps_growth_yearly": -59.56
        },
        "20043": {
            "year_quarter": 20043,
            "year": 2004,
            "quarter": 3,
            "eps": 0.25,
            "eps_growth_year": 108.33,
            "eps_4q": -0.52,
            "eps_4q_growth_year": -158.07,
            "roe": 1.48,
            "roe_4q": -3.0300000000000002,
            "gross_profit": 29968,
            "gross_margin": 12.86,
            "gross_margin_4q_avg": 12.84,
            "net_income": 11791,
            "revenue": 233082,
            "common_shares": 463978,
            "book_valuer_per_share": 17.3,
            "book_valuer_per_share_4q_avg": 17.05,
            "equity": 802901,
            "current_ratio": 252.47,
            "debt_ratio": 41.47,
            "inventory_turnover_ratio": 2.87,
            "account_receivable_turnover_ratio": null,
            "reinvestment_rate": null,
            "research_to_sale_ratio": null,
            "price_fair": 4.08,
            "eps_avg_yearly": 1.36,
            "eps_latest_yearly": 1,
            "eps_growth_yearly": -62.11
        },
        "20044": {
            "year_quarter": 20044,
            "year": 2004,
            "quarter": 4,
            "eps": -1.45,
            "eps_growth_year": null,
            "eps_4q": -1.46,
            "eps_4q_growth_year": null,
            "roe": -8.91,
            "roe_4q": -8.97,
            "gross_profit": 33568,
            "gross_margin": 11.98,
            "gross_margin_4q_avg": 12.5,
            "net_income": -67276,
            "revenue": 280125,
            "common_shares": 463978,
            "book_valuer_per_share": 15.23,
            "book_valuer_per_share_4q_avg": 16.54,
            "equity": 706450,
            "current_ratio": 183.53,
            "debt_ratio": 53.1,
            "inventory_turnover_ratio": 1.28,
            "account_receivable_turnover_ratio": null,
            "reinvestment_rate": null,
            "research_to_sale_ratio": null,
            "price_fair": 4.08,
            "eps_avg_yearly": 1.36,
            "eps_latest_yearly": 1,
            "eps_growth_yearly": -62.11
        },
        "20051": {
            "year_quarter": 20051,
            "year": 2005,
            "quarter": 1,
            "eps": 0.05,
            "eps_growth_year": null,
            "eps_4q": -0.88,
            "eps_4q_growth_year": null,
            "roe": 0.31,
            "roe_4q": -5.27,
            "gross_profit": 46534,
            "gross_margin": 17.12,
            "gross_margin_4q_avg": 13.67,
            "net_income": 2215,
            "revenue": 271739,
            "common_shares": 463978,
            "book_valuer_per_share": 15.15,
            "book_valuer_per_share_4q_avg": 16.18,
            "equity": 702768,
            "current_ratio": 226.92,
            "debt_ratio": 45.68,
            "inventory_turnover_ratio": 1.11,
            "account_receivable_turnover_ratio": null,
            "reinvestment_rate": null,
            "research_to_sale_ratio": null,
            "price_fair": 4.08,
            "eps_avg_yearly": 1.36,
            "eps_latest_yearly": 1,
            "eps_growth_yearly": -62.11
        },
        "20052": {
            "year_quarter": 20052,
            "year": 2005,
            "quarter": 2,
            "eps": 0.4,
            "eps_growth_year": 29.03,
            "eps_4q": -0.77,
            "eps_4q_growth_year": null,
            "roe": 2.55,
            "roe_4q": -4.57,
            "gross_profit": 25966,
            "gross_margin": 7.8,
            "gross_margin_4q_avg": 12.44,
            "net_income": 18181,
            "revenue": 333110,
            "common_shares": 463978,
            "book_valuer_per_share": 15.53,
            "book_valuer_per_share_4q_avg": 15.8,
            "equity": 720751,
            "current_ratio": 224.53,
            "debt_ratio": 45.47,
            "inventory_turnover_ratio": 3.07,
            "account_receivable_turnover_ratio": null,
            "reinvestment_rate": null,
            "research_to_sale_ratio": null,
            "price_fair": 48.65,
            "eps_avg_yearly": 1.39,
            "eps_latest_yearly": 1.6,
            "eps_growth_yearly": 295.65
        },
        "20053": {
            "year_quarter": 20053,
            "year": 2005,
            "quarter": 3,
            "eps": 0.94,
            "eps_growth_year": 276,
            "eps_4q": -0.07,
            "eps_4q_growth_year": null,
            "roe": 5.64,
            "roe_4q": -0.41000000000000014,
            "gross_profit": 36510,
            "gross_margin": 11.13,
            "gross_margin_4q_avg": 12.01,
            "net_income": 43433,
            "revenue": 327946,
            "common_shares": 488945,
            "book_valuer_per_share": 16.76,
            "book_valuer_per_share_4q_avg": 15.67,
            "equity": 819492,
            "current_ratio": 223.58,
            "debt_ratio": 41.04,
            "inventory_turnover_ratio": 3.75,
            "account_receivable_turnover_ratio": null,
            "reinvestment_rate": null,
            "research_to_sale_ratio": null,
            "price_fair": 57.87,
            "eps_avg_yearly": 1.65,
            "eps_latest_yearly": 3.76,
            "eps_growth_yearly": 322.8
        },
        "20054": {
            "year_quarter": 20054,
            "year": 2005,
            "quarter": 4,
            "eps": -0.37,
            "eps_growth_year": null,
            "eps_4q": 1,
            "eps_4q_growth_year": null,
            "roe": -2.13,
            "roe_4q": 6.369999999999999,
            "gross_profit": 18796,
            "gross_margin": 5.93,
            "gross_margin_4q_avg": 10.5,
            "net_income": -17355,
            "revenue": 316731,
            "common_shares": 489744,
            "book_valuer_per_share": 16.53,
            "book_valuer_per_share_4q_avg": 15.99,
            "equity": 809629,
            "current_ratio": 143.65,
            "debt_ratio": 50.11,
            "inventory_turnover_ratio": 1.62,
            "account_receivable_turnover_ratio": null,
            "reinvestment_rate": 67.67,
            "research_to_sale_ratio": null,
            "price_fair": 57.87,
            "eps_avg_yearly": 1.65,
            "eps_latest_yearly": 3.76,
            "eps_growth_yearly": 322.8
        },
        "20061": {
            "year_quarter": 20061,
            "year": 2006,
            "quarter": 1,
            "eps": 0.15,
            "eps_growth_year": 200,
            "eps_4q": 1.06,
            "eps_4q_growth_year": null,
            "roe": 0.9,
            "roe_4q": 6.96,
            "gross_profit": 29088,
            "gross_margin": 9.64,
            "gross_margin_4q_avg": 8.63,
            "net_income": 7332,
            "revenue": 301880,
            "common_shares": 490543,
            "book_valuer_per_share": 16.64,
            "book_valuer_per_share_4q_avg": 16.37,
            "equity": 816143,
            "current_ratio": 142.16,
            "debt_ratio": 40.58,
            "inventory_turnover_ratio": 1.56,
            "account_receivable_turnover_ratio": null,
            "reinvestment_rate": -146.49,
            "research_to_sale_ratio": null,
            "price_fair": 57.87,
            "eps_avg_yearly": 1.65,
            "eps_latest_yearly": 3.76,
            "eps_growth_yearly": 322.8
        },
        "20062": {
            "year_quarter": 20062,
            "year": 2006,
            "quarter": 2,
            "eps": 0.5,
            "eps_growth_year": 25,
            "eps_4q": 1.15,
            "eps_4q_growth_year": null,
            "roe": 3.16,
            "roe_4q": 7.57,
            "gross_profit": 13828,
            "gross_margin": 3.53,
            "gross_margin_4q_avg": 7.56,
            "net_income": 25873,
            "revenue": 392010,
            "common_shares": 535725,
            "book_valuer_per_share": 15.37,
            "book_valuer_per_share_4q_avg": 16.33,
            "equity": 823499,
            "current_ratio": 132.47,
            "debt_ratio": 45.22,
            "inventory_turnover_ratio": 7.51,
            "account_receivable_turnover_ratio": null,
            "reinvestment_rate": -141.46,
            "research_to_sale_ratio": null,
            "price_fair": 58.96,
            "eps_avg_yearly": 1.68,
            "eps_latest_yearly": 2,
            "eps_growth_yearly": 442.85
        },
        "20063": {
            "year_quarter": 20063,
            "year": 2006,
            "quarter": 3,
            "eps": 1.05,
            "eps_growth_year": 11.7,
            "eps_4q": 1.35,
            "eps_4q_growth_year": null,
            "roe": 6.18,
            "roe_4q": 8.11,
            "gross_profit": 33962,
            "gross_margin": 7.23,
            "gross_margin_4q_avg": 6.58,
            "net_income": 54743,
            "revenue": 470022,
            "common_shares": 578282,
            "book_valuer_per_share": 16.37,
            "book_valuer_per_share_4q_avg": 16.23,
            "equity": 946817,
            "current_ratio": 89.27,
            "debt_ratio": 52.43,
            "inventory_turnover_ratio": 8.34,
            "account_receivable_turnover_ratio": null,
            "reinvestment_rate": -101.89,
            "research_to_sale_ratio": null,
            "price_fair": 63.93,
            "eps_avg_yearly": 1.83,
            "eps_latest_yearly": 4.2,
            "eps_growth_yearly": 460.73
        },
        "20064": {
            "year_quarter": 20064,
            "year": 2006,
            "quarter": 4,
            "eps": 0.21,
            "eps_growth_year": null,
            "eps_4q": 1.81,
            "eps_4q_growth_year": 80.7,
            "roe": 1.09,
            "roe_4q": 11.33,
            "gross_profit": 31060,
            "gross_margin": 7.26,
            "gross_margin_4q_avg": 6.92,
            "net_income": 11565,
            "revenue": 428039,
            "common_shares": 751662,
            "book_valuer_per_share": 15.69,
            "book_valuer_per_share_4q_avg": 16.02,
            "equity": 1179426,
            "current_ratio": 134.14,
            "debt_ratio": 62.89,
            "inventory_turnover_ratio": 0.77,
            "account_receivable_turnover_ratio": null,
            "reinvestment_rate": -35.51,
            "research_to_sale_ratio": null,
            "price_fair": 58.49,
            "eps_avg_yearly": 1.67,
            "eps_latest_yearly": 0.84,
            "eps_growth_yearly": 435.52
        },
        "20071": {
            "year_quarter": 20071,
            "year": 2007,
            "quarter": 1,
            "eps": 0.28,
            "eps_growth_year": 86.67,
            "eps_4q": 1.51,
            "eps_4q_growth_year": 42.78,
            "roe": 1.76,
            "roe_4q": 12.19,
            "gross_profit": 39132,
            "gross_margin": 10.79,
            "gross_margin_4q_avg": 7.2,
            "net_income": 21036,
            "revenue": 362685,
            "common_shares": 751662,
            "book_valuer_per_share": 16.16,
            "book_valuer_per_share_4q_avg": 15.9,
            "equity": 1214687,
            "current_ratio": 160.85,
            "debt_ratio": 36.29,
            "inventory_turnover_ratio": 0.63,
            "account_receivable_turnover_ratio": null,
            "reinvestment_rate": -161.41,
            "research_to_sale_ratio": null,
            "price_fair": 60.2,
            "eps_avg_yearly": 1.72,
            "eps_latest_yearly": 1.12,
            "eps_growth_yearly": 481.29
        },
        "20072": {
            "year_quarter": 20072,
            "year": 2007,
            "quarter": 2,
            "eps": 0.45,
            "eps_growth_year": -10,
            "eps_4q": 1.62,
            "eps_4q_growth_year": 41.07,
            "roe": 2.74,
            "roe_4q": 11.77,
            "gross_profit": 50707,
            "gross_margin": 10.84,
            "gross_margin_4q_avg": 9.03,
            "net_income": 33704,
            "revenue": 467964,
            "common_shares": 754747,
            "book_valuer_per_share": 16.54,
            "book_valuer_per_share_4q_avg": 16.19,
            "equity": 1248008,
            "current_ratio": 150.46,
            "debt_ratio": 41.33,
            "inventory_turnover_ratio": 9.29,
            "account_receivable_turnover_ratio": null,
            "reinvestment_rate": -123.55,
            "research_to_sale_ratio": null,
            "price_fair": 65.33,
            "eps_avg_yearly": 1.87,
            "eps_latest_yearly": 1.8,
            "eps_growth_yearly": 521.34
        },
        "20073": {
            "year_quarter": 20073,
            "year": 2007,
            "quarter": 3,
            "eps": 0.36,
            "eps_growth_year": -65.71,
            "eps_4q": 1.15,
            "eps_4q_growth_year": -14.83,
            "roe": 1.96,
            "roe_4q": 7.55,
            "gross_profit": 78273,
            "gross_margin": 14.89,
            "gross_margin_4q_avg": 10.95,
            "net_income": 30095,
            "revenue": 525744,
            "common_shares": 1028213,
            "book_valuer_per_share": 17.67,
            "book_valuer_per_share_4q_avg": 16.52,
            "equity": 1816612,
            "current_ratio": 453.09,
            "debt_ratio": 32.88,
            "inventory_turnover_ratio": 8.94,
            "account_receivable_turnover_ratio": null,
            "reinvestment_rate": -98.29,
            "research_to_sale_ratio": null,
            "price_fair": 69.07,
            "eps_avg_yearly": 1.97,
            "eps_latest_yearly": 1.44,
            "eps_growth_yearly": 512.46
        },
        "20074": {
            "year_quarter": 20074,
            "year": 2007,
            "quarter": 4,
            "eps": -0.16,
            "eps_growth_year": -176.19,
            "eps_4q": 0.8,
            "eps_4q_growth_year": -55.73,
            "roe": -0.77,
            "roe_4q": 5.69,
            "gross_profit": 49787,
            "gross_margin": 10.03,
            "gross_margin_4q_avg": 11.64,
            "net_income": -13896,
            "revenue": 496252,
            "common_shares": 1028413,
            "book_valuer_per_share": 17.53,
            "book_valuer_per_share_4q_avg": 16.98,
            "equity": 1802334,
            "current_ratio": 227.79,
            "debt_ratio": 46.8,
            "inventory_turnover_ratio": 1.12,
            "account_receivable_turnover_ratio": null,
            "reinvestment_rate": 55.69,
            "research_to_sale_ratio": null,
            "price_fair": 69.07,
            "eps_avg_yearly": 1.97,
            "eps_latest_yearly": 1.44,
            "eps_growth_yearly": 512.46
        },
        "20081": {
            "year_quarter": 20081,
            "year": 2008,
            "quarter": 1,
            "eps": -0.1,
            "eps_growth_year": -135.71,
            "eps_4q": 0.41,
            "eps_4q_growth_year": -72.98,
            "roe": -0.57,
            "roe_4q": 3.3600000000000003,
            "gross_profit": 138667,
            "gross_margin": 12.98,
            "gross_margin_4q_avg": 12.19,
            "net_income": -9840,
            "revenue": 1068504,
            "common_shares": 1008413,
            "book_valuer_per_share": 16.37,
            "book_valuer_per_share_4q_avg": 17.03,
            "equity": 1651043,
            "current_ratio": 213.09,
            "debt_ratio": 46.74,
            "inventory_turnover_ratio": 1.15,
            "account_receivable_turnover_ratio": null,
            "reinvestment_rate": 218.99,
            "research_to_sale_ratio": null,
            "price_fair": 69.07,
            "eps_avg_yearly": 1.97,
            "eps_latest_yearly": 1.44,
            "eps_growth_yearly": 512.46
        },
        "20082": {
            "year_quarter": 20082,
            "year": 2008,
            "quarter": 2,
            "eps": 0.45,
            "eps_growth_year": 0,
            "eps_4q": 0.51,
            "eps_4q_growth_year": -68.3,
            "roe": 2.72,
            "roe_4q": 3.3400000000000003,
            "gross_profit": 259504,
            "gross_margin": 18.64,
            "gross_margin_4q_avg": 14.14,
            "net_income": 45862,
            "revenue": 1392492,
            "common_shares": 1008413,
            "book_valuer_per_share": 17.01,
            "book_valuer_per_share_4q_avg": 17.15,
            "equity": 1715758,
            "current_ratio": 207.14,
            "debt_ratio": 47.5,
            "inventory_turnover_ratio": 1.3,
            "account_receivable_turnover_ratio": null,
            "reinvestment_rate": 199.39,
            "research_to_sale_ratio": null,
            "price_fair": 69.07,
            "eps_avg_yearly": 1.97,
            "eps_latest_yearly": 1.44,
            "eps_growth_yearly": 512.46
        },
        "20083": {
            "year_quarter": 20083,
            "year": 2008,
            "quarter": 3,
            "eps": 0.45,
            "eps_growth_year": 25,
            "eps_4q": 0.67,
            "eps_4q_growth_year": -41.51,
            "roe": 2.52,
            "roe_4q": 3.9,
            "gross_profit": 254967,
            "gross_margin": 16.72,
            "gross_margin_4q_avg": 14.59,
            "net_income": 44359,
            "revenue": 1524533,
            "common_shares": 1032604,
            "book_valuer_per_share": 17.54,
            "book_valuer_per_share_4q_avg": 17.11,
            "equity": 1811582,
            "current_ratio": 161.46,
            "debt_ratio": 48.47,
            "inventory_turnover_ratio": 1.53,
            "account_receivable_turnover_ratio": null,
            "reinvestment_rate": 182.74,
            "research_to_sale_ratio": null,
            "price_fair": 72.18,
            "eps_avg_yearly": 2.06,
            "eps_latest_yearly": 1.8,
            "eps_growth_yearly": 521.06
        },
        "20084": {
            "year_quarter": 20084,
            "year": 2008,
            "quarter": 4,
            "eps": -1.45,
            "eps_growth_year": null,
            "eps_4q": -0.62,
            "eps_4q_growth_year": -177.5,
            "roe": -8.03,
            "roe_4q": -3.3599999999999994,
            "gross_profit": 95761,
            "gross_margin": 7.43,
            "gross_margin_4q_avg": 13.94,
            "net_income": -139710,
            "revenue": 1289473,
            "common_shares": 983264,
            "book_valuer_per_share": 16.98,
            "book_valuer_per_share_4q_avg": 16.98,
            "equity": 1669861,
            "current_ratio": 153.23,
            "debt_ratio": 46.96,
            "inventory_turnover_ratio": 1.57,
            "account_receivable_turnover_ratio": 3.13,
            "reinvestment_rate": 148.45,
            "research_to_sale_ratio": null,
            "price_fair": 72.18,
            "eps_avg_yearly": 2.06,
            "eps_latest_yearly": 1.8,
            "eps_growth_yearly": 521.06
        },
        "20091": {
            "year_quarter": 20091,
            "year": 2009,
            "quarter": 1,
            "eps": 0.14,
            "eps_growth_year": null,
            "eps_4q": -0.38,
            "eps_4q_growth_year": -192.54,
            "roe": 0.79,
            "roe_4q": -1.9999999999999987,
            "gross_profit": 181047,
            "gross_margin": 16.96,
            "gross_margin_4q_avg": 14.94,
            "net_income": 13407,
            "revenue": 1067277,
            "common_shares": 983264,
            "book_valuer_per_share": 17.68,
            "book_valuer_per_share_4q_avg": 17.3,
            "equity": 1738762,
            "current_ratio": 160.17,
            "debt_ratio": 44.37,
            "inventory_turnover_ratio": 1.28,
            "account_receivable_turnover_ratio": 1.36,
            "reinvestment_rate": 281.68,
            "research_to_sale_ratio": null,
            "price_fair": 72.18,
            "eps_avg_yearly": 2.06,
            "eps_latest_yearly": 1.8,
            "eps_growth_yearly": 521.06
        },
        "20092": {
            "year_quarter": 20092,
            "year": 2009,
            "quarter": 2,
            "eps": 0.47,
            "eps_growth_year": 4.44,
            "eps_4q": -0.38,
            "eps_4q_growth_year": -174.15,
            "roe": 2.62,
            "roe_4q": -2.099999999999999,
            "gross_profit": 214897,
            "gross_margin": 20.33,
            "gross_margin_4q_avg": 15.36,
            "net_income": 45314,
            "revenue": 1056847,
            "common_shares": 971434,
            "book_valuer_per_share": 17.69,
            "book_valuer_per_share_4q_avg": 17.47,
            "equity": 1718231,
            "current_ratio": 165.94,
            "debt_ratio": 44.4,
            "inventory_turnover_ratio": 1.3,
            "account_receivable_turnover_ratio": 1.39,
            "reinvestment_rate": 244.83,
            "research_to_sale_ratio": null,
            "price_fair": 73.27,
            "eps_avg_yearly": 2.09,
            "eps_latest_yearly": 1.88,
            "eps_growth_yearly": 314.71
        },
        "20093": {
            "year_quarter": 20093,
            "year": 2009,
            "quarter": 3,
            "eps": 0.83,
            "eps_growth_year": 84.44,
            "eps_4q": -0,
            "eps_4q_growth_year": -100.52,
            "roe": 4.7,
            "roe_4q": 0.08000000000000007,
            "gross_profit": 244845,
            "gross_margin": 17.21,
            "gross_margin_4q_avg": 15.48,
            "net_income": 80651,
            "revenue": 1422697,
            "common_shares": 1020006,
            "book_valuer_per_share": 16.8,
            "book_valuer_per_share_4q_avg": 17.29,
            "equity": 1713899,
            "current_ratio": 168.47,
            "debt_ratio": 43.06,
            "inventory_turnover_ratio": 1.97,
            "account_receivable_turnover_ratio": 1.73,
            "reinvestment_rate": 215.37,
            "research_to_sale_ratio": null,
            "price_fair": 71.56,
            "eps_avg_yearly": 2.04,
            "eps_latest_yearly": 3.32,
            "eps_growth_yearly": 288.75
        },
        "20094": {
            "year_quarter": 20094,
            "year": 2009,
            "quarter": 4,
            "eps": 0.73,
            "eps_growth_year": null,
            "eps_4q": 2.09,
            "eps_4q_growth_year": null,
            "roe": 4.23,
            "roe_4q": 12.34,
            "gross_profit": 332451,
            "gross_margin": 32.02,
            "gross_margin_4q_avg": 21.63,
            "net_income": 74155,
            "revenue": 1038352,
            "common_shares": 1020006,
            "book_valuer_per_share": 17.6,
            "book_valuer_per_share_4q_avg": 17.44,
            "equity": 1795029,
            "current_ratio": 169.28,
            "debt_ratio": 46.84,
            "inventory_turnover_ratio": 1.24,
            "account_receivable_turnover_ratio": 2.02,
            "reinvestment_rate": 147.37,
            "research_to_sale_ratio": null,
            "price_fair": 74.62,
            "eps_avg_yearly": 2.13,
            "eps_latest_yearly": 2.92,
            "eps_growth_yearly": 255.06
        },
        "20101": {
            "year_quarter": 20101,
            "year": 2010,
            "quarter": 1,
            "eps": 0.62,
            "eps_growth_year": 342.86,
            "eps_4q": 2.39,
            "eps_4q_growth_year": null,
            "roe": 3.37,
            "roe_4q": 14.920000000000002,
            "gross_profit": 237155,
            "gross_margin": 16.54,
            "gross_margin_4q_avg": 21.53,
            "net_income": 63496,
            "revenue": 1433432,
            "common_shares": 1099164,
            "book_valuer_per_share": 17.93,
            "book_valuer_per_share_4q_avg": 17.51,
            "equity": 1974908,
            "current_ratio": 160.01,
            "debt_ratio": 45.63,
            "inventory_turnover_ratio": 2.12,
            "account_receivable_turnover_ratio": 1.34,
            "reinvestment_rate": 177.61,
            "research_to_sale_ratio": 0.88,
            "price_fair": 75.73,
            "eps_avg_yearly": 2.16,
            "eps_latest_yearly": 2.48,
            "eps_growth_yearly": 226.39
        },
        "20102": {
            "year_quarter": 20102,
            "year": 2010,
            "quarter": 2,
            "eps": 0.25,
            "eps_growth_year": -45.91,
            "eps_4q": 2.18,
            "eps_4q_growth_year": null,
            "roe": 1.48,
            "roe_4q": 13.780000000000001,
            "gross_profit": 241367,
            "gross_margin": 17.67,
            "gross_margin_4q_avg": 20.86,
            "net_income": 28843,
            "revenue": 1366178,
            "common_shares": 1109101,
            "book_valuer_per_share": 17.19,
            "book_valuer_per_share_4q_avg": 17.38,
            "equity": 1916126,
            "current_ratio": 150.42,
            "debt_ratio": 47.95,
            "inventory_turnover_ratio": 1.7,
            "account_receivable_turnover_ratio": 1.31,
            "reinvestment_rate": 177.31,
            "research_to_sale_ratio": 1.02,
            "price_fair": 72.55,
            "eps_avg_yearly": 2.07,
            "eps_latest_yearly": 1,
            "eps_growth_yearly": 119.84
        },
        "20103": {
            "year_quarter": 20103,
            "year": 2010,
            "quarter": 3,
            "eps": 0.33,
            "eps_growth_year": -60.2,
            "eps_4q": 1.79,
            "eps_4q_growth_year": null,
            "roe": 1.98,
            "roe_4q": 11.06,
            "gross_profit": 240158,
            "gross_margin": 21.37,
            "gross_margin_4q_avg": 21.9,
            "net_income": 38088,
            "revenue": 1123849,
            "common_shares": 1134898,
            "book_valuer_per_share": 16.83,
            "book_valuer_per_share_4q_avg": 17.39,
            "equity": 1924574,
            "current_ratio": 148.23,
            "debt_ratio": 53.14,
            "inventory_turnover_ratio": 1.16,
            "account_receivable_turnover_ratio": 1,
            "reinvestment_rate": 193.7,
            "research_to_sale_ratio": 1.14,
            "price_fair": 63.38,
            "eps_avg_yearly": 1.81,
            "eps_latest_yearly": 1.32,
            "eps_growth_yearly": 91.48
        },
        "20104": {
            "year_quarter": 20104,
            "year": 2010,
            "quarter": 4,
            "eps": -0.07,
            "eps_growth_year": -110.18,
            "eps_4q": 1.06,
            "eps_4q_growth_year": -49.13,
            "roe": -0.45,
            "roe_4q": 6.38,
            "gross_profit": 227064,
            "gross_margin": 14.89,
            "gross_margin_4q_avg": 17.62,
            "net_income": -8449,
            "revenue": 1525437,
            "common_shares": 1141458,
            "book_valuer_per_share": 15.81,
            "book_valuer_per_share_4q_avg": 16.94,
            "equity": 1808380,
            "current_ratio": 157.17,
            "debt_ratio": 51.77,
            "inventory_turnover_ratio": 1.9,
            "account_receivable_turnover_ratio": 1.22,
            "reinvestment_rate": 143.98,
            "research_to_sale_ratio": 0.76,
            "price_fair": 66.78,
            "eps_avg_yearly": 1.91,
            "eps_latest_yearly": 1.32,
            "eps_growth_yearly": 132.63
        },
        "20111": {
            "year_quarter": 20111,
            "year": 2011,
            "quarter": 1,
            "eps": -0.05,
            "eps_growth_year": -108.06,
            "eps_4q": 0.46,
            "eps_4q_growth_year": -80.81,
            "roe": -0.31,
            "roe_4q": 2.7,
            "gross_profit": 162394,
            "gross_margin": 18.14,
            "gross_margin_4q_avg": 18.02,
            "net_income": -5758,
            "revenue": 895103,
            "common_shares": 1144130,
            "book_valuer_per_share": 16.2,
            "book_valuer_per_share_4q_avg": 16.51,
            "equity": 1856849,
            "current_ratio": 193.85,
            "debt_ratio": 49.54,
            "inventory_turnover_ratio": 1.12,
            "account_receivable_turnover_ratio": 0.82,
            "reinvestment_rate": 252.34,
            "research_to_sale_ratio": 0.99,
            "price_fair": 69.84,
            "eps_avg_yearly": 2,
            "eps_latest_yearly": 1.32,
            "eps_growth_yearly": 132.55
        },
        "20112": {
            "year_quarter": 20112,
            "year": 2011,
            "quarter": 2,
            "eps": 0.49,
            "eps_growth_year": 93.57,
            "eps_4q": 0.7,
            "eps_4q_growth_year": -67.9,
            "roe": 3.02,
            "roe_4q": 4.24,
            "gross_profit": 225101,
            "gross_margin": 14.01,
            "gross_margin_4q_avg": 17.1,
            "net_income": 56118,
            "revenue": 1606953,
            "common_shares": 1144130,
            "book_valuer_per_share": 16.18,
            "book_valuer_per_share_4q_avg": 16.26,
            "equity": 1854453,
            "current_ratio": 173.6,
            "debt_ratio": 54.38,
            "inventory_turnover_ratio": 1.71,
            "account_receivable_turnover_ratio": 1.51,
            "reinvestment_rate": 238.27,
            "research_to_sale_ratio": 0.71,
            "price_fair": 70.7,
            "eps_avg_yearly": 2.02,
            "eps_latest_yearly": 1.32,
            "eps_growth_yearly": 118.76
        },
        "20113": {
            "year_quarter": 20113,
            "year": 2011,
            "quarter": 3,
            "eps": -0.07,
            "eps_growth_year": -120.47,
            "eps_4q": 0.3,
            "eps_4q_growth_year": -83.41,
            "roe": -0.41,
            "roe_4q": 1.8499999999999999,
            "gross_profit": 201154,
            "gross_margin": 15.98,
            "gross_margin_4q_avg": 15.76,
            "net_income": -7943,
            "revenue": 1258965,
            "common_shares": 1144130,
            "book_valuer_per_share": 17.08,
            "book_valuer_per_share_4q_avg": 16.32,
            "equity": 1985519,
            "current_ratio": 179.05,
            "debt_ratio": 53.72,
            "inventory_turnover_ratio": 1.13,
            "account_receivable_turnover_ratio": 0.97,
            "reinvestment_rate": 270.31,
            "research_to_sale_ratio": 1.1,
            "price_fair": 73.6,
            "eps_avg_yearly": 2.1,
            "eps_latest_yearly": 1.32,
            "eps_growth_yearly": 147.15
        },
        "20114": {
            "year_quarter": 20114,
            "year": 2011,
            "quarter": 4,
            "eps": -0.2,
            "eps_growth_year": null,
            "eps_4q": 0.18,
            "eps_4q_growth_year": -83,
            "roe": -1.18,
            "roe_4q": 1.12,
            "gross_profit": 211466,
            "gross_margin": 11.54,
            "gross_margin_4q_avg": 14.92,
            "net_income": -23057,
            "revenue": 1831668,
            "common_shares": 1160548,
            "book_valuer_per_share": 16.89,
            "book_valuer_per_share_4q_avg": 16.59,
            "equity": 1922422,
            "current_ratio": 177.02,
            "debt_ratio": 52.53,
            "inventory_turnover_ratio": 1.9,
            "account_receivable_turnover_ratio": 1.38,
            "reinvestment_rate": 123.71,
            "research_to_sale_ratio": 0.71,
            "price_fair": 73.6,
            "eps_avg_yearly": 2.1,
            "eps_latest_yearly": 1.32,
            "eps_growth_yearly": 147.15
        },
        "20121": {
            "year_quarter": 20121,
            "year": 2012,
            "quarter": 1,
            "eps": -0.07,
            "eps_growth_year": null,
            "eps_4q": 0.16,
            "eps_4q_growth_year": -65.57,
            "roe": -0.43,
            "roe_4q": 1,
            "gross_profit": 180491,
            "gross_margin": 14.89,
            "gross_margin_4q_avg": 14.11,
            "net_income": -8213,
            "revenue": 1211841,
            "common_shares": 1160548,
            "book_valuer_per_share": 16.35,
            "book_valuer_per_share_4q_avg": 16.63,
            "equity": 1860453,
            "current_ratio": 158.42,
            "debt_ratio": 51.51,
            "inventory_turnover_ratio": 1.43,
            "account_receivable_turnover_ratio": 1.06,
            "reinvestment_rate": 88.19,
            "research_to_sale_ratio": 0.98,
            "price_fair": 73.6,
            "eps_avg_yearly": 2.1,
            "eps_latest_yearly": 1.32,
            "eps_growth_yearly": 147.15
        },
        "20122": {
            "year_quarter": 20122,
            "year": 2012,
            "quarter": 2,
            "eps": -0.22,
            "eps_growth_year": -144.99,
            "eps_4q": -0.56,
            "eps_4q_growth_year": -179.99,
            "roe": -1.36,
            "roe_4q": -3.38,
            "gross_profit": 190614,
            "gross_margin": 15.28,
            "gross_margin_4q_avg": 14.42,
            "net_income": -25178,
            "revenue": 1247825,
            "common_shares": 1136088,
            "book_valuer_per_share": 16.08,
            "book_valuer_per_share_4q_avg": 16.6,
            "equity": 1829958,
            "current_ratio": 148.65,
            "debt_ratio": 53.37,
            "inventory_turnover_ratio": 1.39,
            "account_receivable_turnover_ratio": 1.15,
            "reinvestment_rate": 156.07,
            "research_to_sale_ratio": 1.09,
            "price_fair": 73.6,
            "eps_avg_yearly": 2.1,
            "eps_latest_yearly": 1.32,
            "eps_growth_yearly": 147.15
        },
        "20123": {
            "year_quarter": 20123,
            "year": 2012,
            "quarter": 3,
            "eps": 0.28,
            "eps_growth_year": null,
            "eps_4q": -0.22,
            "eps_4q_growth_year": -173.47,
            "roe": 1.72,
            "roe_4q": -1.25,
            "gross_profit": 217786,
            "gross_margin": 13.45,
            "gross_margin_4q_avg": 13.79,
            "net_income": 31254,
            "revenue": 1618766,
            "common_shares": 1136088,
            "book_valuer_per_share": 16.05,
            "book_valuer_per_share_4q_avg": 16.34,
            "equity": 1800558,
            "current_ratio": 141.72,
            "debt_ratio": 55.66,
            "inventory_turnover_ratio": 1.63,
            "account_receivable_turnover_ratio": 1.32,
            "reinvestment_rate": 131.12,
            "research_to_sale_ratio": 1.08,
            "price_fair": 75.37,
            "eps_avg_yearly": 2.15,
            "eps_latest_yearly": 1.32,
            "eps_growth_yearly": 171.68
        },
        "20124": {
            "year_quarter": 20124,
            "year": 2012,
            "quarter": 4,
            "eps": 0.06,
            "eps_growth_year": null,
            "eps_4q": 0.04,
            "eps_4q_growth_year": -79.53,
            "roe": 0.32,
            "roe_4q": 0.24999999999999994,
            "gross_profit": 354362,
            "gross_margin": 20.98,
            "gross_margin_4q_avg": 16.15,
            "net_income": 5785,
            "revenue": 1689430,
            "common_shares": 1108298,
            "book_valuer_per_share": 16.05,
            "book_valuer_per_share_4q_avg": 16.13,
            "equity": 1783608,
            "current_ratio": 136.1,
            "debt_ratio": 57.96,
            "inventory_turnover_ratio": 1.54,
            "account_receivable_turnover_ratio": 1.23,
            "reinvestment_rate": 636.02,
            "research_to_sale_ratio": 0.92,
            "price_fair": 65.8,
            "eps_avg_yearly": 1.88,
            "eps_latest_yearly": 0.24,
            "eps_growth_yearly": 102.25
        },
        "20131": {
            "year_quarter": 20131,
            "year": 2013,
            "quarter": 1,
            "eps": -0.15,
            "eps_growth_year": null,
            "eps_4q": -0.04,
            "eps_4q_growth_year": -125.25,
            "roe": -0.93,
            "roe_4q": -0.2500000000000002,
            "gross_profit": 200758,
            "gross_margin": 15.83,
            "gross_margin_4q_avg": 16.39,
            "net_income": -16665,
            "revenue": 1267910,
            "common_shares": 1108298,
            "book_valuer_per_share": 16.2,
            "book_valuer_per_share_4q_avg": 16.1,
            "equity": 1800772,
            "current_ratio": 138.55,
            "debt_ratio": 54.89,
            "inventory_turnover_ratio": 1.21,
            "account_receivable_turnover_ratio": 0.96,
            "reinvestment_rate": 58.43,
            "research_to_sale_ratio": 1.31,
            "price_fair": 65.8,
            "eps_avg_yearly": 1.88,
            "eps_latest_yearly": 0.24,
            "eps_growth_yearly": 102.25
        },
        "20132": {
            "year_quarter": 20132,
            "year": 2013,
            "quarter": 2,
            "eps": 0.05,
            "eps_growth_year": null,
            "eps_4q": 0.24,
            "eps_4q_growth_year": null,
            "roe": 0.31,
            "roe_4q": 1.42,
            "gross_profit": 245436,
            "gross_margin": 18.06,
            "gross_margin_4q_avg": 17.08,
            "net_income": 5680,
            "revenue": 1359252,
            "common_shares": 1108298,
            "book_valuer_per_share": 16.46,
            "book_valuer_per_share_4q_avg": 16.19,
            "equity": 1829254,
            "current_ratio": 129.2,
            "debt_ratio": 58.24,
            "inventory_turnover_ratio": 1.17,
            "account_receivable_turnover_ratio": 1.19,
            "reinvestment_rate": 235.52,
            "research_to_sale_ratio": 1.06,
            "price_fair": 5.64,
            "eps_avg_yearly": 1.88,
            "eps_latest_yearly": 0.24,
            "eps_growth_yearly": -37.85
        },
        "20133": {
            "year_quarter": 20133,
            "year": 2013,
            "quarter": 3,
            "eps": 0.22,
            "eps_growth_year": -21.16,
            "eps_4q": 0.17,
            "eps_4q_growth_year": null,
            "roe": 1.33,
            "roe_4q": 1.03,
            "gross_profit": 279063,
            "gross_margin": 15.93,
            "gross_margin_4q_avg": 17.7,
            "net_income": 24292,
            "revenue": 1752252,
            "common_shares": 1108298,
            "book_valuer_per_share": 16.47,
            "book_valuer_per_share_4q_avg": 16.3,
            "equity": 1831119,
            "current_ratio": 136.59,
            "debt_ratio": 59.05,
            "inventory_turnover_ratio": 1.58,
            "account_receivable_turnover_ratio": 1.42,
            "reinvestment_rate": 269.18,
            "research_to_sale_ratio": 0.87,
            "price_fair": 51.57,
            "eps_avg_yearly": 1.47,
            "eps_latest_yearly": 0.88,
            "eps_growth_yearly": 137.76
        },
        "20134": {
            "year_quarter": 20134,
            "year": 2013,
            "quarter": 4,
            "eps": -0.04,
            "eps_growth_year": -166.14,
            "eps_4q": 0.08,
            "eps_4q_growth_year": 117.73,
            "roe": -0.23,
            "roe_4q": 0.4800000000000001,
            "gross_profit": 193179,
            "gross_margin": 13.93,
            "gross_margin_4q_avg": 15.94,
            "net_income": -4252,
            "revenue": 1386424,
            "common_shares": 1108298,
            "book_valuer_per_share": 16.43,
            "book_valuer_per_share_4q_avg": 16.39,
            "equity": 1826628,
            "current_ratio": 156.5,
            "debt_ratio": 61.33,
            "inventory_turnover_ratio": 1.38,
            "account_receivable_turnover_ratio": 0.93,
            "reinvestment_rate": 259.11,
            "research_to_sale_ratio": 1.08,
            "price_fair": 41.44,
            "eps_avg_yearly": 1.18,
            "eps_latest_yearly": 0.88,
            "eps_growth_yearly": 174.95
        },
        "20141": {
            "year_quarter": 20141,
            "year": 2014,
            "quarter": 1,
            "eps": -0.06,
            "eps_growth_year": null,
            "eps_4q": 0.16,
            "eps_4q_growth_year": null,
            "roe": -0.38,
            "roe_4q": 1.03,
            "gross_profit": 201386,
            "gross_margin": 15.78,
            "gross_margin_4q_avg": 15.93,
            "net_income": -7135,
            "revenue": 1276490,
            "common_shares": 1108298,
            "book_valuer_per_share": 16.48,
            "book_valuer_per_share_4q_avg": 16.46,
            "equity": 1890591,
            "current_ratio": 166.88,
            "debt_ratio": 56.7,
            "inventory_turnover_ratio": 1.25,
            "account_receivable_turnover_ratio": 0.95,
            "reinvestment_rate": 524.28,
            "research_to_sale_ratio": 0.85,
            "price_fair": 30.1,
            "eps_avg_yearly": 0.86,
            "eps_latest_yearly": 0.88,
            "eps_growth_yearly": 233.75
        },
        "20142": {
            "year_quarter": 20142,
            "year": 2014,
            "quarter": 2,
            "eps": 0.24,
            "eps_growth_year": 380,
            "eps_4q": 0.36,
            "eps_4q_growth_year": 51.44,
            "roe": 1.48,
            "roe_4q": 2.2,
            "gross_profit": 250067,
            "gross_margin": 15.08,
            "gross_margin_4q_avg": 15.18,
            "net_income": 27955,
            "revenue": 1658497,
            "common_shares": 1143885,
            "book_valuer_per_share": 16.46,
            "book_valuer_per_share_4q_avg": 16.46,
            "equity": 1888112,
            "current_ratio": 163.57,
            "debt_ratio": 57.9,
            "inventory_turnover_ratio": 1.62,
            "account_receivable_turnover_ratio": 1.4,
            "reinvestment_rate": 484.58,
            "research_to_sale_ratio": 0.72,
            "price_fair": 28.47,
            "eps_avg_yearly": 0.81,
            "eps_latest_yearly": 0.88,
            "eps_growth_yearly": 391.24
        },
        "20143": {
            "year_quarter": 20143,
            "year": 2014,
            "quarter": 3,
            "eps": 0.74,
            "eps_growth_year": 236.36,
            "eps_4q": 0.88,
            "eps_4q_growth_year": 411.49,
            "roe": 4.33,
            "roe_4q": 5.2,
            "gross_profit": 344281,
            "gross_margin": 19.29,
            "gross_margin_4q_avg": 16.02,
            "net_income": 84483,
            "revenue": 1784752,
            "common_shares": 1143885,
            "book_valuer_per_share": 17.52,
            "book_valuer_per_share_4q_avg": 16.72,
            "equity": 2011929,
            "current_ratio": 159.74,
            "debt_ratio": 58.49,
            "inventory_turnover_ratio": 1.59,
            "account_receivable_turnover_ratio": 1.25,
            "reinvestment_rate": 299.08,
            "research_to_sale_ratio": 0.72,
            "price_fair": 47.6,
            "eps_avg_yearly": 1.36,
            "eps_latest_yearly": 2.96,
            "eps_growth_yearly": 626.35
        },
        "20144": {
            "year_quarter": 20144,
            "year": 2014,
            "quarter": 4,
            "eps": 0.43,
            "eps_growth_year": null,
            "eps_4q": 1.25,
            "eps_4q_growth_year": 1449.28,
            "roe": 2.57,
            "roe_4q": 8,
            "gross_profit": 331361,
            "gross_margin": 17.72,
            "gross_margin_4q_avg": 16.97,
            "net_income": 55452,
            "revenue": 1870136,
            "common_shares": 1145136,
            "book_valuer_per_share": 17.91,
            "book_valuer_per_share_4q_avg": 17.09,
            "equity": 2304043,
            "current_ratio": 155.8,
            "debt_ratio": 56.58,
            "inventory_turnover_ratio": 1.78,
            "account_receivable_turnover_ratio": 1.02,
            "reinvestment_rate": 180.67,
            "research_to_sale_ratio": 0.86,
            "price_fair": 50.75,
            "eps_avg_yearly": 1.45,
            "eps_latest_yearly": 1.72,
            "eps_growth_yearly": 427.87
        },
        "20151": {
            "year_quarter": 20151,
            "year": 2015,
            "quarter": 1,
            "eps": -0.09,
            "eps_growth_year": null,
            "eps_4q": 1.19,
            "eps_4q_growth_year": 631.69,
            "roe": -0.54,
            "roe_4q": 7.84,
            "gross_profit": 225487,
            "gross_margin": 17.52,
            "gross_margin_4q_avg": 17.4,
            "net_income": -12397,
            "revenue": 1287231,
            "common_shares": 1283321,
            "book_valuer_per_share": 17.64,
            "book_valuer_per_share_4q_avg": 17.38,
            "equity": 2312874,
            "current_ratio": 176.05,
            "debt_ratio": 51.99,
            "inventory_turnover_ratio": 1.26,
            "account_receivable_turnover_ratio": 0.74,
            "reinvestment_rate": 163.34,
            "research_to_sale_ratio": 1.01,
            "price_fair": 50.75,
            "eps_avg_yearly": 1.45,
            "eps_latest_yearly": 1.72,
            "eps_growth_yearly": 427.87
        },
        "20152": {
            "year_quarter": 20152,
            "year": 2015,
            "quarter": 2,
            "eps": 0.33,
            "eps_growth_year": 37.5,
            "eps_4q": 1.3,
            "eps_4q_growth_year": 262.83,
            "roe": 1.89,
            "roe_4q": 8.25,
            "gross_profit": 288464,
            "gross_margin": 18.58,
            "gross_margin_4q_avg": 18.28,
            "net_income": 42976,
            "revenue": 1552248,
            "common_shares": 1308146,
            "book_valuer_per_share": 17.05,
            "book_valuer_per_share_4q_avg": 17.53,
            "equity": 2238195,
            "current_ratio": 161.61,
            "debt_ratio": 54.62,
            "inventory_turnover_ratio": 1.36,
            "account_receivable_turnover_ratio": 1.11,
            "reinvestment_rate": 144.33,
            "research_to_sale_ratio": 0.96,
            "price_fair": 50.75,
            "eps_avg_yearly": 1.45,
            "eps_latest_yearly": 1.72,
            "eps_growth_yearly": 427.87
        },
        "20153": {
            "year_quarter": 20153,
            "year": 2015,
            "quarter": 3,
            "eps": 1.04,
            "eps_growth_year": 40.54,
            "eps_4q": 1.7,
            "eps_4q_growth_year": 92.31,
            "roe": 5.8,
            "roe_4q": 9.719999999999999,
            "gross_profit": 401426,
            "gross_margin": 18.47,
            "gross_margin_4q_avg": 18.07,
            "net_income": 136413,
            "revenue": 2173684,
            "common_shares": 1309346,
            "book_valuer_per_share": 18.77,
            "book_valuer_per_share_4q_avg": 17.84,
            "equity": 2464965,
            "current_ratio": 163.5,
            "debt_ratio": 55.24,
            "inventory_turnover_ratio": 1.73,
            "account_receivable_turnover_ratio": 1.28,
            "reinvestment_rate": 82.39,
            "research_to_sale_ratio": 0.58,
            "price_fair": 69.72,
            "eps_avg_yearly": 1.99,
            "eps_latest_yearly": 4.16,
            "eps_growth_yearly": 514.42
        },
        "20154": {
            "year_quarter": 20154,
            "year": 2015,
            "quarter": 4,
            "eps": -0.74,
            "eps_growth_year": -271.81,
            "eps_4q": 0.55,
            "eps_4q_growth_year": -56.28,
            "roe": -3.98,
            "roe_4q": 3.17,
            "gross_profit": 363374,
            "gross_margin": 21.14,
            "gross_margin_4q_avg": 18.93,
            "net_income": -96546,
            "revenue": 1719178,
            "common_shares": 1309901,
            "book_valuer_per_share": 18.32,
            "book_valuer_per_share_4q_avg": 17.95,
            "equity": 2389563,
            "current_ratio": 178.49,
            "debt_ratio": 54.67,
            "inventory_turnover_ratio": 1.41,
            "account_receivable_turnover_ratio": 0.83,
            "reinvestment_rate": 72.27,
            "research_to_sale_ratio": 0.7,
            "price_fair": 69.72,
            "eps_avg_yearly": 1.99,
            "eps_latest_yearly": 4.16,
            "eps_growth_yearly": 514.42
        },
        "20161": {
            "year_quarter": 20161,
            "year": 2016,
            "quarter": 1,
            "eps": 0.25,
            "eps_growth_year": null,
            "eps_4q": 0.91,
            "eps_4q_growth_year": -23.23,
            "roe": 1.34,
            "roe_4q": 5.05,
            "gross_profit": 301996,
            "gross_margin": 22.13,
            "gross_margin_4q_avg": 20.08,
            "net_income": 31654,
            "revenue": 1364651,
            "common_shares": 1325329,
            "book_valuer_per_share": 18.36,
            "book_valuer_per_share_4q_avg": 18.13,
            "equity": 2335702,
            "current_ratio": 214.22,
            "debt_ratio": 50.59,
            "inventory_turnover_ratio": 1.26,
            "account_receivable_turnover_ratio": 0.8,
            "reinvestment_rate": 68.34,
            "research_to_sale_ratio": 0.83,
            "price_fair": 69.72,
            "eps_avg_yearly": 1.99,
            "eps_latest_yearly": 4.16,
            "eps_growth_yearly": 514.42
        },
        "20162": {
            "year_quarter": 20162,
            "year": 2016,
            "quarter": 2,
            "eps": 0.53,
            "eps_growth_year": 60.61,
            "eps_4q": 1.14,
            "eps_4q_growth_year": -12.2,
            "roe": 3.03,
            "roe_4q": 6.1899999999999995,
            "gross_profit": 300689,
            "gross_margin": 25.2,
            "gross_margin_4q_avg": 21.74,
            "net_income": 68564,
            "revenue": 1193199,
            "common_shares": 1271966,
            "book_valuer_per_share": 17.59,
            "book_valuer_per_share_4q_avg": 18.26,
            "equity": 2184796,
            "current_ratio": 212.5,
            "debt_ratio": 50.65,
            "inventory_turnover_ratio": 1.17,
            "account_receivable_turnover_ratio": 0.99,
            "reinvestment_rate": 16.33,
            "research_to_sale_ratio": 1,
            "price_fair": 70.47,
            "eps_avg_yearly": 2.01,
            "eps_latest_yearly": 2.12,
            "eps_growth_yearly": 503.35
        },
        "20163": {
            "year_quarter": 20163,
            "year": 2016,
            "quarter": 3,
            "eps": 1.68,
            "eps_growth_year": 61.54,
            "eps_4q": 1.74,
            "eps_4q_growth_year": 2.77,
            "roe": 9.38,
            "roe_4q": 9.77,
            "gross_profit": 572924,
            "gross_margin": 25.81,
            "gross_margin_4q_avg": 23.57,
            "net_income": 211603,
            "revenue": 2220020,
            "common_shares": 1238269,
            "book_valuer_per_share": 18.73,
            "book_valuer_per_share_4q_avg": 18.25,
            "equity": 2326001,
            "current_ratio": 190.25,
            "debt_ratio": 54.33,
            "inventory_turnover_ratio": 2.2,
            "account_receivable_turnover_ratio": 1.49,
            "reinvestment_rate": 12.11,
            "research_to_sale_ratio": 0.66,
            "price_fair": 94,
            "eps_avg_yearly": 2.69,
            "eps_latest_yearly": 6.72,
            "eps_growth_yearly": 555.43
        },
        "20164": {
            "year_quarter": 20164,
            "year": 2016,
            "quarter": 4,
            "eps": 0.72,
            "eps_growth_year": null,
            "eps_4q": 3.23,
            "eps_4q_growth_year": 490.27,
            "roe": 3.71,
            "roe_4q": 17.46,
            "gross_profit": 622713,
            "gross_margin": 23.93,
            "gross_margin_4q_avg": 24.27,
            "net_income": 89078,
            "revenue": 2602501,
            "common_shares": 1238603,
            "book_valuer_per_share": 19.86,
            "book_valuer_per_share_4q_avg": 18.64,
            "equity": 2479246,
            "current_ratio": 139.96,
            "debt_ratio": 65.97,
            "inventory_turnover_ratio": 1.56,
            "account_receivable_turnover_ratio": 1.23,
            "reinvestment_rate": -281.66,
            "research_to_sale_ratio": 0.7,
            "price_fair": 107.2,
            "eps_avg_yearly": 3.06,
            "eps_latest_yearly": 2.88,
            "eps_growth_yearly": 567.67
        },
        "20171": {
            "year_quarter": 20171,
            "year": 2017,
            "quarter": 1,
            "eps": 0.64,
            "eps_growth_year": 156,
            "eps_4q": 3.6,
            "eps_4q_growth_year": 295.79,
            "roe": 3.27,
            "roe_4q": 19.39,
            "gross_profit": 634545,
            "gross_margin": 25.86,
            "gross_margin_4q_avg": 25.2,
            "net_income": 78802,
            "revenue": 2453317,
            "common_shares": 1245545,
            "book_valuer_per_share": 18.76,
            "book_valuer_per_share_4q_avg": 18.74,
            "equity": 2341169,
            "current_ratio": 142.98,
            "debt_ratio": 62.74,
            "inventory_turnover_ratio": 1.06,
            "account_receivable_turnover_ratio": 1.31,
            "reinvestment_rate": 25.79,
            "research_to_sale_ratio": 0.51,
            "price_fair": 105,
            "eps_avg_yearly": 3,
            "eps_latest_yearly": 2.56,
            "eps_growth_yearly": 491.16
        },
        "20172": {
            "year_quarter": 20172,
            "year": 2017,
            "quarter": 2,
            "eps": 0.88,
            "eps_growth_year": 66.04,
            "eps_4q": 3.93,
            "eps_4q_growth_year": 244.53,
            "roe": 4.82,
            "roe_4q": 21.18,
            "gross_profit": 662663,
            "gross_margin": 25.45,
            "gross_margin_4q_avg": 25.26,
            "net_income": 109739,
            "revenue": 2603963,
            "common_shares": 1245545,
            "book_valuer_per_share": 17.69,
            "book_valuer_per_share_4q_avg": 18.76,
            "equity": 2207967,
            "current_ratio": 158.97,
            "debt_ratio": 66.55,
            "inventory_turnover_ratio": 1.09,
            "account_receivable_turnover_ratio": 1.84,
            "reinvestment_rate": -35.09,
            "research_to_sale_ratio": 0.53,
            "price_fair": 107.02,
            "eps_avg_yearly": 3.06,
            "eps_latest_yearly": 3.52,
            "eps_growth_yearly": 453.25
        },
        "20173": {
            "year_quarter": 20173,
            "year": 2017,
            "quarter": 3,
            "eps": 1.75,
            "eps_growth_year": 4.17,
            "eps_4q": 3.99,
            "eps_4q_growth_year": 128.48,
            "roe": 9.37,
            "roe_4q": 21.17,
            "gross_profit": 886431,
            "gross_margin": 24.83,
            "gross_margin_4q_avg": 25.02,
            "net_income": 218385,
            "revenue": 3570557,
            "common_shares": 1245545,
            "book_valuer_per_share": 19.66,
            "book_valuer_per_share_4q_avg": 18.99,
            "equity": 2453468,
            "current_ratio": 143.86,
            "debt_ratio": 67.37,
            "inventory_turnover_ratio": 1.36,
            "account_receivable_turnover_ratio": 1.85,
            "reinvestment_rate": -24.64,
            "research_to_sale_ratio": 0.43,
            "price_fair": 130.82,
            "eps_avg_yearly": 3.74,
            "eps_latest_yearly": 7,
            "eps_growth_yearly": 346.08
        },
        "20174": {
            "year_quarter": 20174,
            "year": 2017,
            "quarter": 4,
            "eps": 0.03,
            "eps_growth_year": -96.24,
            "eps_4q": 3.3,
            "eps_4q_growth_year": 2.17,
            "roe": 0.15,
            "roe_4q": 17.61,
            "gross_profit": 698306,
            "gross_margin": 21.97,
            "gross_margin_4q_avg": 24.53,
            "net_income": 3640,
            "revenue": 3177752,
            "common_shares": 1245545,
            "book_valuer_per_share": 19.38,
            "book_valuer_per_share_4q_avg": 18.87,
            "equity": 2418849,
            "current_ratio": 137.54,
            "debt_ratio": 69.64,
            "inventory_turnover_ratio": 1.18,
            "account_receivable_turnover_ratio": 1.32,
            "reinvestment_rate": -19.45,
            "research_to_sale_ratio": 0.53,
            "price_fair": 118.16,
            "eps_avg_yearly": 3.38,
            "eps_latest_yearly": 0.12,
            "eps_growth_yearly": 272.16
        },
        "20181": {
            "year_quarter": 20181,
            "year": 2018,
            "quarter": 1,
            "eps": 0.04,
            "eps_growth_year": -93.75,
            "eps_4q": 2.7,
            "eps_4q_growth_year": -24.98,
            "roe": 0.22,
            "roe_4q": 14.559999999999999,
            "gross_profit": 573648,
            "gross_margin": 22.48,
            "gross_margin_4q_avg": 23.68,
            "net_income": 5164,
            "revenue": 2551822,
            "common_shares": 1245545,
            "book_valuer_per_share": 19.09,
            "book_valuer_per_share_4q_avg": 18.96,
            "equity": 2382516,
            "current_ratio": 158.77,
            "debt_ratio": 67.63,
            "inventory_turnover_ratio": 0.9,
            "account_receivable_turnover_ratio": 1.25,
            "reinvestment_rate": -22.27,
            "research_to_sale_ratio": 0.62,
            "price_fair": 107.93,
            "eps_avg_yearly": 3.08,
            "eps_latest_yearly": 0.16,
            "eps_growth_yearly": 259.54
        },
        "20182": {
            "year_quarter": 20182,
            "year": 2018,
            "quarter": 2,
            "eps": 0.63,
            "eps_growth_year": -28.41,
            "eps_4q": 2.45,
            "eps_4q_growth_year": -37.61,
            "roe": 3.37,
            "roe_4q": 13.11,
            "gross_profit": 633151,
            "gross_margin": 22.78,
            "gross_margin_4q_avg": 23.02,
            "net_income": 78767,
            "revenue": 2779822,
            "common_shares": 1245545,
            "book_valuer_per_share": 18.34,
            "book_valuer_per_share_4q_avg": 19.12,
            "equity": 2289761,
            "current_ratio": 148.27,
            "debt_ratio": 70.4,
            "inventory_turnover_ratio": 0.94,
            "account_receivable_turnover_ratio": 1.63,
            "reinvestment_rate": -12.73,
            "research_to_sale_ratio": 0.6,
            "price_fair": 106.28,
            "eps_avg_yearly": 3.04,
            "eps_latest_yearly": 2.52,
            "eps_growth_yearly": 729.58
        },
        "20183": {
            "year_quarter": 20183,
            "year": 2018,
            "quarter": 3,
            "eps": 1.59,
            "eps_growth_year": -9.14,
            "eps_4q": 2.29,
            "eps_4q_growth_year": -42.58,
            "roe": 8.33,
            "roe_4q": 12.07,
            "gross_profit": 867966,
            "gross_margin": 24.49,
            "gross_margin_4q_avg": 22.93,
            "net_income": 198148,
            "revenue": 3543511,
            "common_shares": 1245545,
            "book_valuer_per_share": 19.77,
            "book_valuer_per_share_4q_avg": 19.15,
            "equity": 2467654,
            "current_ratio": 151.68,
            "debt_ratio": 69.18,
            "inventory_turnover_ratio": 1.16,
            "account_receivable_turnover_ratio": 1.68,
            "reinvestment_rate": -14.34,
            "research_to_sale_ratio": 0.48,
            "price_fair": 116.2,
            "eps_avg_yearly": 3.32,
            "eps_latest_yearly": 6.36,
            "eps_growth_yearly": 710.93
        },
        "20184": {
            "year_quarter": 20184,
            "year": 2018,
            "quarter": 4,
            "eps": 0.57,
            "eps_growth_year": 2024.57,
            "eps_4q": 2.84,
            "eps_4q_growth_year": -13.94,
            "roe": 2.85,
            "roe_4q": 14.770000000000001,
            "gross_profit": 715865,
            "gross_margin": 24.54,
            "gross_margin_4q_avg": 23.57,
            "net_income": 71641,
            "revenue": 2917272,
            "common_shares": 1245545,
            "book_valuer_per_share": 20.52,
            "book_valuer_per_share_4q_avg": 19.43,
            "equity": 2561954,
            "current_ratio": 173.98,
            "debt_ratio": 68.17,
            "inventory_turnover_ratio": 0.97,
            "account_receivable_turnover_ratio": 1.22,
            "reinvestment_rate": -10.14,
            "research_to_sale_ratio": 0.4,
            "price_fair": 117.83,
            "eps_avg_yearly": 3.37,
            "eps_latest_yearly": 2.28,
            "eps_growth_yearly": 703.51
        },
        "20191": {
            "year_quarter": 20191,
            "year": 2019,
            "quarter": 1,
            "eps": 0.05,
            "eps_growth_year": 25,
            "eps_4q": 2.84,
            "eps_4q_growth_year": 5.14,
            "roe": 0.26,
            "roe_4q": 14.810000000000002,
            "gross_profit": 580178,
            "gross_margin": 24.03,
            "gross_margin_4q_avg": 23.96,
            "net_income": 6691,
            "revenue": 2414850,
            "common_shares": 1245545,
            "book_valuer_per_share": 20.79,
            "book_valuer_per_share_4q_avg": 19.86,
            "equity": 2595375,
            "current_ratio": 179.52,
            "debt_ratio": 68.37,
            "inventory_turnover_ratio": 0.8,
            "account_receivable_turnover_ratio": 1.26,
            "reinvestment_rate": -9.03,
            "research_to_sale_ratio": 0.44,
            "price_fair": 109.31,
            "eps_avg_yearly": 3.12,
            "eps_latest_yearly": 0.2,
            "eps_growth_yearly": 621.32
        },
        "20192": {
            "year_quarter": 20192,
            "year": 2019,
            "quarter": 2,
            "eps": 0.63,
            "eps_growth_year": 0,
            "eps_4q": 2.84,
            "eps_4q_growth_year": 15.91,
            "roe": 3.14,
            "roe_4q": 14.58,
            "gross_profit": 679712,
            "gross_margin": 22.87,
            "gross_margin_4q_avg": 23.98,
            "net_income": 78891,
            "revenue": 2971692,
            "common_shares": 1245545,
            "book_valuer_per_share": 19.51,
            "book_valuer_per_share_4q_avg": 20.15,
            "equity": 2436696,
            "current_ratio": 131.1,
            "debt_ratio": 71.26,
            "inventory_turnover_ratio": 0.99,
            "account_receivable_turnover_ratio": 1.62,
            "reinvestment_rate": 3.7,
            "research_to_sale_ratio": 0.41,
            "price_fair": 107.8,
            "eps_avg_yearly": 3.08,
            "eps_latest_yearly": 2.52,
            "eps_growth_yearly": 908.37
        },
        "20193": {
            "year_quarter": 20193,
            "year": 2019,
            "quarter": 3,
            "eps": 0.78,
            "eps_growth_year": -50.94,
            "eps_4q": 2.03,
            "eps_4q_growth_year": -11.27,
            "roe": 3.93,
            "roe_4q": 10.18,
            "gross_profit": 756863,
            "gross_margin": 21.59,
            "gross_margin_4q_avg": 23.26,
            "net_income": 97303,
            "revenue": 3506418,
            "common_shares": 1245545,
            "book_valuer_per_share": 20.1,
            "book_valuer_per_share_4q_avg": 20.23,
            "equity": 2510853,
            "current_ratio": 128.83,
            "debt_ratio": 72.48,
            "inventory_turnover_ratio": 1.14,
            "account_receivable_turnover_ratio": 1.42,
            "reinvestment_rate": -0.81,
            "research_to_sale_ratio": 0.36,
            "price_fair": 105.2,
            "eps_avg_yearly": 3.01,
            "eps_latest_yearly": 3.12,
            "eps_growth_yearly": 853.7
        },
        "20194": {
            "year_quarter": 20194,
            "year": 2019,
            "quarter": 4,
            "eps": -0.07,
            "eps_growth_year": -112.88,
            "eps_4q": 1.38,
            "eps_4q_growth_year": -51.23,
            "roe": -0.37,
            "roe_4q": 6.96,
            "gross_profit": 621533,
            "gross_margin": 23.19,
            "gross_margin_4q_avg": 22.92,
            "net_income": -9113,
            "revenue": 2679622,
            "common_shares": 1245545,
            "book_valuer_per_share": 19.09,
            "book_valuer_per_share_4q_avg": 19.87,
            "equity": 2385038,
            "current_ratio": 128.28,
            "debt_ratio": 72.43,
            "inventory_turnover_ratio": 0.87,
            "account_receivable_turnover_ratio": 1.12,
            "reinvestment_rate": 4.86,
            "research_to_sale_ratio": 0.39,
            "price_fair": 105.2,
            "eps_avg_yearly": 3.01,
            "eps_latest_yearly": 3.12,
            "eps_growth_yearly": 853.7
        },
        "20201": {
            "year_quarter": 20201,
            "year": 2020,
            "quarter": 1,
            "eps": 0.02,
            "eps_growth_year": -60,
            "eps_4q": 1.35,
            "eps_4q_growth_year": -52.44,
            "roe": 0.06,
            "roe_4q": 6.76,
            "gross_profit": 555504,
            "gross_margin": 24.99,
            "gross_margin_4q_avg": 23.16,
            "net_income": 1440,
            "revenue": 2222515,
            "common_shares": 1245545,
            "book_valuer_per_share": 19.43,
            "book_valuer_per_share_4q_avg": 19.53,
            "equity": 2426200,
            "current_ratio": 136.56,
            "debt_ratio": 72.17,
            "inventory_turnover_ratio": 0.74,
            "account_receivable_turnover_ratio": 1.24,
            "reinvestment_rate": 6.29,
            "research_to_sale_ratio": 0.35,
            "price_fair": 105.2,
            "eps_avg_yearly": 3.01,
            "eps_latest_yearly": 3.12,
            "eps_growth_yearly": 853.7
        },
        "20202": {
            "year_quarter": 20202,
            "year": 2020,
            "quarter": 2,
            "eps": 0.85,
            "eps_growth_year": 34.92,
            "eps_4q": 1.57,
            "eps_4q_growth_year": -44.76,
            "roe": 4.44,
            "roe_4q": 8.06,
            "gross_profit": 696088,
            "gross_margin": 24.39,
            "gross_margin_4q_avg": 23.54,
            "net_income": 106132,
            "revenue": 2854243,
            "common_shares": 1245545,
            "book_valuer_per_share": 18.85,
            "book_valuer_per_share_4q_avg": 19.37,
            "equity": 2354553,
            "current_ratio": 130.14,
            "debt_ratio": 73.48,
            "inventory_turnover_ratio": 0.97,
            "account_receivable_turnover_ratio": 1.54,
            "reinvestment_rate": 5.83,
            "research_to_sale_ratio": 0.35,
            "price_fair": 108.4,
            "eps_avg_yearly": 3.1,
            "eps_latest_yearly": 3.4,
            "eps_growth_yearly": 2007.41
        },
        "20203": {
            "year_quarter": 20203,
            "year": 2020,
            "quarter": 3,
            "eps": 1.3,
            "eps_growth_year": 66.67,
            "eps_4q": 2.01,
            "eps_4q_growth_year": -0.96,
            "roe": 6.6,
            "roe_4q": 10.73,
            "gross_profit": 877162,
            "gross_margin": 25.46,
            "gross_margin_4q_avg": 24.51,
            "net_income": 164796,
            "revenue": 3445122,
            "common_shares": 1245545,
            "book_valuer_per_share": 21.12,
            "book_valuer_per_share_4q_avg": 19.62,
            "equity": 2637353,
            "current_ratio": 135.76,
            "debt_ratio": 71.19,
            "inventory_turnover_ratio": 1.14,
            "account_receivable_turnover_ratio": 1.39,
            "reinvestment_rate": 18.8,
            "research_to_sale_ratio": 0.32,
            "price_fair": 104.6,
            "eps_avg_yearly": 2.99,
            "eps_latest_yearly": 5.2,
            "eps_growth_yearly": 1960.55
        },
        "20204": {
            "year_quarter": 20204,
            "year": 2020,
            "quarter": 4,
            "eps": 0.24,
            "eps_growth_year": null,
            "eps_4q": 2.32,
            "eps_4q_growth_year": 67.57,
            "roe": 1.23,
            "roe_4q": 12.33,
            "gross_profit": 654578,
            "gross_margin": 22.46,
            "gross_margin_4q_avg": 24.33,
            "net_income": 32283,
            "revenue": 2914115,
            "common_shares": 1310466,
            "book_valuer_per_share": 20.03,
            "book_valuer_per_share_4q_avg": 19.86,
            "equity": 2631721,
            "current_ratio": 138.1,
            "debt_ratio": 70.87,
            "inventory_turnover_ratio": 0.88,
            "account_receivable_turnover_ratio": 1.09,
            "reinvestment_rate": 7.66,
            "research_to_sale_ratio": 0.47,
            "price_fair": 99.8,
            "eps_avg_yearly": 2.85,
            "eps_latest_yearly": 0.96,
            "eps_growth_yearly": 1953.58
        },
        "20211": {
            "year_quarter": 20211,
            "year": 2021,
            "quarter": 1,
            "eps": 0.03,
            "eps_growth_year": 50,
            "eps_4q": 2.32,
            "eps_4q_growth_year": 71.68,
            "roe": 0.12,
            "roe_4q": 12.39,
            "gross_profit": 566377,
            "gross_margin": 21.36,
            "gross_margin_4q_avg": 23.42,
            "net_income": 3099,
            "revenue": 2651515,
            "common_shares": 1315036,
            "book_valuer_per_share": 20.1,
            "book_valuer_per_share_4q_avg": 20.03,
            "equity": 2650032,
            "current_ratio": 137.43,
            "debt_ratio": 70.66,
            "inventory_turnover_ratio": 0.7,
            "account_receivable_turnover_ratio": 1.15,
            "reinvestment_rate": 15.69,
            "research_to_sale_ratio": 0.45,
            "price_fair": 93.7,
            "eps_avg_yearly": 2.68,
            "eps_latest_yearly": 0.12,
            "eps_growth_yearly": 1931.75
        },
        "20212": {
            "year_quarter": 20212,
            "year": 2021,
            "quarter": 2,
            "eps": 0.48,
            "eps_growth_year": -43.53,
            "eps_4q": 2,
            "eps_4q_growth_year": 27.18,
            "roe": 2.45,
            "roe_4q": 10.4,
            "gross_profit": 719944,
            "gross_margin": 24.17,
            "gross_margin_4q_avg": 23.36,
            "net_income": 63263,
            "revenue": 2978313,
            "common_shares": 1319723,
            "book_valuer_per_share": 18.97,
            "book_valuer_per_share_4q_avg": 20.06,
            "equity": 2509423,
            "current_ratio": 133.45,
            "debt_ratio": 74.08,
            "inventory_turnover_ratio": 0.65,
            "account_receivable_turnover_ratio": 1.4,
            "reinvestment_rate": 11.75,
            "research_to_sale_ratio": 0.41,
            "price_fair": 89.7,
            "eps_avg_yearly": 2.56,
            "eps_latest_yearly": 1.92,
            "eps_growth_yearly": 2349.61
        },
        "20213": {
            "year_quarter": 20213,
            "year": 2021,
            "quarter": 3,
            "eps": 0.44,
            "eps_growth_year": -66.15,
            "eps_4q": 1.19,
            "eps_4q_growth_year": -40.96,
            "roe": 2.26,
            "roe_4q": 6.0600000000000005,
            "gross_profit": 655598,
            "gross_margin": 19.64,
            "gross_margin_4q_avg": 21.91,
            "net_income": 57251,
            "revenue": 3338423,
            "common_shares": 1319723,
            "book_valuer_per_share": 19.4,
            "book_valuer_per_share_4q_avg": 19.63,
            "equity": 2565354,
            "current_ratio": 145.95,
            "debt_ratio": 76.14,
            "inventory_turnover_ratio": 0.63,
            "account_receivable_turnover_ratio": 1.45,
            "reinvestment_rate": 16.78,
            "research_to_sale_ratio": 0.36,
            "price_fair": 76.6,
            "eps_avg_yearly": 2.19,
            "eps_latest_yearly": 1.76,
            "eps_growth_yearly": 2318.98
        },
        "20214": {
            "year_quarter": 20214,
            "year": 2021,
            "quarter": 4,
            "eps": -0.18,
            "eps_growth_year": -175.92,
            "eps_4q": 0.76,
            "eps_4q_growth_year": -67.18,
            "roe": -0.95,
            "roe_4q": 3.88,
            "gross_profit": 690580,
            "gross_margin": 19.85,
            "gross_margin_4q_avg": 21.26,
            "net_income": -24317,
            "revenue": 3478677,
            "common_shares": 1319723,
            "book_valuer_per_share": 19.19,
            "book_valuer_per_share_4q_avg": 19.42,
            "equity": 2536698,
            "current_ratio": 152.02,
            "debt_ratio": 75.71,
            "inventory_turnover_ratio": 0.64,
            "account_receivable_turnover_ratio": 1.36,
            "reinvestment_rate": 19.11,
            "research_to_sale_ratio": 0.33,
            "price_fair": 82.17,
            "eps_avg_yearly": 2.35,
            "eps_latest_yearly": 1.76,
            "eps_growth_yearly": 2527.6
        },
        "20221": {
            "year_quarter": 20221,
            "year": 2022,
            "quarter": 1,
            "eps": -0.15,
            "eps_growth_year": -600,
            "eps_4q": 0.59,
            "eps_4q_growth_year": -74.63,
            "roe": -0.74,
            "roe_4q": 3.02,
            "gross_profit": 584311,
            "gross_margin": 20,
            "gross_margin_4q_avg": 20.92,
            "net_income": -19145,
            "revenue": 2921226,
            "common_shares": 1319723,
            "book_valuer_per_share": 19.91,
            "book_valuer_per_share_4q_avg": 19.37,
            "equity": 2631774,
            "current_ratio": 138.54,
            "debt_ratio": 74.77,
            "inventory_turnover_ratio": 0.59,
            "account_receivable_turnover_ratio": 1.11,
            "reinvestment_rate": 23.42,
            "research_to_sale_ratio": 0.37,
            "price_fair": 88.55,
            "eps_avg_yearly": 2.53,
            "eps_latest_yearly": 1.76,
            "eps_growth_yearly": 2727.13
        },
        "20222": {
            "year_quarter": 20222,
            "year": 2022,
            "quarter": 2,
            "eps": 0.68,
            "eps_growth_year": 41.67,
            "eps_4q": 0.78,
            "eps_4q_growth_year": -60.8,
            "roe": 3.29,
            "roe_4q": 3.8599999999999994,
            "gross_profit": 707905,
            "gross_margin": 22.39,
            "gross_margin_4q_avg": 20.47,
            "net_income": 89291,
            "revenue": 3161050,
            "common_shares": 1319723,
            "book_valuer_per_share": 21.16,
            "book_valuer_per_share_4q_avg": 19.92,
            "equity": 2797826,
            "current_ratio": 141.54,
            "debt_ratio": 74.99,
            "inventory_turnover_ratio": 0.6,
            "account_receivable_turnover_ratio": 1.17,
            "reinvestment_rate": -24.97,
            "research_to_sale_ratio": 0.44,
            "price_fair": 88.58,
            "eps_avg_yearly": 2.53,
            "eps_latest_yearly": 1.76,
            "eps_growth_yearly": 2438.68
        },
        "20223": {
            "year_quarter": 20223,
            "year": 2022,
            "quarter": 3,
            "eps": 8.3,
            "eps_growth_year": 1786.36,
            "eps_4q": 8.35,
            "eps_4q_growth_year": 602.79,
            "roe": 31.76,
            "roe_4q": 33.36,
            "gross_profit": 579447,
            "gross_margin": 18.27,
            "gross_margin_4q_avg": 20.13,
            "net_income": 1155533,
            "revenue": 3172311,
            "common_shares": 1394723,
            "book_valuer_per_share": 32.07,
            "book_valuer_per_share_4q_avg": 23.08,
            "equity": 4478394,
            "current_ratio": 167.8,
            "debt_ratio": 61.62,
            "inventory_turnover_ratio": 0.62,
            "account_receivable_turnover_ratio": 1.06,
            "reinvestment_rate": -11.16,
            "research_to_sale_ratio": 0.47,
            "price_fair": 173.98,
            "eps_avg_yearly": 4.97,
            "eps_latest_yearly": 33.2,
            "eps_growth_yearly": 2790.76
        },
        "20224": {
            "year_quarter": 20224,
            "year": 2022,
            "quarter": 4,
            "eps": -2.92,
            "eps_growth_year": null,
            "eps_4q": 5.57,
            "eps_4q_growth_year": 632.81,
            "roe": -10.07,
            "roe_4q": 24.240000000000002,
            "gross_profit": 415154,
            "gross_margin": 17.18,
            "gross_margin_4q_avg": 19.46,
            "net_income": -421508,
            "revenue": 2416038,
            "common_shares": 1438682,
            "book_valuer_per_share": 27.04,
            "book_valuer_per_share_4q_avg": 25.05,
            "equity": 3895173,
            "current_ratio": 146.97,
            "debt_ratio": 61.44,
            "inventory_turnover_ratio": 0.55,
            "account_receivable_turnover_ratio": 0.91,
            "reinvestment_rate": -14.35,
            "research_to_sale_ratio": 0.17,
            "price_fair": 183.4,
            "eps_avg_yearly": 5.24,
            "eps_latest_yearly": 33.2,
            "eps_growth_yearly": 3095.5
        },
        "20231": {
            "year_quarter": 20231,
            "year": 2023,
            "quarter": 1,
            "eps": -1.6,
            "eps_growth_year": null,
            "eps_4q": 4.09,
            "eps_4q_growth_year": 594.27,
            "roe": -6.13,
            "roe_4q": 18.85,
            "gross_profit": 383140,
            "gross_margin": 19.47,
            "gross_margin_4q_avg": 19.33,
            "net_income": -231171,
            "revenue": 1968085,
            "common_shares": 1441851,
            "book_valuer_per_share": 25.3,
            "book_valuer_per_share_4q_avg": 26.39,
            "equity": 3652599,
            "current_ratio": 144.51,
            "debt_ratio": 60.41,
            "inventory_turnover_ratio": 0.53,
            "account_receivable_turnover_ratio": 1,
            "reinvestment_rate": -14.17,
            "research_to_sale_ratio": 0.61,
            "price_fair": 203,
            "eps_avg_yearly": 5.8,
            "eps_latest_yearly": 33.2,
            "eps_growth_yearly": 3479.99
        }
    },
    "months": {
        "2003-01": {
            "month": "2003-01",
            "price": "32.80",
            "revenue": 59769
        },
        "2003-02": {
            "month": "2003-02",
            "price": "31.06",
            "revenue": 50911
        },
        "2003-03": {
            "month": "2003-03",
            "price": "30.30",
            "revenue": 70398
        },
        "2003-04": {
            "month": "2003-04",
            "price": "30.29",
            "revenue": 62406
        },
        "2003-05": {
            "month": "2003-05",
            "price": "28.68",
            "revenue": 65323
        },
        "2003-06": {
            "month": "2003-06",
            "price": "29.28",
            "revenue": 54557
        },
        "2003-07": {
            "month": "2003-07",
            "price": "29.33",
            "revenue": 52541
        },
        "2003-08": {
            "month": "2003-08",
            "price": "27.00",
            "revenue": 60460
        },
        "2003-09": {
            "month": "2003-09",
            "price": "23.22",
            "revenue": 74486
        },
        "2003-10": {
            "month": "2003-10",
            "price": "21.90",
            "revenue": 65908
        },
        "2003-11": {
            "month": "2003-11",
            "price": "18.98",
            "revenue": 72446
        },
        "2003-12": {
            "month": "2003-12",
            "price": "18.83",
            "revenue": 74129
        },
        "2004-01": {
            "month": "2004-01",
            "price": "19.44",
            "revenue": 56318
        },
        "2004-02": {
            "month": "2004-02",
            "price": "19.78",
            "revenue": 70277
        },
        "2004-03": {
            "month": "2004-03",
            "price": "18.95",
            "revenue": 103631
        },
        "2004-04": {
            "month": "2004-04",
            "price": "18.20",
            "revenue": 84827
        },
        "2004-05": {
            "month": "2004-05",
            "price": "15.92",
            "revenue": 100447
        },
        "2004-06": {
            "month": "2004-06",
            "price": "15.97",
            "revenue": 95588
        },
        "2004-07": {
            "month": "2004-07",
            "price": "15.74",
            "revenue": 79710
        },
        "2004-08": {
            "month": "2004-08",
            "price": "15.46",
            "revenue": 81362
        },
        "2004-09": {
            "month": "2004-09",
            "price": "15.20",
            "revenue": 72008
        },
        "2004-10": {
            "month": "2004-10",
            "price": "13.21",
            "revenue": 75880
        },
        "2004-11": {
            "month": "2004-11",
            "price": "11.79",
            "revenue": 92203
        },
        "2004-12": {
            "month": "2004-12",
            "price": "11.86",
            "revenue": 110903
        },
        "2005-01": {
            "month": "2005-01",
            "price": "11.48",
            "revenue": 105030
        },
        "2005-02": {
            "month": "2005-02",
            "price": "11.35",
            "revenue": 61707
        },
        "2005-03": {
            "month": "2005-03",
            "price": "11.20",
            "revenue": 105001
        },
        "2005-04": {
            "month": "2005-04",
            "price": "10.36",
            "revenue": 105489
        },
        "2005-05": {
            "month": "2005-05",
            "price": "10.55",
            "revenue": 116422
        },
        "2005-06": {
            "month": "2005-06",
            "price": "13.11",
            "revenue": 118868
        },
        "2005-07": {
            "month": "2005-07",
            "price": "15.86",
            "revenue": 99075
        },
        "2005-08": {
            "month": "2005-08",
            "price": "13.50",
            "revenue": 108577
        },
        "2005-09": {
            "month": "2005-09",
            "price": "15.41",
            "revenue": 112626
        },
        "2005-10": {
            "month": "2005-10",
            "price": "16.34",
            "revenue": 104730
        },
        "2005-11": {
            "month": "2005-11",
            "price": "15.31",
            "revenue": 99800
        },
        "2005-12": {
            "month": "2005-12",
            "price": "15.37",
            "revenue": 112200
        },
        "2006-01": {
            "month": "2006-01",
            "price": "15.83",
            "revenue": 174342
        },
        "2006-02": {
            "month": "2006-02",
            "price": "15.46",
            "revenue": 183523
        },
        "2006-03": {
            "month": "2006-03",
            "price": "16.27",
            "revenue": 211172
        },
        "2006-04": {
            "month": "2006-04",
            "price": "19.29",
            "revenue": 224307
        },
        "2006-05": {
            "month": "2006-05",
            "price": "16.44",
            "revenue": 268094
        },
        "2006-06": {
            "month": "2006-06",
            "price": "15.26",
            "revenue": 286457
        },
        "2006-07": {
            "month": "2006-07",
            "price": "14.70",
            "revenue": 304997
        },
        "2006-08": {
            "month": "2006-08",
            "price": "15.49",
            "revenue": 366733
        },
        "2006-09": {
            "month": "2006-09",
            "price": "16.65",
            "revenue": 338533
        },
        "2006-10": {
            "month": "2006-10",
            "price": "21.77",
            "revenue": 433070
        },
        "2006-11": {
            "month": "2006-11",
            "price": "25.88",
            "revenue": 488468
        },
        "2006-12": {
            "month": "2006-12",
            "price": "27.68",
            "revenue": 542112
        },
        "2007-01": {
            "month": "2007-01",
            "price": "29.23",
            "revenue": 493187
        },
        "2007-02": {
            "month": "2007-02",
            "price": "29.61",
            "revenue": 285859
        },
        "2007-03": {
            "month": "2007-03",
            "price": "30.75",
            "revenue": 414256
        },
        "2007-04": {
            "month": "2007-04",
            "price": "28.81",
            "revenue": 331486
        },
        "2007-05": {
            "month": "2007-05",
            "price": "26.83",
            "revenue": 403082
        },
        "2007-06": {
            "month": "2007-06",
            "price": "27.76",
            "revenue": 499136
        },
        "2007-07": {
            "month": "2007-07",
            "price": "31.05",
            "revenue": 524119
        },
        "2007-08": {
            "month": "2007-08",
            "price": "29.10",
            "revenue": 587139
        },
        "2007-09": {
            "month": "2007-09",
            "price": "25.02",
            "revenue": 434677
        },
        "2007-10": {
            "month": "2007-10",
            "price": "23.50",
            "revenue": 467470
        },
        "2007-11": {
            "month": "2007-11",
            "price": "17.97",
            "revenue": 424981
        },
        "2007-12": {
            "month": "2007-12",
            "price": "17.20",
            "revenue": 432621
        },
        "2008-01": {
            "month": "2008-01",
            "price": "15.29",
            "revenue": 454614
        },
        "2008-02": {
            "month": "2008-02",
            "price": "14.22",
            "revenue": 239491
        },
        "2008-03": {
            "month": "2008-03",
            "price": "13.95",
            "revenue": 396360
        },
        "2008-04": {
            "month": "2008-04",
            "price": "15.28",
            "revenue": 428165
        },
        "2008-05": {
            "month": "2008-05",
            "price": "15.03",
            "revenue": 449170
        },
        "2008-06": {
            "month": "2008-06",
            "price": "13.59",
            "revenue": 442356
        },
        "2008-07": {
            "month": "2008-07",
            "price": "12.58",
            "revenue": 449634
        },
        "2008-08": {
            "month": "2008-08",
            "price": "12.00",
            "revenue": 582711
        },
        "2008-09": {
            "month": "2008-09",
            "price": "10.50",
            "revenue": 493274
        },
        "2008-10": {
            "month": "2008-10",
            "price": "9.62",
            "revenue": 375057
        },
        "2008-11": {
            "month": "2008-11",
            "price": "7.77",
            "revenue": 356503
        },
        "2008-12": {
            "month": "2008-12",
            "price": "6.49",
            "revenue": 420992
        },
        "2009-01": {
            "month": "2009-01",
            "price": "7.06",
            "revenue": 331000
        },
        "2009-02": {
            "month": "2009-02",
            "price": "6.87",
            "revenue": 319065
        },
        "2009-03": {
            "month": "2009-03",
            "price": "7.72",
            "revenue": 417212
        },
        "2009-04": {
            "month": "2009-04",
            "price": "9.46",
            "revenue": 417574
        },
        "2009-05": {
            "month": "2009-05",
            "price": "9.70",
            "revenue": 376651
        },
        "2009-06": {
            "month": "2009-06",
            "price": "10.03",
            "revenue": 398035
        },
        "2009-07": {
            "month": "2009-07",
            "price": "10.07",
            "revenue": 322321
        },
        "2009-08": {
            "month": "2009-08",
            "price": "12.02",
            "revenue": 467963
        },
        "2009-09": {
            "month": "2009-09",
            "price": "14.51",
            "revenue": 496999
        },
        "2009-10": {
            "month": "2009-10",
            "price": "16.22",
            "revenue": 449845
        },
        "2009-11": {
            "month": "2009-11",
            "price": "17.45",
            "revenue": 471540
        },
        "2009-12": {
            "month": "2009-12",
            "price": "21.49",
            "revenue": 525991
        },
        "2010-01": {
            "month": "2010-01",
            "price": "20.32",
            "revenue": 601512
        },
        "2010-02": {
            "month": "2010-02",
            "price": "19.20",
            "revenue": 353632
        },
        "2010-03": {
            "month": "2010-03",
            "price": "26.10",
            "revenue": 478288
        },
        "2010-04": {
            "month": "2010-04",
            "price": "26.56",
            "revenue": 392312
        },
        "2010-05": {
            "month": "2010-05",
            "price": "25.46",
            "revenue": 398566
        },
        "2010-06": {
            "month": "2010-06",
            "price": "24.39",
            "revenue": 400161
        },
        "2010-07": {
            "month": "2010-07",
            "price": "24.27",
            "revenue": 330174
        },
        "2010-08": {
            "month": "2010-08",
            "price": "24.29",
            "revenue": 489522
        },
        "2010-09": {
            "month": "2010-09",
            "price": "20.99",
            "revenue": 479292
        },
        "2010-10": {
            "month": "2010-10",
            "price": "20.32",
            "revenue": 451590
        },
        "2010-11": {
            "month": "2010-11",
            "price": "17.68",
            "revenue": 394473
        },
        "2010-12": {
            "month": "2010-12",
            "price": "18.40",
            "revenue": 441714
        },
        "2011-01": {
            "month": "2011-01",
            "price": "18.38",
            "revenue": 320394
        },
        "2011-02": {
            "month": "2011-02",
            "price": "17.56",
            "revenue": 200426
        },
        "2011-03": {
            "month": "2011-03",
            "price": "15.74",
            "revenue": 374283
        },
        "2011-04": {
            "month": "2011-04",
            "price": "15.89",
            "revenue": 422897
        },
        "2011-05": {
            "month": "2011-05",
            "price": "14.61",
            "revenue": 469556
        },
        "2011-06": {
            "month": "2011-06",
            "price": "18.09",
            "revenue": 355845
        },
        "2011-07": {
            "month": "2011-07",
            "price": "19.19",
            "revenue": 425504
        },
        "2011-08": {
            "month": "2011-08",
            "price": "20.15",
            "revenue": 594305
        },
        "2011-09": {
            "month": "2011-09",
            "price": "18.24",
            "revenue": 597811
        },
        "2011-10": {
            "month": "2011-10",
            "price": "15.02",
            "revenue": 583346
        },
        "2011-11": {
            "month": "2011-11",
            "price": "13.42",
            "revenue": 625309
        },
        "2011-12": {
            "month": "2011-12",
            "price": "11.13",
            "revenue": 578391
        },
        "2012-01": {
            "month": "2012-01",
            "price": "11.01",
            "revenue": 394762
        },
        "2012-02": {
            "month": "2012-02",
            "price": "13.94",
            "revenue": 350899
        },
        "2012-03": {
            "month": "2012-03",
            "price": "14.53",
            "revenue": 466180
        },
        "2012-04": {
            "month": "2012-04",
            "price": "12.23",
            "revenue": 353631
        },
        "2012-05": {
            "month": "2012-05",
            "price": "11.19",
            "revenue": 468648
        },
        "2012-06": {
            "month": "2012-06",
            "price": "11.00",
            "revenue": 393285
        },
        "2012-07": {
            "month": "2012-07",
            "price": "10.78",
            "revenue": 489842
        },
        "2012-08": {
            "month": "2012-08",
            "price": "11.08",
            "revenue": 597567
        },
        "2012-09": {
            "month": "2012-09",
            "price": "11.10",
            "revenue": 563618
        },
        "2012-10": {
            "month": "2012-10",
            "price": "11.08",
            "revenue": 592519
        },
        "2012-11": {
            "month": "2012-11",
            "price": "9.78",
            "revenue": 607665
        },
        "2012-12": {
            "month": "2012-12",
            "price": "10.12",
            "revenue": 507363
        },
        "2013-01": {
            "month": "2013-01",
            "price": "11.62",
            "revenue": 580396
        },
        "2013-02": {
            "month": "2013-02",
            "price": "12.28",
            "revenue": 274921
        },
        "2013-03": {
            "month": "2013-03",
            "price": "12.05",
            "revenue": 410663
        },
        "2013-04": {
            "month": "2013-04",
            "price": "11.26",
            "revenue": 475059
        },
        "2013-05": {
            "month": "2013-05",
            "price": "11.15",
            "revenue": 477176
        },
        "2013-06": {
            "month": "2013-06",
            "price": "11.58",
            "revenue": 402247
        },
        "2013-07": {
            "month": "2013-07",
            "price": "11.72",
            "revenue": 394973
        },
        "2013-08": {
            "month": "2013-08",
            "price": "11.06",
            "revenue": 729897
        },
        "2013-09": {
            "month": "2013-09",
            "price": "11.37",
            "revenue": 605546
        },
        "2013-10": {
            "month": "2013-10",
            "price": "11.62",
            "revenue": 538233
        },
        "2013-11": {
            "month": "2013-11",
            "price": "11.12",
            "revenue": 461267
        },
        "2013-12": {
            "month": "2013-12",
            "price": "10.49",
            "revenue": 386802
        },
        "2014-01": {
            "month": "2014-01",
            "price": "12.32",
            "revenue": 555545
        },
        "2014-02": {
            "month": "2014-02",
            "price": "14.40",
            "revenue": 211020
        },
        "2014-03": {
            "month": "2014-03",
            "price": "13.43",
            "revenue": 461706
        },
        "2014-04": {
            "month": "2014-04",
            "price": "12.54",
            "revenue": 535672
        },
        "2014-05": {
            "month": "2014-05",
            "price": "11.44",
            "revenue": 515386
        },
        "2014-06": {
            "month": "2014-06",
            "price": "12.16",
            "revenue": 510102
        },
        "2014-07": {
            "month": "2014-07",
            "price": "12.42",
            "revenue": 492401
        },
        "2014-08": {
            "month": "2014-08",
            "price": "12.86",
            "revenue": 658268
        },
        "2014-09": {
            "month": "2014-09",
            "price": "13.90",
            "revenue": 783600
        },
        "2014-10": {
            "month": "2014-10",
            "price": "14.56",
            "revenue": 636198
        },
        "2014-11": {
            "month": "2014-11",
            "price": "15.10",
            "revenue": 645870
        },
        "2014-12": {
            "month": "2014-12",
            "price": "17.00",
            "revenue": 647621
        },
        "2015-01": {
            "month": "2015-01",
            "price": "18.50",
            "revenue": 514621
        },
        "2015-02": {
            "month": "2015-02",
            "price": "17.90",
            "revenue": 305239
        },
        "2015-03": {
            "month": "2015-03",
            "price": "16.47",
            "revenue": 430597
        },
        "2015-04": {
            "month": "2015-04",
            "price": "15.75",
            "revenue": 521905
        },
        "2015-05": {
            "month": "2015-05",
            "price": "13.93",
            "revenue": 585279
        },
        "2015-06": {
            "month": "2015-06",
            "price": "12.88",
            "revenue": 441048
        },
        "2015-07": {
            "month": "2015-07",
            "price": "14.04",
            "revenue": 510834
        },
        "2015-08": {
            "month": "2015-08",
            "price": "12.95",
            "revenue": 851622
        },
        "2015-09": {
            "month": "2015-09",
            "price": "14.91",
            "revenue": 841144
        },
        "2015-10": {
            "month": "2015-10",
            "price": "16.63",
            "revenue": 629855
        },
        "2015-11": {
            "month": "2015-11",
            "price": "16.04",
            "revenue": 661602
        },
        "2015-12": {
            "month": "2015-12",
            "price": "15.46",
            "revenue": 423986
        },
        "2016-01": {
            "month": "2016-01",
            "price": "14.23",
            "revenue": 523074
        },
        "2016-02": {
            "month": "2016-02",
            "price": "14.73",
            "revenue": 255723
        },
        "2016-03": {
            "month": "2016-03",
            "price": "14.70",
            "revenue": 592803
        },
        "2016-04": {
            "month": "2016-04",
            "price": "14.95",
            "revenue": 385117
        },
        "2016-05": {
            "month": "2016-05",
            "price": "14.79",
            "revenue": 405615
        },
        "2016-06": {
            "month": "2016-06",
            "price": "15.30",
            "revenue": 410097
        },
        "2016-07": {
            "month": "2016-07",
            "price": "17.24",
            "revenue": 509712
        },
        "2016-08": {
            "month": "2016-08",
            "price": "19.30",
            "revenue": 895998
        },
        "2016-09": {
            "month": "2016-09",
            "price": "25.66",
            "revenue": 821594
        },
        "2016-10": {
            "month": "2016-10",
            "price": "34.20",
            "revenue": 681184
        },
        "2016-11": {
            "month": "2016-11",
            "price": "42.56",
            "revenue": 785837
        },
        "2016-12": {
            "month": "2016-12",
            "price": "53.47",
            "revenue": 1099400
        },
        "2017-01": {
            "month": "2017-01",
            "price": "62.01",
            "revenue": 875358
        },
        "2017-02": {
            "month": "2017-02",
            "price": "67.06",
            "revenue": 747320
        },
        "2017-03": {
            "month": "2017-03",
            "price": "60.86",
            "revenue": 875117
        },
        "2017-04": {
            "month": "2017-04",
            "price": "49.15",
            "revenue": 828685
        },
        "2017-05": {
            "month": "2017-05",
            "price": "55.00",
            "revenue": 882306
        },
        "2017-06": {
            "month": "2017-06",
            "price": "61.41",
            "revenue": 914779
        },
        "2017-07": {
            "month": "2017-07",
            "price": "62.51",
            "revenue": 951286
        },
        "2017-08": {
            "month": "2017-08",
            "price": "63.28",
            "revenue": 1414728
        },
        "2017-09": {
            "month": "2017-09",
            "price": "68.06",
            "revenue": 1199775
        },
        "2017-10": {
            "month": "2017-10",
            "price": "61.32",
            "revenue": 1040039
        },
        "2017-11": {
            "month": "2017-11",
            "price": "55.93",
            "revenue": 1205478
        },
        "2017-12": {
            "month": "2017-12",
            "price": "53.04",
            "revenue": 925281
        },
        "2018-01": {
            "month": "2018-01",
            "price": "50.24",
            "revenue": 909914
        },
        "2018-02": {
            "month": "2018-02",
            "price": "41.74",
            "revenue": 739274
        },
        "2018-03": {
            "month": "2018-03",
            "price": "42.79",
            "revenue": 899255
        },
        "2018-04": {
            "month": "2018-04",
            "price": "37.46",
            "revenue": 1024498
        },
        "2018-05": {
            "month": "2018-05",
            "price": "36.41",
            "revenue": 926736
        },
        "2018-06": {
            "month": "2018-06",
            "price": "37.99",
            "revenue": 828716
        },
        "2018-07": {
            "month": "2018-07",
            "price": "36.67",
            "revenue": 1190573
        },
        "2018-08": {
            "month": "2018-08",
            "price": "38.46",
            "revenue": 1243890
        },
        "2018-09": {
            "month": "2018-09",
            "price": "37.08",
            "revenue": 1096846
        },
        "2018-10": {
            "month": "2018-10",
            "price": "27.18",
            "revenue": 1063559
        },
        "2018-11": {
            "month": "2018-11",
            "price": "26.89",
            "revenue": 1021026
        },
        "2018-12": {
            "month": "2018-12",
            "price": "26.54",
            "revenue": 814514
        },
        "2019-01": {
            "month": "2019-01",
            "price": "26.07",
            "revenue": 908151
        },
        "2019-02": {
            "month": "2019-02",
            "price": "28.02",
            "revenue": 634304
        },
        "2019-03": {
            "month": "2019-03",
            "price": "29.27",
            "revenue": 863763
        },
        "2019-04": {
            "month": "2019-04",
            "price": "30.86",
            "revenue": 965318
        },
        "2019-05": {
            "month": "2019-05",
            "price": "27.48",
            "revenue": 1064521
        },
        "2019-06": {
            "month": "2019-06",
            "price": "27.11",
            "revenue": 938398
        },
        "2019-07": {
            "month": "2019-07",
            "price": "29.19",
            "revenue": 1211538
        },
        "2019-08": {
            "month": "2019-08",
            "price": "27.92",
            "revenue": 1179077
        },
        "2019-09": {
            "month": "2019-09",
            "price": "27.48",
            "revenue": 1109283
        },
        "2019-10": {
            "month": "2019-10",
            "price": "26.57",
            "revenue": 890678
        },
        "2019-11": {
            "month": "2019-11",
            "price": "26.39",
            "revenue": 935470
        },
        "2019-12": {
            "month": "2019-12",
            "price": "25.62",
            "revenue": 847775
        },
        "2020-01": {
            "month": "2020-01",
            "price": "24.61",
            "revenue": 724810
        },
        "2020-02": {
            "month": "2020-02",
            "price": "22.86",
            "revenue": 598306
        },
        "2020-03": {
            "month": "2020-03",
            "price": "17.89",
            "revenue": 876724
        },
        "2020-04": {
            "month": "2020-04",
            "price": "17.00",
            "revenue": 911609
        },
        "2020-05": {
            "month": "2020-05",
            "price": "18.78",
            "revenue": 992384
        },
        "2020-06": {
            "month": "2020-06",
            "price": "20.11",
            "revenue": 980560
        },
        "2020-07": {
            "month": "2020-07",
            "price": "20.18",
            "revenue": 1081867
        },
        "2020-08": {
            "month": "2020-08",
            "price": "22.54",
            "revenue": 1220062
        },
        "2020-09": {
            "month": "2020-09",
            "price": "29.02",
            "revenue": 1132228
        },
        "2020-10": {
            "month": "2020-10",
            "price": "26.71",
            "revenue": 971730
        },
        "2020-11": {
            "month": "2020-11",
            "price": "27.05",
            "revenue": 961455
        },
        "2020-12": {
            "month": "2020-12",
            "price": "27.53",
            "revenue": 918479
        },
        "2021-01": {
            "month": "2021-01",
            "price": "25.62",
            "revenue": 939476
        },
        "2021-02": {
            "month": "2021-02",
            "price": "25.55",
            "revenue": 665682
        },
        "2021-03": {
            "month": "2021-03",
            "price": "28.71",
            "revenue": 1053249
        },
        "2021-04": {
            "month": "2021-04",
            "price": "28.59",
            "revenue": 988506
        },
        "2021-05": {
            "month": "2021-05",
            "price": "24.03",
            "revenue": 1044219
        },
        "2021-06": {
            "month": "2021-06",
            "price": "24.01",
            "revenue": 1013434
        },
        "2021-07": {
            "month": "2021-07",
            "price": "24.58",
            "revenue": 1141765
        },
        "2021-08": {
            "month": "2021-08",
            "price": "23.55",
            "revenue": 1062277
        },
        "2021-09": {
            "month": "2021-09",
            "price": "24.64",
            "revenue": 1243559
        },
        "2021-10": {
            "month": "2021-10",
            "price": "24.24",
            "revenue": 1050734
        },
        "2021-11": {
            "month": "2021-11",
            "price": "23.06",
            "revenue": 1183602
        },
        "2021-12": {
            "month": "2021-12",
            "price": "22.72",
            "revenue": 1220948
        },
        "2022-01": {
            "month": "2022-01",
            "price": "23.33",
            "revenue": 1072539
        },
        "2022-02": {
            "month": "2022-02",
            "price": "23.68",
            "revenue": 728252
        },
        "2022-03": {
            "month": "2022-03",
            "price": "23.12",
            "revenue": 1087181
        },
        "2022-04": {
            "month": "2022-04",
            "price": "21.05",
            "revenue": 984358
        },
        "2022-05": {
            "month": "2022-05",
            "price": "22.96",
            "revenue": 988642
        },
        "2022-06": {
            "month": "2022-06",
            "price": "23.89",
            "revenue": 1251357
        },
        "2022-07": {
            "month": "2022-07",
            "price": "24.38",
            "revenue": 1140066
        },
        "2022-08": {
            "month": "2022-08",
            "price": "29.15",
            "revenue": 1268466
        },
        "2022-09": {
            "month": "2022-09",
            "price": "31.42",
            "revenue": 851671
        },
        "2022-10": {
            "month": "2022-10",
            "price": "25.57",
            "revenue": 807329
        },
        "2022-11": {
            "month": "2022-11",
            "price": "27.10",
            "revenue": 828460
        },
        "2022-12": {
            "month": "2022-12",
            "price": "25.90",
            "revenue": 757403
        },
        "2023-01": {
            "month": "2023-01",
            "price": "26.98",
            "revenue": 648201
        },
        "2023-02": {
            "month": "2023-02",
            "price": "27.08",
            "revenue": 662544
        },
        "2023-03": {
            "month": "2023-03",
            "price": "27.72",
            "revenue": 757161
        },
        "2023-04": {
            "month": "2023-04",
            "price": "28.45",
            "revenue": 825555
        }
    }
}
