{
    "summary": {
        "stock_name": "晉泰",
        "stock_id": "6221",
        "category": "資訊服務",
        "main_business": "系統平台、儲存設備、企業應用軟體服務、資料處理服務<br>資訊安全管理、網路安全及設備、入口網站及電子資訊供應服務<br>系統管理、資料修復、國際貿易、事務性機器設備、電信器材等",
        "website_url": "https://www.genesis.com.tw/",
        "ceo": "史守威",
        "pe_ratio": 27,
        "report_year_from": 2002,
        "report_year_to": 2023,
        "age": 22,
        "eps_negative_percentage": 9,
        "eps_growth_avg": {
            "last_all": -1.89,
            "last_2y": -10.01,
            "last_4y": 1.99,
            "last_8y": 15.11,
            "last_12y": 14.92,
            "last_16y": 6.09,
            "last_20y": 1.05,
            "at_2006_last_3y": -25.85,
            "at_2007_last_3y": 16.16,
            "at_2008_last_3y": -32.14,
            "at_2009_last_3y": -32.14,
            "at_2010_last_3y": -32.14,
            "at_2011_last_3y": -15.83,
            "at_2012_last_3y": -7.27,
            "at_2013_last_3y": 27.87,
            "at_2014_last_3y": 14.49,
            "at_2015_last_3y": 3.24,
            "at_2016_last_3y": -1.01,
            "at_2017_last_3y": 3.14,
            "at_2018_last_3y": 31.5,
            "at_2019_last_3y": 25.82,
            "at_2020_last_3y": 37.44,
            "at_2021_last_3y": 27.83,
            "at_2022_last_3y": 8.67,
            "at_2023_last_3y": -4.94,
            "at_2024_last_3y": -4.94,
            "at_2006_last_all": -33.83,
            "at_2007_last_all": -17.37,
            "at_2008_last_all": -21.96,
            "at_2009_last_all": -33.11,
            "at_2010_last_all": -33.11,
            "at_2011_last_all": -16.79,
            "at_2012_last_all": -17.06,
            "at_2013_last_all": -14.81,
            "at_2014_last_all": -15.8,
            "at_2015_last_all": -10.11,
            "at_2016_last_all": -12.12,
            "at_2017_last_all": -9.68,
            "at_2018_last_all": -3.19,
            "at_2019_last_all": -1.13,
            "at_2020_last_all": -0.46,
            "at_2021_last_all": -1.35,
            "at_2022_last_all": -0.69,
            "at_2023_last_all": -1.89,
            "at_2024_last_all": -1.89
        },
        "latest_eps": 2.91,
        "latest_price": 79.1,
        "latest_roe": 14.87,
        "latest_gross_margin": 18.17,
        "latest_equity": 2093336,
        "latest_revenue": 1458943,
        "latest_gross_profit": 265105,
        "latest_net_income": 61036,
        "latest_debt_ratio": 61.85,
        "latest_current_ratio": 157.89,
        "latest_account_receivable_turnover_ratio": 1.82,
        "latest_inventory_turnover_ratio": 0.56,
        "latest_reinvestment_rate": 1.34,
        "latest_research_to_sale_ratio": 0.3
    },
    "eps_dividends": {
        "2000": {
            "cash": 0,
            "stock": 6.12,
            "eps": 0
        },
        "2001": {
            "cash": 0,
            "stock": 3.5,
            "eps": 3.27
        },
        "2002": {
            "cash": 0.5,
            "stock": 2,
            "eps": 1.38
        },
        "2003": {
            "cash": 0.5,
            "stock": 1.5,
            "eps": 0.31
        },
        "2004": {
            "cash": 0,
            "stock": 1,
            "eps": 0.7
        },
        "2005": {
            "cash": 0.2,
            "stock": 0.4,
            "eps": -0.68
        },
        "2006": {
            "cash": 0,
            "stock": 0,
            "eps": 0.99
        },
        "2007": {
            "cash": 0.22,
            "stock": 0.43,
            "eps": 1.47
        },
        "2008": {
            "cash": 0.5,
            "stock": 0.6,
            "eps": 0.81
        },
        "2009": {
            "cash": 0.4,
            "stock": 0.3,
            "eps": -0.64
        },
        "2010": {
            "cash": 0,
            "stock": 0,
            "eps": 1.16
        },
        "2011": {
            "cash": 0.6,
            "stock": 0.2,
            "eps": 2.29
        },
        "2012": {
            "cash": 1.3,
            "stock": 0.6,
            "eps": 1.85
        },
        "2013": {
            "cash": 1.3,
            "stock": 0.2,
            "eps": 1.95
        },
        "2014": {
            "cash": 1.6,
            "stock": 0,
            "eps": 1.45
        },
        "2015": {
            "cash": 1.3,
            "stock": 0,
            "eps": 2.21
        },
        "2016": {
            "cash": 1.7,
            "stock": 0.5,
            "eps": 1.41
        },
        "2017": {
            "cash": 0.5,
            "stock": 0,
            "eps": 1.72
        },
        "2018": {
            "cash": 0.5,
            "stock": 0,
            "eps": 3.23
        },
        "2019": {
            "cash": 1.25,
            "stock": 1.25,
            "eps": 4.19
        },
        "2020": {
            "cash": 1.25,
            "stock": 1.25,
            "eps": 4.62
        },
        "2021": {
            "cash": 0,
            "stock": 4,
            "eps": 3.86
        },
        "2022": {
            "cash": 1,
            "stock": 1.5,
            "eps": 4.29
        },
        "2023": {
            "cash": 1,
            "stock": 2,
            "eps": 3.23
        },
        "2024": {
            "cash": 0,
            "stock": 2.5,
            "eps": 0
        }
    },
    "dividends": {
        "2000-06-07": {
            "cash": 0,
            "stock": 6.12
        },
        "2001-03-28": {
            "cash": 0,
            "stock": 3.5
        },
        "2002-04-19": {
            "cash": 0.5,
            "stock": 2
        },
        "2003-05-27": {
            "cash": 0.5,
            "stock": 1.5
        },
        "2004-03-29": {
            "cash": 0,
            "stock": 1
        },
        "2005-03-04": {
            "cash": 0.2,
            "stock": 0.4
        },
        "2007-03-14": {
            "cash": 0.22,
            "stock": 0.43
        },
        "2008-02-21": {
            "cash": 0.5,
            "stock": 0.6
        },
        "2009-03-05": {
            "cash": 0.4,
            "stock": 0.3
        },
        "2011-03-10": {
            "cash": 0.6,
            "stock": 0.2
        },
        "2012-06-19": {
            "cash": 1.3,
            "stock": 0.6
        },
        "2013-06-20": {
            "cash": 1.3,
            "stock": 0.2
        },
        "2014-06-10": {
            "cash": 1.6,
            "stock": 0
        },
        "2015-03-26": {
            "cash": 1.3,
            "stock": 0
        },
        "2016-08-19": {
            "cash": 1.7,
            "stock": 0.5
        },
        "2017-08-25": {
            "cash": 0.5,
            "stock": 0
        },
        "2018-09-12": {
            "cash": 0.5,
            "stock": 0
        },
        "2019-10-31": {
            "cash": 1.25,
            "stock": 1.25
        },
        "2020-10-30": {
            "cash": 1.25,
            "stock": 1.25
        },
        "2021-03-26": {
            "cash": 0,
            "stock": 4
        },
        "2022-09-30": {
            "cash": 1,
            "stock": 1.5
        },
        "2023-09-28": {
            "cash": 1,
            "stock": 2
        },
        "2024-03-13": {
            "cash": 0,
            "stock": 2.5
        }
    },
    "prices": {
        "200101": "無",
        "200102": "無",
        "200103": "無",
        "200104": "無",
        "200105": "無",
        "200106": "無",
        "200107": "無",
        "200108": "無",
        "200109": "無",
        "200110": "無",
        "200111": "無",
        "200112": "無",
        "200201": "無",
        "200202": "無",
        "200203": "無",
        "200204": "無",
        "200205": "無",
        "200206": "無",
        "200207": "無",
        "200208": "無",
        "200209": "無",
        "200210": "無",
        "200211": "無",
        "200212": "無",
        "200301": "18.78",
        "200302": "17.74",
        "200303": "17.80",
        "200304": "16.88",
        "200305": "16.15",
        "200306": "18.86",
        "200307": "16.05",
        "200308": "12.97",
        "200309": "11.49",
        "200310": "12.85",
        "200311": "12.06",
        "200312": "12.70",
        "200401": "12.87",
        "200402": "13.79",
        "200403": "14.32",
        "200404": "14.54",
        "200405": "13.71",
        "200406": "14.12",
        "200407": "14.42",
        "200408": "12.21",
        "200409": "12.70",
        "200410": "11.00",
        "200411": "10.79",
        "200412": "9.92",
        "200501": "9.03",
        "200502": "9.47",
        "200503": "10.05",
        "200504": "9.14",
        "200505": "8.25",
        "200506": "8.06",
        "200507": "8.74",
        "200508": "7.36",
        "200509": "7.23",
        "200510": "6.52",
        "200511": "5.96",
        "200512": "5.95",
        "200601": "6.34",
        "200602": "6.01",
        "200603": "5.50",
        "200604": "5.94",
        "200605": "7.52",
        "200606": "8.28",
        "200607": "8.54",
        "200608": "8.26",
        "200609": "8.84",
        "200610": "9.66",
        "200611": "9.42",
        "200612": "11.96",
        "200701": "12.55",
        "200702": "11.80",
        "200703": "11.98",
        "200704": "15.74",
        "200705": "14.60",
        "200706": "16.02",
        "200707": "16.91",
        "200708": "15.86",
        "200709": "16.20",
        "200710": "15.09",
        "200711": "14.70",
        "200712": "13.39",
        "200801": "12.38",
        "200802": "11.94",
        "200803": "12.71",
        "200804": "13.72",
        "200805": "14.44",
        "200806": "14.35",
        "200807": "13.23",
        "200808": "11.49",
        "200809": "8.17",
        "200810": "6.67",
        "200811": "6.45",
        "200812": "7.05",
        "200901": "6.12",
        "200902": "5.95",
        "200903": "8.00",
        "200904": "9.19",
        "200905": "8.75",
        "200906": "8.70",
        "200907": "8.69",
        "200908": "8.38",
        "200909": "8.20",
        "200910": "9.46",
        "200911": "9.48",
        "200912": "10.71",
        "201001": "12.13",
        "201002": "12.02",
        "201003": "12.98",
        "201004": "15.77",
        "201005": "14.30",
        "201006": "15.35",
        "201007": "16.42",
        "201008": "15.43",
        "201009": "14.70",
        "201010": "13.87",
        "201011": "14.01",
        "201012": "16.23",
        "201101": "15.96",
        "201102": "15.47",
        "201103": "16.05",
        "201104": "16.99",
        "201105": "18.60",
        "201106": "18.53",
        "201107": "17.90",
        "201108": "16.15",
        "201109": "16.81",
        "201110": "16.41",
        "201111": "16.57",
        "201112": "15.96",
        "201201": "16.41",
        "201202": "21.75",
        "201203": "31.19",
        "201204": "24.16",
        "201205": "21.69",
        "201206": "21.46",
        "201207": "22.57",
        "201208": "23.06",
        "201209": "21.35",
        "201210": "19.62",
        "201211": "15.85",
        "201212": "16.36",
        "201301": "16.77",
        "201302": "16.22",
        "201303": "16.68",
        "201304": "18.56",
        "201305": "18.62",
        "201306": "20.24",
        "201307": "21.52",
        "201308": "23.13",
        "201309": "21.98",
        "201310": "23.58",
        "201311": "21.60",
        "201312": "21.87",
        "201401": "23.10",
        "201402": "24.50",
        "201403": "26.52",
        "201404": "26.49",
        "201405": "25.00",
        "201406": "26.09",
        "201407": "24.28",
        "201408": "22.38",
        "201409": "20.77",
        "201410": "20.46",
        "201411": "20.82",
        "201412": "21.91",
        "201501": "22.80",
        "201502": "23.06",
        "201503": "23.71",
        "201504": "23.82",
        "201505": "23.78",
        "201506": "23.19",
        "201507": "23.01",
        "201508": "23.00",
        "201509": "23.08",
        "201510": "23.71",
        "201511": "23.43",
        "201512": "23.04",
        "201601": "24.81",
        "201602": "24.30",
        "201603": "25.68",
        "201604": "25.27",
        "201605": "25.17",
        "201606": "25.82",
        "201607": "26.54",
        "201608": "24.08",
        "201609": "24.12",
        "201610": "24.72",
        "201611": "24.04",
        "201612": "23.70",
        "201701": "23.64",
        "201702": "24.35",
        "201703": "24.72",
        "201704": "24.85",
        "201705": "24.72",
        "201706": "24.73",
        "201707": "24.20",
        "201708": "23.73",
        "201709": "24.08",
        "201710": "24.60",
        "201711": "24.74",
        "201712": "24.47",
        "201801": "24.43",
        "201802": "24.85",
        "201803": "26.15",
        "201804": "26.78",
        "201805": "28.18",
        "201806": "28.40",
        "201807": "29.27",
        "201808": "30.62",
        "201809": "29.67",
        "201810": "26.90",
        "201811": "27.64",
        "201812": "28.51",
        "201901": "28.43",
        "201902": "29.07",
        "201903": "34.28",
        "201904": "39.71",
        "201905": "43.30",
        "201906": "43.64",
        "201907": "49.32",
        "201908": "51.30",
        "201909": "51.82",
        "201910": "49.61",
        "201911": "47.60",
        "201912": "44.17",
        "202001": "44.58",
        "202002": "41.12",
        "202003": "40.72",
        "202004": "51.60",
        "202005": "58.06",
        "202006": "62.63",
        "202007": "64.01",
        "202008": "53.59",
        "202009": "45.79",
        "202010": "43.66",
        "202011": "43.07",
        "202012": "43.88",
        "202101": "44.29",
        "202102": "51.98",
        "202103": "61.81",
        "202104": "67.35",
        "202105": "70.39",
        "202106": "71.06",
        "202107": "68.86",
        "202108": "60.85",
        "202109": "65.38",
        "202110": "67.04",
        "202111": "57.15",
        "202112": "49.92",
        "202201": "49.28",
        "202202": "49.15",
        "202203": "48.54",
        "202204": "48.26",
        "202205": "46.68",
        "202206": "47.18",
        "202207": "48.44",
        "202208": "56.40",
        "202209": "52.94",
        "202210": "52.61",
        "202211": "51.79",
        "202212": "52.04",
        "202301": "52.51",
        "202302": "55.78",
        "202303": "60.36",
        "202304": "63.47",
        "202305": "64.57",
        "202306": "70.66",
        "202307": "73.07",
        "202308": "72.61",
        "202309": "63.88",
        "202310": "63.39",
        "202311": "63.52",
        "202312": "65.16",
        "202401": "65.40",
        "202402": "68.46",
        "202403": "74.04",
        "202404": "無"
    },
    "quarters": {
        "20011": {
            "year_quarter": 20011,
            "year": 2001,
            "quarter": 1,
            "eps": 1.23,
            "eps_growth_year": null,
            "eps_4q": null,
            "eps_4q_growth_year": null,
            "roe": 8.97,
            "roe_4q": 8.97,
            "gross_profit": 59613,
            "gross_margin": 23.81,
            "gross_margin_4q_avg": 23.81,
            "net_income": 19135,
            "net_income_4q": null,
            "revenue": 250320,
            "revenue_4q": null,
            "common_shares": 110000,
            "book_valuer_per_share": 20.27,
            "book_valuer_per_share_4q_avg": 20.27,
            "equity": 222996,
            "current_ratio": 143.53,
            "debt_ratio": 60.63,
            "inventory_turnover_ratio": 2.88,
            "account_receivable_turnover_ratio": null,
            "reinvestment_rate": null,
            "research_to_sale_ratio": null,
            "price_fair": 0,
            "eps_avg_yearly": 0,
            "eps_latest_yearly": 0,
            "eps_growth_yearly": 0
        },
        "20012": {
            "year_quarter": 20012,
            "year": 2001,
            "quarter": 2,
            "eps": 0.84,
            "eps_growth_year": null,
            "eps_4q": null,
            "eps_4q_growth_year": null,
            "roe": 4.63,
            "roe_4q": 13.600000000000001,
            "gross_profit": 66654,
            "gross_margin": 25.94,
            "gross_margin_4q_avg": 24.88,
            "net_income": 14318,
            "net_income_4q": null,
            "revenue": 256993,
            "revenue_4q": null,
            "common_shares": 195617,
            "book_valuer_per_share": 20.25,
            "book_valuer_per_share_4q_avg": 20.26,
            "equity": 396128,
            "current_ratio": 195.39,
            "debt_ratio": 46.84,
            "inventory_turnover_ratio": 2.92,
            "account_receivable_turnover_ratio": null,
            "reinvestment_rate": null,
            "research_to_sale_ratio": null,
            "price_fair": 0,
            "eps_avg_yearly": 0,
            "eps_latest_yearly": 0,
            "eps_growth_yearly": 0
        },
        "20013": {
            "year_quarter": 20013,
            "year": 2001,
            "quarter": 3,
            "eps": 0.72,
            "eps_growth_year": null,
            "eps_4q": null,
            "eps_4q_growth_year": null,
            "roe": 3.29,
            "roe_4q": 16.89,
            "gross_profit": 50501,
            "gross_margin": 22.25,
            "gross_margin_4q_avg": 24,
            "net_income": 13236,
            "net_income_4q": null,
            "revenue": 226971,
            "revenue_4q": null,
            "common_shares": 195617,
            "book_valuer_per_share": 20.93,
            "book_valuer_per_share_4q_avg": 20.48,
            "equity": 409364,
            "current_ratio": 205.23,
            "debt_ratio": 43.27,
            "inventory_turnover_ratio": 1.86,
            "account_receivable_turnover_ratio": null,
            "reinvestment_rate": null,
            "research_to_sale_ratio": null,
            "price_fair": 0,
            "eps_avg_yearly": 0,
            "eps_latest_yearly": 0,
            "eps_growth_yearly": 0
        },
        "20014": {
            "year_quarter": 20014,
            "year": 2001,
            "quarter": 4,
            "eps": 0.48,
            "eps_growth_year": null,
            "eps_4q": 3.05,
            "eps_4q_growth_year": null,
            "roe": 2.11,
            "roe_4q": 19,
            "gross_profit": 38481,
            "gross_margin": 14.67,
            "gross_margin_4q_avg": 21.67,
            "net_income": 8710,
            "net_income_4q": null,
            "revenue": 262318,
            "revenue_4q": null,
            "common_shares": 195617,
            "book_valuer_per_share": 21.37,
            "book_valuer_per_share_4q_avg": 20.71,
            "equity": 418074,
            "current_ratio": 203.35,
            "debt_ratio": 44.14,
            "inventory_turnover_ratio": 1.91,
            "account_receivable_turnover_ratio": null,
            "reinvestment_rate": null,
            "research_to_sale_ratio": null,
            "price_fair": 0,
            "eps_avg_yearly": 0,
            "eps_latest_yearly": 0,
            "eps_growth_yearly": 0
        },
        "20021": {
            "year_quarter": 20021,
            "year": 2002,
            "quarter": 1,
            "eps": 0.36,
            "eps_growth_year": -70.73,
            "eps_4q": 2.23,
            "eps_4q_growth_year": null,
            "roe": 1.66,
            "roe_4q": 11.69,
            "gross_profit": 58793,
            "gross_margin": 23.57,
            "gross_margin_4q_avg": 21.61,
            "net_income": 6979,
            "net_income_4q": null,
            "revenue": 249457,
            "revenue_4q": null,
            "common_shares": 195617,
            "book_valuer_per_share": 21.73,
            "book_valuer_per_share_4q_avg": 21.07,
            "equity": 425053,
            "current_ratio": 198.42,
            "debt_ratio": 44.82,
            "inventory_turnover_ratio": 1.85,
            "account_receivable_turnover_ratio": null,
            "reinvestment_rate": null,
            "research_to_sale_ratio": null,
            "price_fair": 4.32,
            "eps_avg_yearly": 1.44,
            "eps_latest_yearly": 1.44,
            "eps_growth_yearly": -100
        },
        "20022": {
            "year_quarter": 20022,
            "year": 2002,
            "quarter": 2,
            "eps": 0.54,
            "eps_growth_year": -35.71,
            "eps_4q": 2.02,
            "eps_4q_growth_year": null,
            "roe": 2.48,
            "roe_4q": 9.54,
            "gross_profit": 55933,
            "gross_margin": 16.48,
            "gross_margin_4q_avg": 19.24,
            "net_income": 10539,
            "net_income_4q": null,
            "revenue": 339326,
            "revenue_4q": null,
            "common_shares": 195617,
            "book_valuer_per_share": 21.69,
            "book_valuer_per_share_4q_avg": 21.43,
            "equity": 424315,
            "current_ratio": 171.98,
            "debt_ratio": 50.64,
            "inventory_turnover_ratio": 2.64,
            "account_receivable_turnover_ratio": null,
            "reinvestment_rate": null,
            "research_to_sale_ratio": null,
            "price_fair": 63,
            "eps_avg_yearly": 1.8,
            "eps_latest_yearly": 2.16,
            "eps_growth_yearly": 50
        },
        "20023": {
            "year_quarter": 20023,
            "year": 2002,
            "quarter": 3,
            "eps": 0.09,
            "eps_growth_year": -87.5,
            "eps_4q": 1.22,
            "eps_4q_growth_year": null,
            "roe": 0.49,
            "roe_4q": 6.74,
            "gross_profit": 52405,
            "gross_margin": 16.89,
            "gross_margin_4q_avg": 17.9,
            "net_income": 2092,
            "net_income_4q": null,
            "revenue": 310239,
            "revenue_4q": null,
            "common_shares": 242219,
            "book_valuer_per_share": 17.6,
            "book_valuer_per_share_4q_avg": 20.6,
            "equity": 426407,
            "current_ratio": 177.34,
            "debt_ratio": 49.92,
            "inventory_turnover_ratio": 1.99,
            "account_receivable_turnover_ratio": null,
            "reinvestment_rate": null,
            "research_to_sale_ratio": null,
            "price_fair": 3.96,
            "eps_avg_yearly": 1.32,
            "eps_latest_yearly": 0.36,
            "eps_growth_yearly": -77.78
        },
        "20024": {
            "year_quarter": 20024,
            "year": 2002,
            "quarter": 4,
            "eps": 0.39,
            "eps_growth_year": -18.75,
            "eps_4q": 1.2,
            "eps_4q_growth_year": -60.76,
            "roe": 2.2,
            "roe_4q": 6.83,
            "gross_profit": 58052,
            "gross_margin": 21.7,
            "gross_margin_4q_avg": 19.66,
            "net_income": 9464,
            "net_income_4q": null,
            "revenue": 267485,
            "revenue_4q": null,
            "common_shares": 242219,
            "book_valuer_per_share": 17.99,
            "book_valuer_per_share_4q_avg": 19.75,
            "equity": 435871,
            "current_ratio": 186.47,
            "debt_ratio": 48.63,
            "inventory_turnover_ratio": 1.29,
            "account_receivable_turnover_ratio": null,
            "reinvestment_rate": null,
            "research_to_sale_ratio": null,
            "price_fair": 48.3,
            "eps_avg_yearly": 1.38,
            "eps_latest_yearly": 1.56,
            "eps_growth_yearly": 275
        },
        "20031": {
            "year_quarter": 20031,
            "year": 2003,
            "quarter": 1,
            "eps": 0.13,
            "eps_growth_year": -63.89,
            "eps_4q": 1.07,
            "eps_4q_growth_year": -51.83,
            "roe": 0.7,
            "roe_4q": 5.870000000000001,
            "gross_profit": 53193,
            "gross_margin": 20.64,
            "gross_margin_4q_avg": 18.93,
            "net_income": 3041,
            "net_income_4q": null,
            "revenue": 257765,
            "revenue_4q": null,
            "common_shares": 242219,
            "book_valuer_per_share": 18.12,
            "book_valuer_per_share_4q_avg": 18.85,
            "equity": 438912,
            "current_ratio": 286.7,
            "debt_ratio": 32.16,
            "inventory_turnover_ratio": 1.38,
            "account_receivable_turnover_ratio": null,
            "reinvestment_rate": null,
            "research_to_sale_ratio": null,
            "price_fair": 42.28,
            "eps_avg_yearly": 1.21,
            "eps_latest_yearly": 0.52,
            "eps_growth_yearly": 166.67
        },
        "20032": {
            "year_quarter": 20032,
            "year": 2003,
            "quarter": 2,
            "eps": -0.2,
            "eps_growth_year": -137.04,
            "eps_4q": 0.4,
            "eps_4q_growth_year": -79.98,
            "roe": -1.11,
            "roe_4q": 2.2800000000000002,
            "gross_profit": 39693,
            "gross_margin": 18.59,
            "gross_margin_4q_avg": 19.46,
            "net_income": -4792,
            "net_income_4q": null,
            "revenue": 213546,
            "revenue_4q": null,
            "common_shares": 242219,
            "book_valuer_per_share": 17.39,
            "book_valuer_per_share_4q_avg": 17.78,
            "equity": 421224,
            "current_ratio": 213.86,
            "debt_ratio": 40.69,
            "inventory_turnover_ratio": 1.51,
            "account_receivable_turnover_ratio": null,
            "reinvestment_rate": null,
            "research_to_sale_ratio": null,
            "price_fair": 42.28,
            "eps_avg_yearly": 1.21,
            "eps_latest_yearly": 0.52,
            "eps_growth_yearly": 166.67
        },
        "20033": {
            "year_quarter": 20033,
            "year": 2003,
            "quarter": 3,
            "eps": -0.39,
            "eps_growth_year": -533.33,
            "eps_4q": -0.12,
            "eps_4q_growth_year": -109.63,
            "roe": -2.65,
            "roe_4q": -0.8599999999999994,
            "gross_profit": 34986,
            "gross_margin": 14.29,
            "gross_margin_4q_avg": 18.81,
            "net_income": -11011,
            "net_income_4q": null,
            "revenue": 244802,
            "revenue_4q": null,
            "common_shares": 281169,
            "book_valuer_per_share": 14.59,
            "book_valuer_per_share_4q_avg": 17.02,
            "equity": 410213,
            "current_ratio": 158.26,
            "debt_ratio": 51.82,
            "inventory_turnover_ratio": 1.26,
            "account_receivable_turnover_ratio": null,
            "reinvestment_rate": null,
            "research_to_sale_ratio": null,
            "price_fair": 42.28,
            "eps_avg_yearly": 1.21,
            "eps_latest_yearly": 0.52,
            "eps_growth_yearly": 166.67
        },
        "20034": {
            "year_quarter": 20034,
            "year": 2003,
            "quarter": 4,
            "eps": 0.77,
            "eps_growth_year": 97.44,
            "eps_4q": 0.32,
            "eps_4q_growth_year": -73.39,
            "roe": 5.17,
            "roe_4q": 2.11,
            "gross_profit": 77590,
            "gross_margin": 14.62,
            "gross_margin_4q_avg": 17.04,
            "net_income": 21782,
            "net_income_4q": null,
            "revenue": 530627,
            "revenue_4q": null,
            "common_shares": 281169,
            "book_valuer_per_share": 15.4,
            "book_valuer_per_share_4q_avg": 16.38,
            "equity": 432946,
            "current_ratio": 161.64,
            "debt_ratio": 53.72,
            "inventory_turnover_ratio": 2.05,
            "account_receivable_turnover_ratio": null,
            "reinvestment_rate": null,
            "research_to_sale_ratio": null,
            "price_fair": 42.28,
            "eps_avg_yearly": 1.21,
            "eps_latest_yearly": 0.52,
            "eps_growth_yearly": 166.67
        },
        "20041": {
            "year_quarter": 20041,
            "year": 2004,
            "quarter": 1,
            "eps": 0.32,
            "eps_growth_year": 146.15,
            "eps_4q": 0.54,
            "eps_4q_growth_year": -49.82,
            "roe": 2.03,
            "roe_4q": 3.4399999999999986,
            "gross_profit": 73710,
            "gross_margin": 17.78,
            "gross_margin_4q_avg": 16.32,
            "net_income": 8730,
            "net_income_4q": null,
            "revenue": 414668,
            "revenue_4q": null,
            "common_shares": 281169,
            "book_valuer_per_share": 15.12,
            "book_valuer_per_share_4q_avg": 15.63,
            "equity": 425254,
            "current_ratio": 169.74,
            "debt_ratio": 51.27,
            "inventory_turnover_ratio": 1.41,
            "account_receivable_turnover_ratio": null,
            "reinvestment_rate": null,
            "research_to_sale_ratio": null,
            "price_fair": 42.7,
            "eps_avg_yearly": 1.22,
            "eps_latest_yearly": 1.28,
            "eps_growth_yearly": 99.93
        },
        "20042": {
            "year_quarter": 20042,
            "year": 2004,
            "quarter": 2,
            "eps": 0.29,
            "eps_growth_year": null,
            "eps_4q": 1,
            "eps_4q_growth_year": 146.38,
            "roe": 1.86,
            "roe_4q": 6.409999999999998,
            "gross_profit": 74419,
            "gross_margin": 13.97,
            "gross_margin_4q_avg": 15.17,
            "net_income": 7995,
            "net_income_4q": null,
            "revenue": 532648,
            "revenue_4q": null,
            "common_shares": 281169,
            "book_valuer_per_share": 15.4,
            "book_valuer_per_share_4q_avg": 15.13,
            "equity": 432928,
            "current_ratio": 146.64,
            "debt_ratio": 60.62,
            "inventory_turnover_ratio": 1.76,
            "account_receivable_turnover_ratio": null,
            "reinvestment_rate": null,
            "research_to_sale_ratio": null,
            "price_fair": 42.4,
            "eps_avg_yearly": 1.21,
            "eps_latest_yearly": 1.16,
            "eps_growth_yearly": 80.3
        },
        "20043": {
            "year_quarter": 20043,
            "year": 2004,
            "quarter": 3,
            "eps": 0.13,
            "eps_growth_year": null,
            "eps_4q": 1.39,
            "eps_4q_growth_year": null,
            "roe": 0.88,
            "roe_4q": 9.94,
            "gross_profit": 71182,
            "gross_margin": 15.43,
            "gross_margin_4q_avg": 15.45,
            "net_income": 3983,
            "net_income_4q": null,
            "revenue": 461348,
            "revenue_4q": null,
            "common_shares": 338148,
            "book_valuer_per_share": 13.91,
            "book_valuer_per_share_4q_avg": 14.96,
            "equity": 470241,
            "current_ratio": 216.67,
            "debt_ratio": 53.41,
            "inventory_turnover_ratio": 1.52,
            "account_receivable_turnover_ratio": null,
            "reinvestment_rate": null,
            "research_to_sale_ratio": null,
            "price_fair": 39.38,
            "eps_avg_yearly": 1.13,
            "eps_latest_yearly": 0.52,
            "eps_growth_yearly": 42.67
        },
        "20044": {
            "year_quarter": 20044,
            "year": 2004,
            "quarter": 4,
            "eps": -0.04,
            "eps_growth_year": -105.19,
            "eps_4q": 0.65,
            "eps_4q_growth_year": 103.85,
            "roe": -0.28,
            "roe_4q": 4.49,
            "gross_profit": 61934,
            "gross_margin": 14.22,
            "gross_margin_4q_avg": 15.35,
            "net_income": -1278,
            "net_income_4q": null,
            "revenue": 435652,
            "revenue_4q": null,
            "common_shares": 340303,
            "book_valuer_per_share": 13.33,
            "book_valuer_per_share_4q_avg": 14.44,
            "equity": 453507,
            "current_ratio": 204.57,
            "debt_ratio": 55.85,
            "inventory_turnover_ratio": 1.36,
            "account_receivable_turnover_ratio": null,
            "reinvestment_rate": 72.04,
            "research_to_sale_ratio": null,
            "price_fair": 39.38,
            "eps_avg_yearly": 1.13,
            "eps_latest_yearly": 0.52,
            "eps_growth_yearly": 42.67
        },
        "20051": {
            "year_quarter": 20051,
            "year": 2005,
            "quarter": 1,
            "eps": -0.09,
            "eps_growth_year": -128.12,
            "eps_4q": 0.24,
            "eps_4q_growth_year": -55.4,
            "roe": -0.64,
            "roe_4q": 1.82,
            "gross_profit": 61338,
            "gross_margin": 14.08,
            "gross_margin_4q_avg": 14.43,
            "net_income": -2914,
            "net_income_4q": null,
            "revenue": 435498,
            "revenue_4q": null,
            "common_shares": 340389,
            "book_valuer_per_share": 13.24,
            "book_valuer_per_share_4q_avg": 13.97,
            "equity": 450560,
            "current_ratio": 224.36,
            "debt_ratio": 52.62,
            "inventory_turnover_ratio": 1.51,
            "account_receivable_turnover_ratio": null,
            "reinvestment_rate": -10.1,
            "research_to_sale_ratio": null,
            "price_fair": 39.38,
            "eps_avg_yearly": 1.13,
            "eps_latest_yearly": 0.52,
            "eps_growth_yearly": 42.67
        },
        "20052": {
            "year_quarter": 20052,
            "year": 2005,
            "quarter": 2,
            "eps": -0.24,
            "eps_growth_year": -182.76,
            "eps_4q": -0.23,
            "eps_4q_growth_year": -123.14,
            "roe": -1.73,
            "roe_4q": -1.7700000000000005,
            "gross_profit": 50326,
            "gross_margin": 14.97,
            "gross_margin_4q_avg": 14.68,
            "net_income": -7647,
            "net_income_4q": null,
            "revenue": 336180,
            "revenue_4q": null,
            "common_shares": 340389,
            "book_valuer_per_share": 12.76,
            "book_valuer_per_share_4q_avg": 13.31,
            "equity": 434417,
            "current_ratio": 238.38,
            "debt_ratio": 51.22,
            "inventory_turnover_ratio": 1.68,
            "account_receivable_turnover_ratio": null,
            "reinvestment_rate": -26.13,
            "research_to_sale_ratio": null,
            "price_fair": 39.38,
            "eps_avg_yearly": 1.13,
            "eps_latest_yearly": 0.52,
            "eps_growth_yearly": 42.67
        },
        "20053": {
            "year_quarter": 20053,
            "year": 2005,
            "quarter": 3,
            "eps": -0.5,
            "eps_growth_year": -484.62,
            "eps_4q": -0.79,
            "eps_4q_growth_year": -157.24,
            "roe": -3.82,
            "roe_4q": -6.47,
            "gross_profit": 45974,
            "gross_margin": 18.78,
            "gross_margin_4q_avg": 15.51,
            "net_income": -16181,
            "net_income_4q": null,
            "revenue": 244793,
            "revenue_4q": null,
            "common_shares": 352955,
            "book_valuer_per_share": 11.71,
            "book_valuer_per_share_4q_avg": 12.76,
            "equity": 413448,
            "current_ratio": 241.5,
            "debt_ratio": 50.9,
            "inventory_turnover_ratio": 1.45,
            "account_receivable_turnover_ratio": null,
            "reinvestment_rate": -51.52,
            "research_to_sale_ratio": null,
            "price_fair": 39.38,
            "eps_avg_yearly": 1.13,
            "eps_latest_yearly": 0.52,
            "eps_growth_yearly": 42.67
        },
        "20054": {
            "year_quarter": 20054,
            "year": 2005,
            "quarter": 4,
            "eps": 0.15,
            "eps_growth_year": null,
            "eps_4q": -0.69,
            "eps_4q_growth_year": -205.89,
            "roe": 1.15,
            "roe_4q": -5.04,
            "gross_profit": 45840,
            "gross_margin": 14.5,
            "gross_margin_4q_avg": 15.58,
            "net_income": 4785,
            "net_income_4q": null,
            "revenue": 316061,
            "revenue_4q": null,
            "common_shares": 343875,
            "book_valuer_per_share": 12.12,
            "book_valuer_per_share_4q_avg": 12.46,
            "equity": 416670,
            "current_ratio": 158.42,
            "debt_ratio": 57.04,
            "inventory_turnover_ratio": 1.6,
            "account_receivable_turnover_ratio": null,
            "reinvestment_rate": -56.79,
            "research_to_sale_ratio": null,
            "price_fair": 39.38,
            "eps_avg_yearly": 1.13,
            "eps_latest_yearly": 0.52,
            "eps_growth_yearly": 42.67
        },
        "20061": {
            "year_quarter": 20061,
            "year": 2006,
            "quarter": 1,
            "eps": 0.15,
            "eps_growth_year": null,
            "eps_4q": -0.46,
            "eps_4q_growth_year": -292.31,
            "roe": 1.11,
            "roe_4q": -3.29,
            "gross_profit": 58296,
            "gross_margin": 19.19,
            "gross_margin_4q_avg": 16.86,
            "net_income": 4664,
            "net_income_4q": null,
            "revenue": 303838,
            "revenue_4q": null,
            "common_shares": 343875,
            "book_valuer_per_share": 12.25,
            "book_valuer_per_share_4q_avg": 12.21,
            "equity": 421334,
            "current_ratio": 167.22,
            "debt_ratio": 51.97,
            "inventory_turnover_ratio": 1.23,
            "account_receivable_turnover_ratio": null,
            "reinvestment_rate": -66.29,
            "research_to_sale_ratio": null,
            "price_fair": 35.7,
            "eps_avg_yearly": 1.02,
            "eps_latest_yearly": 0.6,
            "eps_growth_yearly": 55.17
        },
        "20062": {
            "year_quarter": 20062,
            "year": 2006,
            "quarter": 2,
            "eps": 0.23,
            "eps_growth_year": null,
            "eps_4q": 0.01,
            "eps_4q_growth_year": null,
            "roe": 1.7,
            "roe_4q": 0.14000000000000012,
            "gross_profit": 61337,
            "gross_margin": 16.43,
            "gross_margin_4q_avg": 17.23,
            "net_income": 7157,
            "net_income_4q": null,
            "revenue": 373322,
            "revenue_4q": null,
            "common_shares": 343875,
            "book_valuer_per_share": 12.26,
            "book_valuer_per_share_4q_avg": 12.09,
            "equity": 421489,
            "current_ratio": 173.24,
            "debt_ratio": 50.19,
            "inventory_turnover_ratio": 1.58,
            "account_receivable_turnover_ratio": null,
            "reinvestment_rate": -78.99,
            "research_to_sale_ratio": null,
            "price_fair": 30.28,
            "eps_avg_yearly": 0.87,
            "eps_latest_yearly": 0.92,
            "eps_growth_yearly": 56.84
        },
        "20063": {
            "year_quarter": 20063,
            "year": 2006,
            "quarter": 3,
            "eps": 0.1,
            "eps_growth_year": null,
            "eps_4q": 0.65,
            "eps_4q_growth_year": null,
            "roe": 0.71,
            "roe_4q": 4.67,
            "gross_profit": 55801,
            "gross_margin": 15.74,
            "gross_margin_4q_avg": 16.47,
            "net_income": 3011,
            "net_income_4q": null,
            "revenue": 354520,
            "revenue_4q": null,
            "common_shares": 335675,
            "book_valuer_per_share": 12.65,
            "book_valuer_per_share_4q_avg": 12.32,
            "equity": 424502,
            "current_ratio": 181.67,
            "debt_ratio": 47.74,
            "inventory_turnover_ratio": 1.38,
            "account_receivable_turnover_ratio": null,
            "reinvestment_rate": -83.71,
            "research_to_sale_ratio": null,
            "price_fair": 30.45,
            "eps_avg_yearly": 0.87,
            "eps_latest_yearly": 0.4,
            "eps_growth_yearly": 70.24
        },
        "20064": {
            "year_quarter": 20064,
            "year": 2006,
            "quarter": 4,
            "eps": 0.51,
            "eps_growth_year": 240,
            "eps_4q": 0.98,
            "eps_4q_growth_year": null,
            "roe": 3.69,
            "roe_4q": 7.210000000000001,
            "gross_profit": 78844,
            "gross_margin": 19.02,
            "gross_margin_4q_avg": 17.6,
            "net_income": 15947,
            "net_income_4q": null,
            "revenue": 414465,
            "revenue_4q": null,
            "common_shares": 335675,
            "book_valuer_per_share": 13.13,
            "book_valuer_per_share_4q_avg": 12.57,
            "equity": 440654,
            "current_ratio": 188.86,
            "debt_ratio": 50.65,
            "inventory_turnover_ratio": 1.71,
            "account_receivable_turnover_ratio": null,
            "reinvestment_rate": -42.55,
            "research_to_sale_ratio": null,
            "price_fair": 32.55,
            "eps_avg_yearly": 0.93,
            "eps_latest_yearly": 2.04,
            "eps_growth_yearly": 108.58
        },
        "20071": {
            "year_quarter": 20071,
            "year": 2007,
            "quarter": 1,
            "eps": 0.2,
            "eps_growth_year": 33.33,
            "eps_4q": 1.06,
            "eps_4q_growth_year": null,
            "roe": 1.37,
            "roe_4q": 7.470000000000001,
            "gross_profit": 52843,
            "gross_margin": 19.44,
            "gross_margin_4q_avg": 17.66,
            "net_income": 6093,
            "net_income_4q": null,
            "revenue": 271821,
            "revenue_4q": null,
            "common_shares": 324905,
            "book_valuer_per_share": 13.77,
            "book_valuer_per_share_4q_avg": 12.95,
            "equity": 447333,
            "current_ratio": 194.09,
            "debt_ratio": 46.84,
            "inventory_turnover_ratio": 1.01,
            "account_receivable_turnover_ratio": null,
            "reinvestment_rate": -40.14,
            "research_to_sale_ratio": null,
            "price_fair": 33.78,
            "eps_avg_yearly": 0.97,
            "eps_latest_yearly": 0.8,
            "eps_growth_yearly": 111.52
        },
        "20072": {
            "year_quarter": 20072,
            "year": 2007,
            "quarter": 2,
            "eps": 0.39,
            "eps_growth_year": 69.57,
            "eps_4q": 1.19,
            "eps_4q_growth_year": 8634.2,
            "roe": 2.71,
            "roe_4q": 8.48,
            "gross_profit": 62287,
            "gross_margin": 16.79,
            "gross_margin_4q_avg": 17.75,
            "net_income": 12168,
            "net_income_4q": null,
            "revenue": 371000,
            "revenue_4q": null,
            "common_shares": 325125,
            "book_valuer_per_share": 13.84,
            "book_valuer_per_share_4q_avg": 13.35,
            "equity": 449936,
            "current_ratio": 197.67,
            "debt_ratio": 45.39,
            "inventory_turnover_ratio": 1.26,
            "account_receivable_turnover_ratio": null,
            "reinvestment_rate": -30.56,
            "research_to_sale_ratio": null,
            "price_fair": 36.09,
            "eps_avg_yearly": 1.03,
            "eps_latest_yearly": 1.56,
            "eps_growth_yearly": 141.35
        },
        "20073": {
            "year_quarter": 20073,
            "year": 2007,
            "quarter": 3,
            "eps": 0.5,
            "eps_growth_year": 400,
            "eps_4q": 1.55,
            "eps_4q_growth_year": 137.63,
            "roe": 3.56,
            "roe_4q": 11.33,
            "gross_profit": 85369,
            "gross_margin": 21.34,
            "gross_margin_4q_avg": 19.15,
            "net_income": 16318,
            "net_income_4q": null,
            "revenue": 399957,
            "revenue_4q": null,
            "common_shares": 340264,
            "book_valuer_per_share": 13.71,
            "book_valuer_per_share_4q_avg": 13.61,
            "equity": 466529,
            "current_ratio": 204.56,
            "debt_ratio": 43.37,
            "inventory_turnover_ratio": 1.65,
            "account_receivable_turnover_ratio": null,
            "reinvestment_rate": -16.19,
            "research_to_sale_ratio": null,
            "price_fair": 39.48,
            "eps_avg_yearly": 1.13,
            "eps_latest_yearly": 2,
            "eps_growth_yearly": 138.5
        },
        "20074": {
            "year_quarter": 20074,
            "year": 2007,
            "quarter": 4,
            "eps": 0.38,
            "eps_growth_year": -25.49,
            "eps_4q": 1.46,
            "eps_4q_growth_year": 48.04,
            "roe": 2.58,
            "roe_4q": 10.220000000000002,
            "gross_profit": 75991,
            "gross_margin": 20.68,
            "gross_margin_4q_avg": 19.56,
            "net_income": 12198,
            "net_income_4q": null,
            "revenue": 367385,
            "revenue_4q": null,
            "common_shares": 340484,
            "book_valuer_per_share": 14.07,
            "book_valuer_per_share_4q_avg": 13.85,
            "equity": 478921,
            "current_ratio": 208.63,
            "debt_ratio": 43.63,
            "inventory_turnover_ratio": 1.64,
            "account_receivable_turnover_ratio": null,
            "reinvestment_rate": -12.14,
            "research_to_sale_ratio": null,
            "price_fair": 40.73,
            "eps_avg_yearly": 1.16,
            "eps_latest_yearly": 1.52,
            "eps_growth_yearly": 117.18
        },
        "20081": {
            "year_quarter": 20081,
            "year": 2008,
            "quarter": 1,
            "eps": 0.2,
            "eps_growth_year": 0,
            "eps_4q": 1.44,
            "eps_4q_growth_year": 36.49,
            "roe": 1.36,
            "roe_4q": 10.21,
            "gross_profit": 65153,
            "gross_margin": 19.35,
            "gross_margin_4q_avg": 19.54,
            "net_income": 6546,
            "net_income_4q": null,
            "revenue": 336634,
            "revenue_4q": null,
            "common_shares": 325124,
            "book_valuer_per_share": 14.9,
            "book_valuer_per_share_4q_avg": 14.13,
            "equity": 484288,
            "current_ratio": 234.55,
            "debt_ratio": 39.04,
            "inventory_turnover_ratio": 1.56,
            "account_receivable_turnover_ratio": null,
            "reinvestment_rate": -10.94,
            "research_to_sale_ratio": null,
            "price_fair": 39.2,
            "eps_avg_yearly": 1.12,
            "eps_latest_yearly": 0.8,
            "eps_growth_yearly": 121.21
        },
        "20082": {
            "year_quarter": 20082,
            "year": 2008,
            "quarter": 2,
            "eps": 0.19,
            "eps_growth_year": -51.28,
            "eps_4q": 1.3,
            "eps_4q_growth_year": 9.02,
            "roe": 1.3,
            "roe_4q": 8.8,
            "gross_profit": 61785,
            "gross_margin": 18.66,
            "gross_margin_4q_avg": 20.01,
            "net_income": 5999,
            "net_income_4q": null,
            "revenue": 331087,
            "revenue_4q": null,
            "common_shares": 325649,
            "book_valuer_per_share": 13.5,
            "book_valuer_per_share_4q_avg": 14.05,
            "equity": 439684,
            "current_ratio": 193.55,
            "debt_ratio": 48.38,
            "inventory_turnover_ratio": 1.68,
            "account_receivable_turnover_ratio": null,
            "reinvestment_rate": -11.71,
            "research_to_sale_ratio": null,
            "price_fair": 37.93,
            "eps_avg_yearly": 1.08,
            "eps_latest_yearly": 0.76,
            "eps_growth_yearly": 122.8
        },
        "20083": {
            "year_quarter": 20083,
            "year": 2008,
            "quarter": 3,
            "eps": 0.31,
            "eps_growth_year": -38,
            "eps_4q": 1.09,
            "eps_4q_growth_year": -29.73,
            "roe": 2.21,
            "roe_4q": 7.45,
            "gross_profit": 66253,
            "gross_margin": 17.25,
            "gross_margin_4q_avg": 18.99,
            "net_income": 9860,
            "net_income_4q": null,
            "revenue": 384016,
            "revenue_4q": null,
            "common_shares": 325524,
            "book_valuer_per_share": 13.86,
            "book_valuer_per_share_4q_avg": 14.08,
            "equity": 451319,
            "current_ratio": 181.05,
            "debt_ratio": 51.13,
            "inventory_turnover_ratio": 1.99,
            "account_receivable_turnover_ratio": null,
            "reinvestment_rate": -9.77,
            "research_to_sale_ratio": null,
            "price_fair": 40.22,
            "eps_avg_yearly": 1.15,
            "eps_latest_yearly": 1.24,
            "eps_growth_yearly": 165.83
        },
        "20084": {
            "year_quarter": 20084,
            "year": 2008,
            "quarter": 4,
            "eps": 0.11,
            "eps_growth_year": -71.05,
            "eps_4q": 0.82,
            "eps_4q_growth_year": -43.96,
            "roe": 0.78,
            "roe_4q": 5.65,
            "gross_profit": 64736,
            "gross_margin": 22.95,
            "gross_margin_4q_avg": 19.55,
            "net_income": 3488,
            "net_income_4q": null,
            "revenue": 282066,
            "revenue_4q": null,
            "common_shares": 325524,
            "book_valuer_per_share": 13.61,
            "book_valuer_per_share_4q_avg": 13.97,
            "equity": 443087,
            "current_ratio": 191,
            "debt_ratio": 50.49,
            "inventory_turnover_ratio": 1.22,
            "account_receivable_turnover_ratio": 3.18,
            "reinvestment_rate": -7.96,
            "research_to_sale_ratio": null,
            "price_fair": 38.15,
            "eps_avg_yearly": 1.09,
            "eps_latest_yearly": 0.44,
            "eps_growth_yearly": 130.5
        },
        "20091": {
            "year_quarter": 20091,
            "year": 2009,
            "quarter": 1,
            "eps": -0.01,
            "eps_growth_year": -105,
            "eps_4q": 0.62,
            "eps_4q_growth_year": -57.12,
            "roe": -0.07,
            "roe_4q": 4.22,
            "gross_profit": 54464,
            "gross_margin": 19.16,
            "gross_margin_4q_avg": 19.51,
            "net_income": -307,
            "net_income_4q": null,
            "revenue": 284298,
            "revenue_4q": null,
            "common_shares": 307744,
            "book_valuer_per_share": 14.42,
            "book_valuer_per_share_4q_avg": 13.85,
            "equity": 443737,
            "current_ratio": 204.98,
            "debt_ratio": 46.63,
            "inventory_turnover_ratio": 1.54,
            "account_receivable_turnover_ratio": 1.39,
            "reinvestment_rate": -6.85,
            "research_to_sale_ratio": null,
            "price_fair": 38.15,
            "eps_avg_yearly": 1.09,
            "eps_latest_yearly": 0.44,
            "eps_growth_yearly": 130.5
        },
        "20092": {
            "year_quarter": 20092,
            "year": 2009,
            "quarter": 2,
            "eps": -0.4,
            "eps_growth_year": -310.53,
            "eps_4q": 0.03,
            "eps_4q_growth_year": -97.95,
            "roe": -2.83,
            "roe_4q": 0.08999999999999986,
            "gross_profit": 43328,
            "gross_margin": 24.82,
            "gross_margin_4q_avg": 21.05,
            "net_income": -12220,
            "net_income_4q": null,
            "revenue": 174560,
            "revenue_4q": null,
            "common_shares": 307744,
            "book_valuer_per_share": 13.6,
            "book_valuer_per_share_4q_avg": 13.87,
            "equity": 418454,
            "current_ratio": 212.43,
            "debt_ratio": 43.27,
            "inventory_turnover_ratio": 1.61,
            "account_receivable_turnover_ratio": 0.98,
            "reinvestment_rate": -7.45,
            "research_to_sale_ratio": null,
            "price_fair": 38.15,
            "eps_avg_yearly": 1.09,
            "eps_latest_yearly": 0.44,
            "eps_growth_yearly": 130.5
        },
        "20093": {
            "year_quarter": 20093,
            "year": 2009,
            "quarter": 3,
            "eps": -0.31,
            "eps_growth_year": -200,
            "eps_4q": -0.59,
            "eps_4q_growth_year": -154.33,
            "roe": -2.34,
            "roe_4q": -4.46,
            "gross_profit": 39768,
            "gross_margin": 16.19,
            "gross_margin_4q_avg": 20.78,
            "net_income": -9697,
            "net_income_4q": null,
            "revenue": 245567,
            "revenue_4q": null,
            "common_shares": 316976,
            "book_valuer_per_share": 12.9,
            "book_valuer_per_share_4q_avg": 13.63,
            "equity": 408958,
            "current_ratio": 199.14,
            "debt_ratio": 45.14,
            "inventory_turnover_ratio": 3.43,
            "account_receivable_turnover_ratio": 1.45,
            "reinvestment_rate": -6,
            "research_to_sale_ratio": null,
            "price_fair": 38.15,
            "eps_avg_yearly": 1.09,
            "eps_latest_yearly": 0.44,
            "eps_growth_yearly": 130.5
        },
        "20094": {
            "year_quarter": 20094,
            "year": 2009,
            "quarter": 4,
            "eps": 0.08,
            "eps_growth_year": -27.27,
            "eps_4q": -0.63,
            "eps_4q_growth_year": -176.55,
            "roe": 0.59,
            "roe_4q": -4.65,
            "gross_profit": 50711,
            "gross_margin": 18.68,
            "gross_margin_4q_avg": 19.71,
            "net_income": 2409,
            "net_income_4q": null,
            "revenue": 271509,
            "revenue_4q": null,
            "common_shares": 316976,
            "book_valuer_per_share": 12.98,
            "book_valuer_per_share_4q_avg": 13.48,
            "equity": 411379,
            "current_ratio": 174.32,
            "debt_ratio": 54.42,
            "inventory_turnover_ratio": 2.71,
            "account_receivable_turnover_ratio": 2.15,
            "reinvestment_rate": 42.39,
            "research_to_sale_ratio": null,
            "price_fair": 38.15,
            "eps_avg_yearly": 1.09,
            "eps_latest_yearly": 0.44,
            "eps_growth_yearly": 130.5
        },
        "20101": {
            "year_quarter": 20101,
            "year": 2010,
            "quarter": 1,
            "eps": -0.17,
            "eps_growth_year": null,
            "eps_4q": -0.78,
            "eps_4q_growth_year": -226.59,
            "roe": -1.33,
            "roe_4q": -5.91,
            "gross_profit": 45618,
            "gross_margin": 15.52,
            "gross_margin_4q_avg": 18.8,
            "net_income": -5439,
            "net_income_4q": null,
            "revenue": 293937,
            "revenue_4q": null,
            "common_shares": 316976,
            "book_valuer_per_share": 12.85,
            "book_valuer_per_share_4q_avg": 13.08,
            "equity": 407169,
            "current_ratio": 162.3,
            "debt_ratio": 57.99,
            "inventory_turnover_ratio": 1.5,
            "account_receivable_turnover_ratio": 1.05,
            "reinvestment_rate": 46.86,
            "research_to_sale_ratio": 1.46,
            "price_fair": 39.71,
            "eps_avg_yearly": 1.13,
            "eps_latest_yearly": 0.44,
            "eps_growth_yearly": 142.37
        },
        "20102": {
            "year_quarter": 20102,
            "year": 2010,
            "quarter": 2,
            "eps": 0.28,
            "eps_growth_year": null,
            "eps_4q": -0.12,
            "eps_4q_growth_year": -544.97,
            "roe": 2.17,
            "roe_4q": -0.9100000000000001,
            "gross_profit": 60047,
            "gross_margin": 14.26,
            "gross_margin_4q_avg": 16.16,
            "net_income": 8934,
            "net_income_4q": null,
            "revenue": 421158,
            "revenue_4q": null,
            "common_shares": 318632,
            "book_valuer_per_share": 13,
            "book_valuer_per_share_4q_avg": 12.93,
            "equity": 417431,
            "current_ratio": 162.16,
            "debt_ratio": 60.16,
            "inventory_turnover_ratio": 1.69,
            "account_receivable_turnover_ratio": 1.13,
            "reinvestment_rate": 51.28,
            "research_to_sale_ratio": 1.02,
            "price_fair": 40.46,
            "eps_avg_yearly": 1.16,
            "eps_latest_yearly": 0.44,
            "eps_growth_yearly": 135.27
        },
        "20103": {
            "year_quarter": 20103,
            "year": 2010,
            "quarter": 3,
            "eps": 0.63,
            "eps_growth_year": null,
            "eps_4q": 0.81,
            "eps_4q_growth_year": null,
            "roe": 4.72,
            "roe_4q": 6.1499999999999995,
            "gross_profit": 71252,
            "gross_margin": 14.32,
            "gross_margin_4q_avg": 15.7,
            "net_income": 20179,
            "net_income_4q": null,
            "revenue": 497705,
            "revenue_4q": null,
            "common_shares": 320657,
            "book_valuer_per_share": 13.65,
            "book_valuer_per_share_4q_avg": 13.12,
            "equity": 437764,
            "current_ratio": 150.26,
            "debt_ratio": 65.36,
            "inventory_turnover_ratio": 1.68,
            "account_receivable_turnover_ratio": 1.29,
            "reinvestment_rate": 77.03,
            "research_to_sale_ratio": 0.94,
            "price_fair": 47.88,
            "eps_avg_yearly": 1.37,
            "eps_latest_yearly": 2.52,
            "eps_growth_yearly": 207.88
        },
        "20104": {
            "year_quarter": 20104,
            "year": 2010,
            "quarter": 4,
            "eps": 0.42,
            "eps_growth_year": 427.74,
            "eps_4q": 1.16,
            "eps_4q_growth_year": null,
            "roe": 3.07,
            "roe_4q": 8.629999999999999,
            "gross_profit": 75652,
            "gross_margin": 16.69,
            "gross_margin_4q_avg": 15.2,
            "net_income": 13587,
            "net_income_4q": null,
            "revenue": 453151,
            "revenue_4q": null,
            "common_shares": 320981,
            "book_valuer_per_share": 13.98,
            "book_valuer_per_share_4q_avg": 13.37,
            "equity": 448744,
            "current_ratio": 146.88,
            "debt_ratio": 66.05,
            "inventory_turnover_ratio": 1.05,
            "account_receivable_turnover_ratio": 1.42,
            "reinvestment_rate": 64.31,
            "research_to_sale_ratio": 1.3,
            "price_fair": 46.62,
            "eps_avg_yearly": 1.33,
            "eps_latest_yearly": 1.68,
            "eps_growth_yearly": 30.54
        },
        "20111": {
            "year_quarter": 20111,
            "year": 2011,
            "quarter": 1,
            "eps": 0.57,
            "eps_growth_year": null,
            "eps_4q": 1.89,
            "eps_4q_growth_year": null,
            "roe": 4.02,
            "roe_4q": 13.979999999999999,
            "gross_profit": 79423,
            "gross_margin": 14.86,
            "gross_margin_4q_avg": 15.03,
            "net_income": 18437,
            "net_income_4q": null,
            "revenue": 534296,
            "revenue_4q": null,
            "common_shares": 321497,
            "book_valuer_per_share": 14.6,
            "book_valuer_per_share_4q_avg": 13.81,
            "equity": 469526,
            "current_ratio": 150.9,
            "debt_ratio": 65.71,
            "inventory_turnover_ratio": 1.1,
            "account_receivable_turnover_ratio": 1.48,
            "reinvestment_rate": 61.56,
            "research_to_sale_ratio": 0.71,
            "price_fair": 51.8,
            "eps_avg_yearly": 1.48,
            "eps_latest_yearly": 2.28,
            "eps_growth_yearly": 69.14
        },
        "20112": {
            "year_quarter": 20112,
            "year": 2011,
            "quarter": 2,
            "eps": 0.69,
            "eps_growth_year": 147.64,
            "eps_4q": 2.26,
            "eps_4q_growth_year": null,
            "roe": 4.87,
            "roe_4q": 16.68,
            "gross_profit": 88210,
            "gross_margin": 17.68,
            "gross_margin_4q_avg": 15.89,
            "net_income": 23013,
            "net_income_4q": null,
            "revenue": 498985,
            "revenue_4q": null,
            "common_shares": 325901,
            "book_valuer_per_share": 14.58,
            "book_valuer_per_share_4q_avg": 14.2,
            "equity": 475239,
            "current_ratio": 151.5,
            "debt_ratio": 65.69,
            "inventory_turnover_ratio": 0.95,
            "account_receivable_turnover_ratio": 1.25,
            "reinvestment_rate": 61.91,
            "research_to_sale_ratio": 0.75,
            "price_fair": 56,
            "eps_avg_yearly": 1.6,
            "eps_latest_yearly": 2.76,
            "eps_growth_yearly": 39.56
        },
        "20113": {
            "year_quarter": 20113,
            "year": 2011,
            "quarter": 3,
            "eps": 0.49,
            "eps_growth_year": -21.81,
            "eps_4q": 2.14,
            "eps_4q_growth_year": 163.64,
            "roe": 3.37,
            "roe_4q": 15.33,
            "gross_profit": 87049,
            "gross_margin": 19.36,
            "gross_margin_4q_avg": 17.15,
            "net_income": 16387,
            "net_income_4q": null,
            "revenue": 449732,
            "revenue_4q": null,
            "common_shares": 332938,
            "book_valuer_per_share": 14.94,
            "book_valuer_per_share_4q_avg": 14.53,
            "equity": 497786,
            "current_ratio": 155.44,
            "debt_ratio": 63.21,
            "inventory_turnover_ratio": 0.74,
            "account_receivable_turnover_ratio": 1.27,
            "reinvestment_rate": 65.51,
            "research_to_sale_ratio": 0.95,
            "price_fair": 42.59,
            "eps_avg_yearly": 1.6,
            "eps_latest_yearly": 1.96,
            "eps_growth_yearly": 16.69
        },
        "20114": {
            "year_quarter": 20114,
            "year": 2011,
            "quarter": 4,
            "eps": 0.54,
            "eps_growth_year": 28.48,
            "eps_4q": 2.27,
            "eps_4q_growth_year": 95.68,
            "roe": 3.58,
            "roe_4q": 15.84,
            "gross_profit": 99537,
            "gross_margin": 17.04,
            "gross_margin_4q_avg": 17.24,
            "net_income": 18205,
            "net_income_4q": null,
            "revenue": 584040,
            "revenue_4q": null,
            "common_shares": 333358,
            "book_valuer_per_share": 15.54,
            "book_valuer_per_share_4q_avg": 14.92,
            "equity": 518182,
            "current_ratio": 157.53,
            "debt_ratio": 61.05,
            "inventory_turnover_ratio": 0.93,
            "account_receivable_turnover_ratio": 1.64,
            "reinvestment_rate": 59.68,
            "research_to_sale_ratio": 0.61,
            "price_fair": 58.1,
            "eps_avg_yearly": 1.66,
            "eps_latest_yearly": 2.16,
            "eps_growth_yearly": 30.37
        },
        "20121": {
            "year_quarter": 20121,
            "year": 2012,
            "quarter": 1,
            "eps": 0.77,
            "eps_growth_year": 35.09,
            "eps_4q": 2.46,
            "eps_4q_growth_year": 30.17,
            "roe": 4.88,
            "roe_4q": 16.700000000000003,
            "gross_profit": 100891,
            "gross_margin": 17.35,
            "gross_margin_4q_avg": 17.86,
            "net_income": 26034,
            "net_income_4q": null,
            "revenue": 581525,
            "revenue_4q": null,
            "common_shares": 335618,
            "book_valuer_per_share": 16.12,
            "book_valuer_per_share_4q_avg": 15.3,
            "equity": 547716,
            "current_ratio": 162.21,
            "debt_ratio": 58.47,
            "inventory_turnover_ratio": 1.11,
            "account_receivable_turnover_ratio": 1.59,
            "reinvestment_rate": 56.96,
            "research_to_sale_ratio": 0.51,
            "price_fair": 66.08,
            "eps_avg_yearly": 1.89,
            "eps_latest_yearly": 3.08,
            "eps_growth_yearly": 66.35
        },
        "20122": {
            "year_quarter": 20122,
            "year": 2012,
            "quarter": 2,
            "eps": 0.53,
            "eps_growth_year": -23.64,
            "eps_4q": 2.22,
            "eps_4q_growth_year": -2.12,
            "roe": 3.55,
            "roe_4q": 15.379999999999999,
            "gross_profit": 90050,
            "gross_margin": 19.15,
            "gross_margin_4q_avg": 18.23,
            "net_income": 19009,
            "net_income_4q": null,
            "revenue": 470355,
            "revenue_4q": null,
            "common_shares": 339208,
            "book_valuer_per_share": 15.41,
            "book_valuer_per_share_4q_avg": 15.5,
            "equity": 523584,
            "current_ratio": 170.61,
            "debt_ratio": 58.09,
            "inventory_turnover_ratio": 1.12,
            "account_receivable_turnover_ratio": 1.31,
            "reinvestment_rate": 64.61,
            "research_to_sale_ratio": 0.61,
            "price_fair": 70.84,
            "eps_avg_yearly": 2.02,
            "eps_latest_yearly": 2.12,
            "eps_growth_yearly": 55.89
        },
        "20123": {
            "year_quarter": 20123,
            "year": 2012,
            "quarter": 3,
            "eps": 0.16,
            "eps_growth_year": -68.22,
            "eps_4q": 1.92,
            "eps_4q_growth_year": -10.61,
            "roe": 1.04,
            "roe_4q": 13.049999999999999,
            "gross_profit": 71118,
            "gross_margin": 20.07,
            "gross_margin_4q_avg": 18.4,
            "net_income": 5480,
            "net_income_4q": null,
            "revenue": 354423,
            "revenue_4q": null,
            "common_shares": 359519,
            "book_valuer_per_share": 14.61,
            "book_valuer_per_share_4q_avg": 15.42,
            "equity": 526060,
            "current_ratio": 186.22,
            "debt_ratio": 52.53,
            "inventory_turnover_ratio": 0.93,
            "account_receivable_turnover_ratio": 1.02,
            "reinvestment_rate": 61.37,
            "research_to_sale_ratio": 0.95,
            "price_fair": 24.94,
            "eps_avg_yearly": 1.96,
            "eps_latest_yearly": 0.64,
            "eps_growth_yearly": 2.7
        },
        "20124": {
            "year_quarter": 20124,
            "year": 2012,
            "quarter": 4,
            "eps": 0.39,
            "eps_growth_year": -28.97,
            "eps_4q": 1.79,
            "eps_4q_growth_year": -20.8,
            "roe": 2.57,
            "roe_4q": 12.04,
            "gross_profit": 89288,
            "gross_margin": 21.41,
            "gross_margin_4q_avg": 19.5,
            "net_income": 13706,
            "net_income_4q": null,
            "revenue": 417011,
            "revenue_4q": null,
            "common_shares": 359519,
            "book_valuer_per_share": 14.99,
            "book_valuer_per_share_4q_avg": 15.28,
            "equity": 539603,
            "current_ratio": 189.3,
            "debt_ratio": 50.35,
            "inventory_turnover_ratio": 1.06,
            "account_receivable_turnover_ratio": 1.34,
            "reinvestment_rate": 55.92,
            "research_to_sale_ratio": 0.82,
            "price_fair": 72.66,
            "eps_avg_yearly": 2.08,
            "eps_latest_yearly": 1.56,
            "eps_growth_yearly": 86.01
        },
        "20131": {
            "year_quarter": 20131,
            "year": 2013,
            "quarter": 1,
            "eps": 0.24,
            "eps_growth_year": -68.83,
            "eps_4q": 1.31,
            "eps_4q_growth_year": -46.69,
            "roe": 1.59,
            "roe_4q": 8.75,
            "gross_profit": 79743,
            "gross_margin": 24.67,
            "gross_margin_4q_avg": 21.33,
            "net_income": 8644,
            "net_income_4q": null,
            "revenue": 323263,
            "revenue_4q": null,
            "common_shares": 359519,
            "book_valuer_per_share": 15.27,
            "book_valuer_per_share_4q_avg": 15.07,
            "equity": 550352,
            "current_ratio": 168.64,
            "debt_ratio": 57.88,
            "inventory_turnover_ratio": 0.63,
            "account_receivable_turnover_ratio": 1.11,
            "reinvestment_rate": -1.28,
            "research_to_sale_ratio": 1.02,
            "price_fair": 69.11,
            "eps_avg_yearly": 1.97,
            "eps_latest_yearly": 0.96,
            "eps_growth_yearly": 64.2
        },
        "20132": {
            "year_quarter": 20132,
            "year": 2013,
            "quarter": 2,
            "eps": 0.85,
            "eps_growth_year": 60.76,
            "eps_4q": 1.6,
            "eps_4q_growth_year": -27.55,
            "roe": 5.65,
            "roe_4q": 10.850000000000001,
            "gross_profit": 113087,
            "gross_margin": 18.47,
            "gross_margin_4q_avg": 21.16,
            "net_income": 30671,
            "net_income_4q": null,
            "revenue": 612407,
            "revenue_4q": null,
            "common_shares": 360049,
            "book_valuer_per_share": 14.87,
            "book_valuer_per_share_4q_avg": 14.94,
            "equity": 536142,
            "current_ratio": 152.07,
            "debt_ratio": 64.93,
            "inventory_turnover_ratio": 1.07,
            "account_receivable_turnover_ratio": 1.9,
            "reinvestment_rate": 16.45,
            "research_to_sale_ratio": 0.58,
            "price_fair": 73.27,
            "eps_avg_yearly": 2.09,
            "eps_latest_yearly": 3.4,
            "eps_growth_yearly": 143.57
        },
        "20133": {
            "year_quarter": 20133,
            "year": 2013,
            "quarter": 3,
            "eps": 0.38,
            "eps_growth_year": 143.18,
            "eps_4q": 1.83,
            "eps_4q_growth_year": -4.54,
            "roe": 2.53,
            "roe_4q": 12.34,
            "gross_profit": 95877,
            "gross_margin": 16.89,
            "gross_margin_4q_avg": 20.36,
            "net_income": 13716,
            "net_income_4q": null,
            "revenue": 567759,
            "revenue_4q": null,
            "common_shares": 367547,
            "book_valuer_per_share": 14.95,
            "book_valuer_per_share_4q_avg": 15.02,
            "equity": 549675,
            "current_ratio": 160.48,
            "debt_ratio": 61.22,
            "inventory_turnover_ratio": 0.99,
            "account_receivable_turnover_ratio": 1.43,
            "reinvestment_rate": 16.38,
            "research_to_sale_ratio": 0.65,
            "price_fair": 71.72,
            "eps_avg_yearly": 2.05,
            "eps_latest_yearly": 1.52,
            "eps_growth_yearly": 115.52
        },
        "20134": {
            "year_quarter": 20134,
            "year": 2013,
            "quarter": 4,
            "eps": 0.48,
            "eps_growth_year": 23.75,
            "eps_4q": 1.93,
            "eps_4q_growth_year": 7.34,
            "roe": 3.11,
            "roe_4q": 12.879999999999999,
            "gross_profit": 116140,
            "gross_margin": 19.38,
            "gross_margin_4q_avg": 19.85,
            "net_income": 17395,
            "net_income_4q": null,
            "revenue": 599201,
            "revenue_4q": null,
            "common_shares": 367652,
            "book_valuer_per_share": 15.42,
            "book_valuer_per_share_4q_avg": 15.13,
            "equity": 569686,
            "current_ratio": 157.29,
            "debt_ratio": 61.4,
            "inventory_turnover_ratio": 1.05,
            "account_receivable_turnover_ratio": 1.43,
            "reinvestment_rate": -0.98,
            "research_to_sale_ratio": 1.06,
            "price_fair": 71.4,
            "eps_avg_yearly": 2.04,
            "eps_latest_yearly": 1.92,
            "eps_growth_yearly": 114.78
        },
        "20141": {
            "year_quarter": 20141,
            "year": 2014,
            "quarter": 1,
            "eps": 0.27,
            "eps_growth_year": 12.5,
            "eps_4q": 1.96,
            "eps_4q_growth_year": 49.14,
            "roe": 1.72,
            "roe_4q": 13.01,
            "gross_profit": 92742,
            "gross_margin": 19,
            "gross_margin_4q_avg": 18.44,
            "net_income": 9906,
            "net_income_4q": null,
            "revenue": 488124,
            "revenue_4q": null,
            "common_shares": 367652,
            "book_valuer_per_share": 15.7,
            "book_valuer_per_share_4q_avg": 15.24,
            "equity": 580381,
            "current_ratio": 170.71,
            "debt_ratio": 55.79,
            "inventory_turnover_ratio": 0.94,
            "account_receivable_turnover_ratio": 1.32,
            "reinvestment_rate": -0.07,
            "research_to_sale_ratio": 1.27,
            "price_fair": 69.16,
            "eps_avg_yearly": 1.98,
            "eps_latest_yearly": 1.08,
            "eps_growth_yearly": 95.46
        },
        "20142": {
            "year_quarter": 20142,
            "year": 2014,
            "quarter": 2,
            "eps": 0.31,
            "eps_growth_year": -63.53,
            "eps_4q": 1.43,
            "eps_4q_growth_year": -10.89,
            "roe": 2,
            "roe_4q": 9.36,
            "gross_profit": 97056,
            "gross_margin": 21.18,
            "gross_margin_4q_avg": 19.11,
            "net_income": 11107,
            "net_income_4q": null,
            "revenue": 458257,
            "revenue_4q": null,
            "common_shares": 368702,
            "book_valuer_per_share": 14.38,
            "book_valuer_per_share_4q_avg": 15.11,
            "equity": 531500,
            "current_ratio": 162.6,
            "debt_ratio": 57.33,
            "inventory_turnover_ratio": 1.04,
            "account_receivable_turnover_ratio": 1.31,
            "reinvestment_rate": -1.34,
            "research_to_sale_ratio": 1.68,
            "price_fair": 67.55,
            "eps_avg_yearly": 1.93,
            "eps_latest_yearly": 1.24,
            "eps_growth_yearly": 93.2
        },
        "20143": {
            "year_quarter": 20143,
            "year": 2014,
            "quarter": 3,
            "eps": 0.18,
            "eps_growth_year": -52.63,
            "eps_4q": 1.24,
            "eps_4q_growth_year": -32.45,
            "roe": 1.25,
            "roe_4q": 8.08,
            "gross_profit": 91251,
            "gross_margin": 24.3,
            "gross_margin_4q_avg": 20.97,
            "net_income": 6708,
            "net_income_4q": null,
            "revenue": 375515,
            "revenue_4q": null,
            "common_shares": 368702,
            "book_valuer_per_share": 14.58,
            "book_valuer_per_share_4q_avg": 15.02,
            "equity": 541327,
            "current_ratio": 157.48,
            "debt_ratio": 59.3,
            "inventory_turnover_ratio": 0.8,
            "account_receivable_turnover_ratio": 1.15,
            "reinvestment_rate": -14.45,
            "research_to_sale_ratio": 1.97,
            "price_fair": 63.61,
            "eps_avg_yearly": 1.82,
            "eps_latest_yearly": 0.72,
            "eps_growth_yearly": 51.47
        },
        "20144": {
            "year_quarter": 20144,
            "year": 2014,
            "quarter": 4,
            "eps": 0.69,
            "eps_growth_year": 43.79,
            "eps_4q": 1.44,
            "eps_4q_growth_year": -25.1,
            "roe": 4.57,
            "roe_4q": 9.540000000000001,
            "gross_profit": 122195,
            "gross_margin": 16.73,
            "gross_margin_4q_avg": 20.3,
            "net_income": 25363,
            "net_income_4q": null,
            "revenue": 730300,
            "revenue_4q": null,
            "common_shares": 370512,
            "book_valuer_per_share": 15.3,
            "book_valuer_per_share_4q_avg": 14.99,
            "equity": 568233,
            "current_ratio": 143.54,
            "debt_ratio": 64.96,
            "inventory_turnover_ratio": 1.45,
            "account_receivable_turnover_ratio": 1.95,
            "reinvestment_rate": -7.24,
            "research_to_sale_ratio": 0.74,
            "price_fair": 65.98,
            "eps_avg_yearly": 1.89,
            "eps_latest_yearly": 2.76,
            "eps_growth_yearly": 130.63
        },
        "20151": {
            "year_quarter": 20151,
            "year": 2015,
            "quarter": 1,
            "eps": 0.37,
            "eps_growth_year": 37.04,
            "eps_4q": 1.54,
            "eps_4q_growth_year": -21.34,
            "roe": 2.39,
            "roe_4q": 10.21,
            "gross_profit": 100679,
            "gross_margin": 20.57,
            "gross_margin_4q_avg": 20.7,
            "net_income": 13759,
            "net_income_4q": null,
            "revenue": 489517,
            "revenue_4q": null,
            "common_shares": 370512,
            "book_valuer_per_share": 15.67,
            "book_valuer_per_share_4q_avg": 14.98,
            "equity": 582940,
            "current_ratio": 157.49,
            "debt_ratio": 58.29,
            "inventory_turnover_ratio": 0.95,
            "account_receivable_turnover_ratio": 1.2,
            "reinvestment_rate": -7.38,
            "research_to_sale_ratio": 0.94,
            "price_fair": 64.23,
            "eps_avg_yearly": 1.84,
            "eps_latest_yearly": 1.48,
            "eps_growth_yearly": 110.11
        },
        "20152": {
            "year_quarter": 20152,
            "year": 2015,
            "quarter": 2,
            "eps": 0.61,
            "eps_growth_year": 96.77,
            "eps_4q": 1.83,
            "eps_4q_growth_year": 28.31,
            "roe": 3.94,
            "roe_4q": 12.15,
            "gross_profit": 110684,
            "gross_margin": 20.99,
            "gross_margin_4q_avg": 20.65,
            "net_income": 22474,
            "net_income_4q": null,
            "revenue": 527291,
            "revenue_4q": null,
            "common_shares": 372117,
            "book_valuer_per_share": 14.96,
            "book_valuer_per_share_4q_avg": 15.13,
            "equity": 558788,
            "current_ratio": 144.83,
            "debt_ratio": 63.58,
            "inventory_turnover_ratio": 0.96,
            "account_receivable_turnover_ratio": 1.38,
            "reinvestment_rate": -9.27,
            "research_to_sale_ratio": 0.85,
            "price_fair": 63.53,
            "eps_avg_yearly": 1.82,
            "eps_latest_yearly": 2.44,
            "eps_growth_yearly": 121.06
        },
        "20153": {
            "year_quarter": 20153,
            "year": 2015,
            "quarter": 3,
            "eps": 0.66,
            "eps_growth_year": 266.67,
            "eps_4q": 2.31,
            "eps_4q_growth_year": 87.11,
            "roe": 4.35,
            "roe_4q": 15.25,
            "gross_profit": 114281,
            "gross_margin": 19.85,
            "gross_margin_4q_avg": 19.54,
            "net_income": 24972,
            "net_income_4q": null,
            "revenue": 575642,
            "revenue_4q": null,
            "common_shares": 372837,
            "book_valuer_per_share": 15.76,
            "book_valuer_per_share_4q_avg": 15.42,
            "equity": 589879,
            "current_ratio": 158.36,
            "debt_ratio": 59.08,
            "inventory_turnover_ratio": 1.04,
            "account_receivable_turnover_ratio": 1.3,
            "reinvestment_rate": -10.65,
            "research_to_sale_ratio": 0.67,
            "price_fair": 65.01,
            "eps_avg_yearly": 1.86,
            "eps_latest_yearly": 2.64,
            "eps_growth_yearly": 130.36
        },
        "20154": {
            "year_quarter": 20154,
            "year": 2015,
            "quarter": 4,
            "eps": 0.57,
            "eps_growth_year": -16.13,
            "eps_4q": 2.2,
            "eps_4q_growth_year": 52.81,
            "roe": 3.59,
            "roe_4q": 14.27,
            "gross_profit": 125867,
            "gross_margin": 18.5,
            "gross_margin_4q_avg": 19.98,
            "net_income": 21566,
            "net_income_4q": null,
            "revenue": 680422,
            "revenue_4q": null,
            "common_shares": 373607,
            "book_valuer_per_share": 16.36,
            "book_valuer_per_share_4q_avg": 15.69,
            "equity": 613082,
            "current_ratio": 152.73,
            "debt_ratio": 60.6,
            "inventory_turnover_ratio": 1.48,
            "account_receivable_turnover_ratio": 1.53,
            "reinvestment_rate": -10.86,
            "research_to_sale_ratio": 0.5,
            "price_fair": 65.28,
            "eps_avg_yearly": 1.87,
            "eps_latest_yearly": 2.28,
            "eps_growth_yearly": 124.4
        },
        "20161": {
            "year_quarter": 20161,
            "year": 2016,
            "quarter": 1,
            "eps": 0.32,
            "eps_growth_year": -13.51,
            "eps_4q": 2.15,
            "eps_4q_growth_year": 39.65,
            "roe": 1.92,
            "roe_4q": 13.799999999999999,
            "gross_profit": 95312,
            "gross_margin": 24.24,
            "gross_margin_4q_avg": 20.9,
            "net_income": 12006,
            "net_income_4q": null,
            "revenue": 393150,
            "revenue_4q": null,
            "common_shares": 374282,
            "book_valuer_per_share": 16.99,
            "book_valuer_per_share_4q_avg": 16.02,
            "equity": 638662,
            "current_ratio": 162.25,
            "debt_ratio": 56.94,
            "inventory_turnover_ratio": 0.81,
            "account_receivable_turnover_ratio": 0.94,
            "reinvestment_rate": -14.81,
            "research_to_sale_ratio": 0.75,
            "price_fair": 61.34,
            "eps_avg_yearly": 1.75,
            "eps_latest_yearly": 1.28,
            "eps_growth_yearly": 102.79
        },
        "20162": {
            "year_quarter": 20162,
            "year": 2016,
            "quarter": 2,
            "eps": 0.43,
            "eps_growth_year": -29.51,
            "eps_4q": 1.91,
            "eps_4q_growth_year": 3.92,
            "roe": 2.78,
            "roe_4q": 12.639999999999999,
            "gross_profit": 108975,
            "gross_margin": 21.57,
            "gross_margin_4q_avg": 21.04,
            "net_income": 17391,
            "net_income_4q": null,
            "revenue": 505164,
            "revenue_4q": null,
            "common_shares": 375932,
            "book_valuer_per_share": 16.21,
            "book_valuer_per_share_4q_avg": 16.33,
            "equity": 611321,
            "current_ratio": 148.48,
            "debt_ratio": 62.17,
            "inventory_turnover_ratio": 1.1,
            "account_receivable_turnover_ratio": 1.12,
            "reinvestment_rate": -19.96,
            "research_to_sale_ratio": 0.61,
            "price_fair": 60.46,
            "eps_avg_yearly": 1.73,
            "eps_latest_yearly": 1.72,
            "eps_growth_yearly": 119.17
        },
        "20163": {
            "year_quarter": 20163,
            "year": 2016,
            "quarter": 3,
            "eps": 0.18,
            "eps_growth_year": -72.73,
            "eps_4q": 1.46,
            "eps_4q_growth_year": -36.8,
            "roe": 1.09,
            "roe_4q": 9.379999999999999,
            "gross_profit": 88587,
            "gross_margin": 21.94,
            "gross_margin_4q_avg": 21.56,
            "net_income": 6833,
            "net_income_4q": null,
            "revenue": 403799,
            "revenue_4q": null,
            "common_shares": 394814,
            "book_valuer_per_share": 16.19,
            "book_valuer_per_share_4q_avg": 16.44,
            "equity": 640992,
            "current_ratio": 155.71,
            "debt_ratio": 59.31,
            "inventory_turnover_ratio": 0.78,
            "account_receivable_turnover_ratio": 0.98,
            "reinvestment_rate": -18.23,
            "research_to_sale_ratio": 0.78,
            "price_fair": 60.64,
            "eps_avg_yearly": 1.73,
            "eps_latest_yearly": 0.72,
            "eps_growth_yearly": 122.09
        },
        "20164": {
            "year_quarter": 20164,
            "year": 2016,
            "quarter": 4,
            "eps": 0.48,
            "eps_growth_year": -16.74,
            "eps_4q": 1.39,
            "eps_4q_growth_year": -36.74,
            "roe": 3,
            "roe_4q": 8.79,
            "gross_profit": 120109,
            "gross_margin": 19.42,
            "gross_margin_4q_avg": 21.79,
            "net_income": 19312,
            "net_income_4q": null,
            "revenue": 618439,
            "revenue_4q": null,
            "common_shares": 395184,
            "book_valuer_per_share": 16.36,
            "book_valuer_per_share_4q_avg": 16.44,
            "equity": 648381,
            "current_ratio": 141.99,
            "debt_ratio": 66.08,
            "inventory_turnover_ratio": 0.98,
            "account_receivable_turnover_ratio": 1.7,
            "reinvestment_rate": -17.55,
            "research_to_sale_ratio": 0.47,
            "price_fair": 61.43,
            "eps_avg_yearly": 1.76,
            "eps_latest_yearly": 1.92,
            "eps_growth_yearly": 127.82
        },
        "20171": {
            "year_quarter": 20171,
            "year": 2017,
            "quarter": 1,
            "eps": 0.31,
            "eps_growth_year": -3.12,
            "eps_4q": 1.4,
            "eps_4q_growth_year": -34.99,
            "roe": 1.87,
            "roe_4q": 8.74,
            "gross_profit": 112794,
            "gross_margin": 21.42,
            "gross_margin_4q_avg": 21.09,
            "net_income": 12276,
            "net_income_4q": null,
            "revenue": 526587,
            "revenue_4q": null,
            "common_shares": 395184,
            "book_valuer_per_share": 16.69,
            "book_valuer_per_share_4q_avg": 16.36,
            "equity": 662911,
            "current_ratio": 146.19,
            "debt_ratio": 63.84,
            "inventory_turnover_ratio": 0.83,
            "account_receivable_turnover_ratio": 1.33,
            "reinvestment_rate": 18.53,
            "research_to_sale_ratio": 0.6,
            "price_fair": 62.04,
            "eps_avg_yearly": 1.77,
            "eps_latest_yearly": 1.24,
            "eps_growth_yearly": 128.58
        },
        "20172": {
            "year_quarter": 20172,
            "year": 2017,
            "quarter": 2,
            "eps": 0.44,
            "eps_growth_year": 2.33,
            "eps_4q": 1.41,
            "eps_4q_growth_year": -26.29,
            "roe": 2.58,
            "roe_4q": 8.540000000000001,
            "gross_profit": 111067,
            "gross_margin": 22.33,
            "gross_margin_4q_avg": 21.28,
            "net_income": 17237,
            "net_income_4q": null,
            "revenue": 497310,
            "revenue_4q": null,
            "common_shares": 396559,
            "book_valuer_per_share": 16.88,
            "book_valuer_per_share_4q_avg": 16.53,
            "equity": 671235,
            "current_ratio": 147.35,
            "debt_ratio": 63.07,
            "inventory_turnover_ratio": 0.84,
            "account_receivable_turnover_ratio": 1.22,
            "reinvestment_rate": 4.14,
            "research_to_sale_ratio": 0.57,
            "price_fair": 58.45,
            "eps_avg_yearly": 1.67,
            "eps_latest_yearly": 1.76,
            "eps_growth_yearly": 75.52
        },
        "20173": {
            "year_quarter": 20173,
            "year": 2017,
            "quarter": 3,
            "eps": 0.63,
            "eps_growth_year": 250,
            "eps_4q": 1.85,
            "eps_4q_growth_year": 26.72,
            "roe": 3.57,
            "roe_4q": 11.02,
            "gross_profit": 129936,
            "gross_margin": 21.98,
            "gross_margin_4q_avg": 21.29,
            "net_income": 24818,
            "net_income_4q": null,
            "revenue": 591025,
            "revenue_4q": null,
            "common_shares": 396906,
            "book_valuer_per_share": 18.09,
            "book_valuer_per_share_4q_avg": 17.01,
            "equity": 720878,
            "current_ratio": 145.73,
            "debt_ratio": 63.89,
            "inventory_turnover_ratio": 0.82,
            "account_receivable_turnover_ratio": 1.33,
            "reinvestment_rate": 3.33,
            "research_to_sale_ratio": 0.42,
            "price_fair": 60.64,
            "eps_avg_yearly": 1.73,
            "eps_latest_yearly": 2.52,
            "eps_growth_yearly": 100.14
        },
        "20174": {
            "year_quarter": 20174,
            "year": 2017,
            "quarter": 4,
            "eps": 0.34,
            "eps_growth_year": -28.54,
            "eps_4q": 1.72,
            "eps_4q_growth_year": 23.13,
            "roe": 1.86,
            "roe_4q": 9.879999999999999,
            "gross_profit": 137157,
            "gross_margin": 23.05,
            "gross_margin_4q_avg": 22.2,
            "net_income": 13598,
            "net_income_4q": null,
            "revenue": 595147,
            "revenue_4q": null,
            "common_shares": 397896,
            "book_valuer_per_share": 18.56,
            "book_valuer_per_share_4q_avg": 17.56,
            "equity": 740280,
            "current_ratio": 152.65,
            "debt_ratio": 61.02,
            "inventory_turnover_ratio": 0.68,
            "account_receivable_turnover_ratio": 1.29,
            "reinvestment_rate": 2.07,
            "research_to_sale_ratio": 0.34,
            "price_fair": 59.41,
            "eps_avg_yearly": 1.7,
            "eps_latest_yearly": 1.36,
            "eps_growth_yearly": 82.06
        },
        "20181": {
            "year_quarter": 20181,
            "year": 2018,
            "quarter": 1,
            "eps": 0.66,
            "eps_growth_year": 112.9,
            "eps_4q": 2.07,
            "eps_4q_growth_year": 47.94,
            "roe": 3.45,
            "roe_4q": 11.46,
            "gross_profit": 143619,
            "gross_margin": 20.87,
            "gross_margin_4q_avg": 22.06,
            "net_income": 26273,
            "net_income_4q": null,
            "revenue": 688186,
            "revenue_4q": null,
            "common_shares": 397896,
            "book_valuer_per_share": 19.64,
            "book_valuer_per_share_4q_avg": 18.29,
            "equity": 783470,
            "current_ratio": 154.46,
            "debt_ratio": 60.59,
            "inventory_turnover_ratio": 0.75,
            "account_receivable_turnover_ratio": 1.45,
            "reinvestment_rate": 1.86,
            "research_to_sale_ratio": 0.31,
            "price_fair": 62.83,
            "eps_avg_yearly": 1.8,
            "eps_latest_yearly": 2.64,
            "eps_growth_yearly": 116.52
        },
        "20182": {
            "year_quarter": 20182,
            "year": 2018,
            "quarter": 2,
            "eps": 0.87,
            "eps_growth_year": 97.73,
            "eps_4q": 2.49,
            "eps_4q_growth_year": 77.17,
            "roe": 4.31,
            "roe_4q": 13.19,
            "gross_profit": 163707,
            "gross_margin": 20.82,
            "gross_margin_4q_avg": 21.68,
            "net_income": 34661,
            "net_income_4q": null,
            "revenue": 786345,
            "revenue_4q": null,
            "common_shares": 398096,
            "book_valuer_per_share": 20.6,
            "book_valuer_per_share_4q_avg": 19.22,
            "equity": 823232,
            "current_ratio": 144.38,
            "debt_ratio": 63.93,
            "inventory_turnover_ratio": 0.81,
            "account_receivable_turnover_ratio": 1.4,
            "reinvestment_rate": 0.9,
            "research_to_sale_ratio": 0.24,
            "price_fair": 67.73,
            "eps_avg_yearly": 1.94,
            "eps_latest_yearly": 3.48,
            "eps_growth_yearly": 120.77
        },
        "20183": {
            "year_quarter": 20183,
            "year": 2018,
            "quarter": 3,
            "eps": 0.83,
            "eps_growth_year": 31.75,
            "eps_4q": 2.7,
            "eps_4q_growth_year": 45.9,
            "roe": 4,
            "roe_4q": 13.619999999999997,
            "gross_profit": 157554,
            "gross_margin": 21.43,
            "gross_margin_4q_avg": 21.54,
            "net_income": 33542,
            "net_income_4q": null,
            "revenue": 735218,
            "revenue_4q": null,
            "common_shares": 398971,
            "book_valuer_per_share": 21.35,
            "book_valuer_per_share_4q_avg": 20.04,
            "equity": 853630,
            "current_ratio": 144.67,
            "debt_ratio": 65.27,
            "inventory_turnover_ratio": 0.71,
            "account_receivable_turnover_ratio": 1.14,
            "reinvestment_rate": 64.27,
            "research_to_sale_ratio": 0.24,
            "price_fair": 73.41,
            "eps_avg_yearly": 2.1,
            "eps_latest_yearly": 3.32,
            "eps_growth_yearly": 130.11
        },
        "20184": {
            "year_quarter": 20184,
            "year": 2018,
            "quarter": 4,
            "eps": 0.87,
            "eps_growth_year": 154.04,
            "eps_4q": 3.23,
            "eps_4q_growth_year": 88,
            "roe": 4.05,
            "roe_4q": 15.809999999999999,
            "gross_profit": 194382,
            "gross_margin": 26.28,
            "gross_margin_4q_avg": 22.35,
            "net_income": 34930,
            "net_income_4q": null,
            "revenue": 739798,
            "revenue_4q": null,
            "common_shares": 398971,
            "book_valuer_per_share": 21.74,
            "book_valuer_per_share_4q_avg": 20.83,
            "equity": 869797,
            "current_ratio": 143.96,
            "debt_ratio": 65.32,
            "inventory_turnover_ratio": 0.62,
            "account_receivable_turnover_ratio": 1.22,
            "reinvestment_rate": 59.08,
            "research_to_sale_ratio": 0.29,
            "price_fair": 74.99,
            "eps_avg_yearly": 2.14,
            "eps_latest_yearly": 3.48,
            "eps_growth_yearly": 60.48
        },
        "20191": {
            "year_quarter": 20191,
            "year": 2019,
            "quarter": 1,
            "eps": 0.99,
            "eps_growth_year": 50,
            "eps_4q": 3.56,
            "eps_4q_growth_year": 71.94,
            "roe": 4.43,
            "roe_4q": 16.79,
            "gross_profit": 162662,
            "gross_margin": 21.6,
            "gross_margin_4q_avg": 22.53,
            "net_income": 39058,
            "net_income_4q": null,
            "revenue": 753233,
            "revenue_4q": null,
            "common_shares": 398989,
            "book_valuer_per_share": 22.32,
            "book_valuer_per_share_4q_avg": 21.5,
            "equity": 892571,
            "current_ratio": 144.59,
            "debt_ratio": 65.14,
            "inventory_turnover_ratio": 0.62,
            "account_receivable_turnover_ratio": 1.42,
            "reinvestment_rate": 53.09,
            "research_to_sale_ratio": 0.21,
            "price_fair": 80.41,
            "eps_avg_yearly": 2.3,
            "eps_latest_yearly": 3.96,
            "eps_growth_yearly": 75.52
        },
        "20192": {
            "year_quarter": 20192,
            "year": 2019,
            "quarter": 2,
            "eps": 1.42,
            "eps_growth_year": 63.22,
            "eps_4q": 3.65,
            "eps_4q_growth_year": 46.7,
            "roe": 6.25,
            "roe_4q": 18.73,
            "gross_profit": 207443,
            "gross_margin": 21.19,
            "gross_margin_4q_avg": 22.63,
            "net_income": 56402,
            "net_income_4q": null,
            "revenue": 978799,
            "revenue_4q": null,
            "common_shares": 399104,
            "book_valuer_per_share": 22.83,
            "book_valuer_per_share_4q_avg": 22.06,
            "equity": 912628,
            "current_ratio": 143.68,
            "debt_ratio": 65.6,
            "inventory_turnover_ratio": 0.81,
            "account_receivable_turnover_ratio": 1.6,
            "reinvestment_rate": 48.62,
            "research_to_sale_ratio": 0.19,
            "price_fair": 87.5,
            "eps_avg_yearly": 2.5,
            "eps_latest_yearly": 5.68,
            "eps_growth_yearly": 70.16
        },
        "20193": {
            "year_quarter": 20193,
            "year": 2019,
            "quarter": 3,
            "eps": 0.94,
            "eps_growth_year": 13.25,
            "eps_4q": 3.85,
            "eps_4q_growth_year": 42.54,
            "roe": 4.7,
            "roe_4q": 19.43,
            "gross_profit": 181208,
            "gross_margin": 21.91,
            "gross_margin_4q_avg": 22.75,
            "net_income": 41918,
            "net_income_4q": null,
            "revenue": 827112,
            "revenue_4q": null,
            "common_shares": 399104,
            "book_valuer_per_share": 21.77,
            "book_valuer_per_share_4q_avg": 22.17,
            "equity": 870143,
            "current_ratio": 146.8,
            "debt_ratio": 63.19,
            "inventory_turnover_ratio": 0.82,
            "account_receivable_turnover_ratio": 1.29,
            "reinvestment_rate": 48.76,
            "research_to_sale_ratio": 0.32,
            "price_fair": 89.95,
            "eps_avg_yearly": 2.57,
            "eps_latest_yearly": 3.76,
            "eps_growth_yearly": 59.66
        },
        "20194": {
            "year_quarter": 20194,
            "year": 2019,
            "quarter": 4,
            "eps": 0.84,
            "eps_growth_year": -3.45,
            "eps_4q": 3.91,
            "eps_4q_growth_year": 21.15,
            "roe": 4.26,
            "roe_4q": 19.64,
            "gross_profit": 201785,
            "gross_margin": 24.6,
            "gross_margin_4q_avg": 22.33,
            "net_income": 38023,
            "net_income_4q": null,
            "revenue": 820226,
            "revenue_4q": null,
            "common_shares": 449542,
            "book_valuer_per_share": 20.34,
            "book_valuer_per_share_4q_avg": 21.82,
            "equity": 916484,
            "current_ratio": 143.49,
            "debt_ratio": 64.7,
            "inventory_turnover_ratio": 0.81,
            "account_receivable_turnover_ratio": 1.58,
            "reinvestment_rate": 47.23,
            "research_to_sale_ratio": 0.44,
            "price_fair": 92.31,
            "eps_avg_yearly": 2.64,
            "eps_latest_yearly": 3.36,
            "eps_growth_yearly": 60.41
        },
        "20201": {
            "year_quarter": 20201,
            "year": 2020,
            "quarter": 1,
            "eps": 1.53,
            "eps_growth_year": 54.55,
            "eps_4q": 4.52,
            "eps_4q_growth_year": 27.13,
            "roe": 7.33,
            "roe_4q": 22.54,
            "gross_profit": 210140,
            "gross_margin": 21.05,
            "gross_margin_4q_avg": 22.19,
            "net_income": 69086,
            "net_income_4q": null,
            "revenue": 998072,
            "revenue_4q": null,
            "common_shares": 453622,
            "book_valuer_per_share": 21.28,
            "book_valuer_per_share_4q_avg": 21.56,
            "equity": 967588,
            "current_ratio": 143.76,
            "debt_ratio": 65.23,
            "inventory_turnover_ratio": 0.88,
            "account_receivable_turnover_ratio": 1.85,
            "reinvestment_rate": 41.83,
            "research_to_sale_ratio": 0.3,
            "price_fair": 102.9,
            "eps_avg_yearly": 2.94,
            "eps_latest_yearly": 6.12,
            "eps_growth_yearly": 91.91
        },
        "20202": {
            "year_quarter": 20202,
            "year": 2020,
            "quarter": 2,
            "eps": 1.34,
            "eps_growth_year": -5.63,
            "eps_4q": 4.1,
            "eps_4q_growth_year": 12.25,
            "roe": 6.02,
            "roe_4q": 22.31,
            "gross_profit": 214723,
            "gross_margin": 20.03,
            "gross_margin_4q_avg": 21.9,
            "net_income": 60723,
            "net_income_4q": null,
            "revenue": 1072061,
            "revenue_4q": null,
            "common_shares": 453622,
            "book_valuer_per_share": 23.07,
            "book_valuer_per_share_4q_avg": 21.62,
            "equity": 1048560,
            "current_ratio": 145.98,
            "debt_ratio": 63.96,
            "inventory_turnover_ratio": 0.91,
            "account_receivable_turnover_ratio": 1.69,
            "reinvestment_rate": 36.77,
            "research_to_sale_ratio": 0.25,
            "price_fair": 110.86,
            "eps_avg_yearly": 3.17,
            "eps_latest_yearly": 5.36,
            "eps_growth_yearly": 80.22
        },
        "20203": {
            "year_quarter": 20203,
            "year": 2020,
            "quarter": 3,
            "eps": 1.12,
            "eps_growth_year": 19.15,
            "eps_4q": 4.39,
            "eps_4q_growth_year": 14.11,
            "roe": 5.37,
            "roe_4q": 22.979999999999997,
            "gross_profit": 191374,
            "gross_margin": 18.57,
            "gross_margin_4q_avg": 21.06,
            "net_income": 56951,
            "net_income_4q": null,
            "revenue": 1030551,
            "revenue_4q": null,
            "common_shares": 510325,
            "book_valuer_per_share": 20.97,
            "book_valuer_per_share_4q_avg": 21.42,
            "equity": 1072324,
            "current_ratio": 155.65,
            "debt_ratio": 59.73,
            "inventory_turnover_ratio": 0.89,
            "account_receivable_turnover_ratio": 1.76,
            "reinvestment_rate": 33.84,
            "research_to_sale_ratio": 0.28,
            "price_fair": 119.09,
            "eps_avg_yearly": 3.4,
            "eps_latest_yearly": 4.48,
            "eps_growth_yearly": 90.65
        },
        "20204": {
            "year_quarter": 20204,
            "year": 2020,
            "quarter": 4,
            "eps": 0.63,
            "eps_growth_year": -24.55,
            "eps_4q": 4.29,
            "eps_4q_growth_year": 9.59,
            "roe": 2.86,
            "roe_4q": 21.58,
            "gross_profit": 208040,
            "gross_margin": 21.57,
            "gross_margin_4q_avg": 20.31,
            "net_income": 32089,
            "net_income_4q": null,
            "revenue": 964334,
            "revenue_4q": null,
            "common_shares": 510325,
            "book_valuer_per_share": 23,
            "book_valuer_per_share_4q_avg": 22.08,
            "equity": 1175611,
            "current_ratio": 171.49,
            "debt_ratio": 57.97,
            "inventory_turnover_ratio": 0.79,
            "account_receivable_turnover_ratio": 1.86,
            "reinvestment_rate": 33.06,
            "research_to_sale_ratio": 0.38,
            "price_fair": 120.4,
            "eps_avg_yearly": 3.44,
            "eps_latest_yearly": 2.52,
            "eps_growth_yearly": 38.04
        },
        "20211": {
            "year_quarter": 20211,
            "year": 2021,
            "quarter": 1,
            "eps": 1.18,
            "eps_growth_year": -22.88,
            "eps_4q": 4.12,
            "eps_4q_growth_year": -8.86,
            "roe": 4.52,
            "roe_4q": 18.77,
            "gross_profit": 200969,
            "gross_margin": 16.98,
            "gross_margin_4q_avg": 19.29,
            "net_income": 60000,
            "net_income_4q": null,
            "revenue": 1183885,
            "revenue_4q": null,
            "common_shares": 510325,
            "book_valuer_per_share": 28.9,
            "book_valuer_per_share_4q_avg": 23.99,
            "equity": 1476430,
            "current_ratio": 183.43,
            "debt_ratio": 54.6,
            "inventory_turnover_ratio": 1.08,
            "account_receivable_turnover_ratio": 2.42,
            "reinvestment_rate": 29.94,
            "research_to_sale_ratio": 0.29,
            "price_fair": 128.01,
            "eps_avg_yearly": 3.66,
            "eps_latest_yearly": 4.72,
            "eps_growth_yearly": 68.72
        },
        "20212": {
            "year_quarter": 20212,
            "year": 2021,
            "quarter": 2,
            "eps": 1.02,
            "eps_growth_year": -23.88,
            "eps_4q": 2.82,
            "eps_4q_growth_year": -31.21,
            "roe": 3.67,
            "roe_4q": 16.419999999999998,
            "gross_profit": 189859,
            "gross_margin": 24.93,
            "gross_margin_4q_avg": 20.51,
            "net_income": 51868,
            "net_income_4q": null,
            "revenue": 761498,
            "revenue_4q": null,
            "common_shares": 510325,
            "book_valuer_per_share": 26.47,
            "book_valuer_per_share_4q_avg": 24.84,
            "equity": 1352461,
            "current_ratio": 181.63,
            "debt_ratio": 55.36,
            "inventory_turnover_ratio": 0.68,
            "account_receivable_turnover_ratio": 1.68,
            "reinvestment_rate": 28.69,
            "research_to_sale_ratio": 0.47,
            "price_fair": 133.09,
            "eps_avg_yearly": 3.8,
            "eps_latest_yearly": 4.08,
            "eps_growth_yearly": 54.85
        },
        "20213": {
            "year_quarter": 20213,
            "year": 2021,
            "quarter": 3,
            "eps": 1.01,
            "eps_growth_year": -9.82,
            "eps_4q": 2.75,
            "eps_4q_growth_year": -37.46,
            "roe": 3.67,
            "roe_4q": 14.719999999999999,
            "gross_profit": 179863,
            "gross_margin": 20.78,
            "gross_margin_4q_avg": 21.07,
            "net_income": 51574,
            "net_income_4q": null,
            "revenue": 865484,
            "revenue_4q": null,
            "common_shares": 510325,
            "book_valuer_per_share": 28.52,
            "book_valuer_per_share_4q_avg": 26.72,
            "equity": 1456560,
            "current_ratio": 173.41,
            "debt_ratio": 57.7,
            "inventory_turnover_ratio": 0.73,
            "account_receivable_turnover_ratio": 1.78,
            "reinvestment_rate": 27.21,
            "research_to_sale_ratio": 0.39,
            "price_fair": 136.41,
            "eps_avg_yearly": 3.9,
            "eps_latest_yearly": 4.04,
            "eps_growth_yearly": 43.81
        },
        "20214": {
            "year_quarter": 20214,
            "year": 2021,
            "quarter": 4,
            "eps": 0.65,
            "eps_growth_year": 3.02,
            "eps_4q": 2.93,
            "eps_4q_growth_year": -31.64,
            "roe": 3.16,
            "roe_4q": 15.02,
            "gross_profit": 207007,
            "gross_margin": 18.42,
            "gross_margin_4q_avg": 20.28,
            "net_income": 47133,
            "net_income_4q": null,
            "revenue": 1124039,
            "revenue_4q": null,
            "common_shares": 714455,
            "book_valuer_per_share": 21.32,
            "book_valuer_per_share_4q_avg": 26.3,
            "equity": 1528422,
            "current_ratio": 175.25,
            "debt_ratio": 57.2,
            "inventory_turnover_ratio": 0.85,
            "account_receivable_turnover_ratio": 2.09,
            "reinvestment_rate": 26.82,
            "research_to_sale_ratio": 0.35,
            "price_fair": 139.13,
            "eps_avg_yearly": 3.98,
            "eps_latest_yearly": 2.6,
            "eps_growth_yearly": 46.4
        },
        "20221": {
            "year_quarter": 20221,
            "year": 2022,
            "quarter": 1,
            "eps": 0.99,
            "eps_growth_year": -16.1,
            "eps_4q": 3.08,
            "eps_4q_growth_year": -25.14,
            "roe": 4.48,
            "roe_4q": 14.98,
            "gross_profit": 221196,
            "gross_margin": 21.72,
            "gross_margin_4q_avg": 21.46,
            "net_income": 70693,
            "net_income_4q": null,
            "revenue": 1018608,
            "revenue_4q": null,
            "common_shares": 716224,
            "book_valuer_per_share": 22.71,
            "book_valuer_per_share_4q_avg": 24.76,
            "equity": 1629331,
            "current_ratio": 152.91,
            "debt_ratio": 64.22,
            "inventory_turnover_ratio": 0.54,
            "account_receivable_turnover_ratio": 1.45,
            "reinvestment_rate": 25.7,
            "research_to_sale_ratio": 0.31,
            "price_fair": 142.01,
            "eps_avg_yearly": 4.06,
            "eps_latest_yearly": 3.96,
            "eps_growth_yearly": 35.95
        },
        "20222": {
            "year_quarter": 20222,
            "year": 2022,
            "quarter": 2,
            "eps": 1.45,
            "eps_growth_year": 42.16,
            "eps_4q": 3.32,
            "eps_4q_growth_year": 17.54,
            "roe": 6.44,
            "roe_4q": 17.75,
            "gross_profit": 267046,
            "gross_margin": 19.25,
            "gross_margin_4q_avg": 20.04,
            "net_income": 104724,
            "net_income_4q": null,
            "revenue": 1387023,
            "revenue_4q": null,
            "common_shares": 716624,
            "book_valuer_per_share": 22.59,
            "book_valuer_per_share_4q_avg": 23.79,
            "equity": 1621048,
            "current_ratio": 156.15,
            "debt_ratio": 63.07,
            "inventory_turnover_ratio": 0.61,
            "account_receivable_turnover_ratio": 1.51,
            "reinvestment_rate": 23.8,
            "research_to_sale_ratio": 0.21,
            "price_fair": 147.09,
            "eps_avg_yearly": 4.2,
            "eps_latest_yearly": 5.8,
            "eps_growth_yearly": 39.61
        },
        "20223": {
            "year_quarter": 20223,
            "year": 2022,
            "quarter": 3,
            "eps": 1.18,
            "eps_growth_year": 16.83,
            "eps_4q": 3.86,
            "eps_4q_growth_year": 40.42,
            "roe": 5.86,
            "roe_4q": 19.94,
            "gross_profit": 246995,
            "gross_margin": 17.15,
            "gross_margin_4q_avg": 19.14,
            "net_income": 98303,
            "net_income_4q": null,
            "revenue": 1440483,
            "revenue_4q": null,
            "common_shares": 824518,
            "book_valuer_per_share": 20.98,
            "book_valuer_per_share_4q_avg": 21.9,
            "equity": 1734531,
            "current_ratio": 166.69,
            "debt_ratio": 61.81,
            "inventory_turnover_ratio": 0.66,
            "account_receivable_turnover_ratio": 1.58,
            "reinvestment_rate": -0.51,
            "research_to_sale_ratio": 0.2,
            "price_fair": 150.15,
            "eps_avg_yearly": 4.29,
            "eps_latest_yearly": 4.72,
            "eps_growth_yearly": 36.11
        },
        "20224": {
            "year_quarter": 20224,
            "year": 2022,
            "quarter": 4,
            "eps": 0.67,
            "eps_growth_year": 2.18,
            "eps_4q": 3.95,
            "eps_4q_growth_year": 34.92,
            "roe": 3.12,
            "roe_4q": 19.900000000000002,
            "gross_profit": 277218,
            "gross_margin": 21.13,
            "gross_margin_4q_avg": 19.81,
            "net_income": 55247,
            "net_income_4q": null,
            "revenue": 1311691,
            "revenue_4q": null,
            "common_shares": 825118,
            "book_valuer_per_share": 21.88,
            "book_valuer_per_share_4q_avg": 22.04,
            "equity": 1810980,
            "current_ratio": 158.83,
            "debt_ratio": 62.55,
            "inventory_turnover_ratio": 0.54,
            "account_receivable_turnover_ratio": 1.42,
            "reinvestment_rate": -0.87,
            "research_to_sale_ratio": 0.26,
            "price_fair": 144.58,
            "eps_avg_yearly": 4.24,
            "eps_latest_yearly": 2.68,
            "eps_growth_yearly": 24.1
        },
        "20231": {
            "year_quarter": 20231,
            "year": 2023,
            "quarter": 1,
            "eps": 0.77,
            "eps_growth_year": -22.22,
            "eps_4q": 3.87,
            "eps_4q_growth_year": 25.61,
            "roe": 3.43,
            "roe_4q": 18.85,
            "gross_profit": 237955,
            "gross_margin": 19.86,
            "gross_margin_4q_avg": 19.35,
            "net_income": 63424,
            "net_income_4q": null,
            "revenue": 1198209,
            "revenue_4q": null,
            "common_shares": 826588,
            "book_valuer_per_share": 22.84,
            "book_valuer_per_share_4q_avg": 22.07,
            "equity": 1891307,
            "current_ratio": 161.32,
            "debt_ratio": 61.3,
            "inventory_turnover_ratio": 0.5,
            "account_receivable_turnover_ratio": 1.38,
            "reinvestment_rate": -0.43,
            "research_to_sale_ratio": 0.28,
            "price_fair": 143.89,
            "eps_avg_yearly": 4.19,
            "eps_latest_yearly": 3.08,
            "eps_growth_yearly": 24.38
        },
        "20232": {
            "year_quarter": 20232,
            "year": 2023,
            "quarter": 2,
            "eps": 1.13,
            "eps_growth_year": -22.07,
            "eps_4q": 3.12,
            "eps_4q_growth_year": -5.96,
            "roe": 4.77,
            "roe_4q": 17.18,
            "gross_profit": 292207,
            "gross_margin": 22.63,
            "gross_margin_4q_avg": 20.19,
            "net_income": 93457,
            "net_income_4q": null,
            "revenue": 1291125,
            "revenue_4q": null,
            "common_shares": 826588,
            "book_valuer_per_share": 24.5,
            "book_valuer_per_share_4q_avg": 22.55,
            "equity": 2029294,
            "current_ratio": 164.36,
            "debt_ratio": 60.82,
            "inventory_turnover_ratio": 0.51,
            "account_receivable_turnover_ratio": 1.75,
            "reinvestment_rate": -0.65,
            "research_to_sale_ratio": 0.25,
            "price_fair": 143.94,
            "eps_avg_yearly": 4.11,
            "eps_latest_yearly": 4.52,
            "eps_growth_yearly": 25.21
        },
        "20233": {
            "year_quarter": 20233,
            "year": 2023,
            "quarter": 3,
            "eps": 0.72,
            "eps_growth_year": -38.98,
            "eps_4q": 2.86,
            "eps_4q_growth_year": -25.89,
            "roe": 3.54,
            "roe_4q": 14.86,
            "gross_profit": 250444,
            "gross_margin": 16.41,
            "gross_margin_4q_avg": 20.01,
            "net_income": 72454,
            "net_income_4q": null,
            "revenue": 1526427,
            "revenue_4q": null,
            "common_shares": 992755,
            "book_valuer_per_share": 20.77,
            "book_valuer_per_share_4q_avg": 22.5,
            "equity": 2064753,
            "current_ratio": 164.34,
            "debt_ratio": 60.49,
            "inventory_turnover_ratio": 0.59,
            "account_receivable_turnover_ratio": 1.8,
            "reinvestment_rate": -1.69,
            "research_to_sale_ratio": 0.23,
            "price_fair": 140.35,
            "eps_avg_yearly": 4.06,
            "eps_latest_yearly": 2.88,
            "eps_growth_yearly": 24.59
        },
        "20234": {
            "year_quarter": 20234,
            "year": 2023,
            "quarter": 4,
            "eps": 0.61,
            "eps_growth_year": -8.1,
            "eps_4q": 2.91,
            "eps_4q_growth_year": -26.32,
            "roe": 2.94,
            "roe_4q": 14.68,
            "gross_profit": 265105,
            "gross_margin": 18.17,
            "gross_margin_4q_avg": 19.27,
            "net_income": 61036,
            "net_income_4q": null,
            "revenue": 1458943,
            "revenue_4q": null,
            "common_shares": 992755,
            "book_valuer_per_share": 21.06,
            "book_valuer_per_share_4q_avg": 22.29,
            "equity": 2093336,
            "current_ratio": 157.89,
            "debt_ratio": 61.85,
            "inventory_turnover_ratio": 0.56,
            "account_receivable_turnover_ratio": 1.82,
            "reinvestment_rate": 1.34,
            "research_to_sale_ratio": 0.3,
            "price_fair": 133.72,
            "eps_avg_yearly": 4,
            "eps_latest_yearly": 2.44,
            "eps_growth_yearly": 23.43
        }
    },
    "months": {
        "2003-01": {
            "month": "2003-01",
            "price": "18.78",
            "revenue": 105054
        },
        "2003-02": {
            "month": "2003-02",
            "price": "17.74",
            "revenue": 66661
        },
        "2003-03": {
            "month": "2003-03",
            "price": "17.80",
            "revenue": 86050
        },
        "2003-04": {
            "month": "2003-04",
            "price": "16.88",
            "revenue": 60321
        },
        "2003-05": {
            "month": "2003-05",
            "price": "16.15",
            "revenue": 69176
        },
        "2003-06": {
            "month": "2003-06",
            "price": "18.86",
            "revenue": 82267
        },
        "2003-07": {
            "month": "2003-07",
            "price": "16.05",
            "revenue": 58579
        },
        "2003-08": {
            "month": "2003-08",
            "price": "12.97",
            "revenue": 92886
        },
        "2003-09": {
            "month": "2003-09",
            "price": "11.49",
            "revenue": 95119
        },
        "2003-10": {
            "month": "2003-10",
            "price": "12.85",
            "revenue": 158765
        },
        "2003-11": {
            "month": "2003-11",
            "price": "12.06",
            "revenue": 162642
        },
        "2003-12": {
            "month": "2003-12",
            "price": "12.70",
            "revenue": 206160
        },
        "2004-01": {
            "month": "2004-01",
            "price": "12.87",
            "revenue": 83391
        },
        "2004-02": {
            "month": "2004-02",
            "price": "13.79",
            "revenue": 153018
        },
        "2004-03": {
            "month": "2004-03",
            "price": "14.32",
            "revenue": 178260
        },
        "2004-04": {
            "month": "2004-04",
            "price": "14.54",
            "revenue": 155655
        },
        "2004-05": {
            "month": "2004-05",
            "price": "13.71",
            "revenue": 157524
        },
        "2004-06": {
            "month": "2004-06",
            "price": "14.12",
            "revenue": 219468
        },
        "2004-07": {
            "month": "2004-07",
            "price": "14.42",
            "revenue": 128406
        },
        "2004-08": {
            "month": "2004-08",
            "price": "12.21",
            "revenue": 186757
        },
        "2004-09": {
            "month": "2004-09",
            "price": "12.70",
            "revenue": 146185
        },
        "2004-10": {
            "month": "2004-10",
            "price": "11.00",
            "revenue": 146638
        },
        "2004-11": {
            "month": "2004-11",
            "price": "10.79",
            "revenue": 148779
        },
        "2004-12": {
            "month": "2004-12",
            "price": "9.92",
            "revenue": 140236
        },
        "2005-01": {
            "month": "2005-01",
            "price": "9.03",
            "revenue": 191379
        },
        "2005-02": {
            "month": "2005-02",
            "price": "9.47",
            "revenue": 98514
        },
        "2005-03": {
            "month": "2005-03",
            "price": "10.05",
            "revenue": 145605
        },
        "2005-04": {
            "month": "2005-04",
            "price": "9.14",
            "revenue": 108361
        },
        "2005-05": {
            "month": "2005-05",
            "price": "8.25",
            "revenue": 86482
        },
        "2005-06": {
            "month": "2005-06",
            "price": "8.06",
            "revenue": 141337
        },
        "2005-07": {
            "month": "2005-07",
            "price": "8.74",
            "revenue": 68677
        },
        "2005-08": {
            "month": "2005-08",
            "price": "7.36",
            "revenue": 84116
        },
        "2005-09": {
            "month": "2005-09",
            "price": "7.23",
            "revenue": 91999
        },
        "2005-10": {
            "month": "2005-10",
            "price": "6.52",
            "revenue": 77717
        },
        "2005-11": {
            "month": "2005-11",
            "price": "5.96",
            "revenue": 116160
        },
        "2005-12": {
            "month": "2005-12",
            "price": "5.95",
            "revenue": 122184
        },
        "2006-01": {
            "month": "2006-01",
            "price": "6.34",
            "revenue": 86040
        },
        "2006-02": {
            "month": "2006-02",
            "price": "6.01",
            "revenue": 65885
        },
        "2006-03": {
            "month": "2006-03",
            "price": "5.50",
            "revenue": 151913
        },
        "2006-04": {
            "month": "2006-04",
            "price": "5.94",
            "revenue": 150553
        },
        "2006-05": {
            "month": "2006-05",
            "price": "7.52",
            "revenue": 106041
        },
        "2006-06": {
            "month": "2006-06",
            "price": "8.28",
            "revenue": 116728
        },
        "2006-07": {
            "month": "2006-07",
            "price": "8.54",
            "revenue": 72805
        },
        "2006-08": {
            "month": "2006-08",
            "price": "8.26",
            "revenue": 163737
        },
        "2006-09": {
            "month": "2006-09",
            "price": "8.84",
            "revenue": 117978
        },
        "2006-10": {
            "month": "2006-10",
            "price": "9.66",
            "revenue": 103076
        },
        "2006-11": {
            "month": "2006-11",
            "price": "9.42",
            "revenue": 113294
        },
        "2006-12": {
            "month": "2006-12",
            "price": "11.96",
            "revenue": 198095
        },
        "2007-01": {
            "month": "2007-01",
            "price": "12.55",
            "revenue": 80057
        },
        "2007-02": {
            "month": "2007-02",
            "price": "11.80",
            "revenue": 82726
        },
        "2007-03": {
            "month": "2007-03",
            "price": "11.98",
            "revenue": 109038
        },
        "2007-04": {
            "month": "2007-04",
            "price": "15.74",
            "revenue": 162561
        },
        "2007-05": {
            "month": "2007-05",
            "price": "14.60",
            "revenue": 80846
        },
        "2007-06": {
            "month": "2007-06",
            "price": "16.02",
            "revenue": 127593
        },
        "2007-07": {
            "month": "2007-07",
            "price": "16.91",
            "revenue": 150604
        },
        "2007-08": {
            "month": "2007-08",
            "price": "15.86",
            "revenue": 162753
        },
        "2007-09": {
            "month": "2007-09",
            "price": "16.20",
            "revenue": 86600
        },
        "2007-10": {
            "month": "2007-10",
            "price": "15.09",
            "revenue": 95232
        },
        "2007-11": {
            "month": "2007-11",
            "price": "14.70",
            "revenue": 147685
        },
        "2007-12": {
            "month": "2007-12",
            "price": "13.39",
            "revenue": 124468
        },
        "2008-01": {
            "month": "2008-01",
            "price": "12.38",
            "revenue": 102504
        },
        "2008-02": {
            "month": "2008-02",
            "price": "11.94",
            "revenue": 81150
        },
        "2008-03": {
            "month": "2008-03",
            "price": "12.71",
            "revenue": 117560
        },
        "2008-04": {
            "month": "2008-04",
            "price": "13.72",
            "revenue": 88475
        },
        "2008-05": {
            "month": "2008-05",
            "price": "14.44",
            "revenue": 89254
        },
        "2008-06": {
            "month": "2008-06",
            "price": "14.35",
            "revenue": 133351
        },
        "2008-07": {
            "month": "2008-07",
            "price": "13.23",
            "revenue": 81027
        },
        "2008-08": {
            "month": "2008-08",
            "price": "11.49",
            "revenue": 141788
        },
        "2008-09": {
            "month": "2008-09",
            "price": "8.17",
            "revenue": 117743
        },
        "2008-10": {
            "month": "2008-10",
            "price": "6.67",
            "revenue": 104895
        },
        "2008-11": {
            "month": "2008-11",
            "price": "6.45",
            "revenue": 104280
        },
        "2008-12": {
            "month": "2008-12",
            "price": "7.05",
            "revenue": 67826
        },
        "2009-01": {
            "month": "2009-01",
            "price": "6.12",
            "revenue": 74679
        },
        "2009-02": {
            "month": "2009-02",
            "price": "5.95",
            "revenue": 130396
        },
        "2009-03": {
            "month": "2009-03",
            "price": "8.00",
            "revenue": 75404
        },
        "2009-04": {
            "month": "2009-04",
            "price": "9.19",
            "revenue": 46478
        },
        "2009-05": {
            "month": "2009-05",
            "price": "8.75",
            "revenue": 49489
        },
        "2009-06": {
            "month": "2009-06",
            "price": "8.70",
            "revenue": 72751
        },
        "2009-07": {
            "month": "2009-07",
            "price": "8.69",
            "revenue": 40067
        },
        "2009-08": {
            "month": "2009-08",
            "price": "8.38",
            "revenue": 68964
        },
        "2009-09": {
            "month": "2009-09",
            "price": "8.20",
            "revenue": 101261
        },
        "2009-10": {
            "month": "2009-10",
            "price": "9.46",
            "revenue": 48854
        },
        "2009-11": {
            "month": "2009-11",
            "price": "9.48",
            "revenue": 88726
        },
        "2009-12": {
            "month": "2009-12",
            "price": "10.71",
            "revenue": 111984
        },
        "2010-01": {
            "month": "2010-01",
            "price": "12.13",
            "revenue": 70376
        },
        "2010-02": {
            "month": "2010-02",
            "price": "12.02",
            "revenue": 55667
        },
        "2010-03": {
            "month": "2010-03",
            "price": "12.98",
            "revenue": 152624
        },
        "2010-04": {
            "month": "2010-04",
            "price": "15.77",
            "revenue": 92425
        },
        "2010-05": {
            "month": "2010-05",
            "price": "14.30",
            "revenue": 100994
        },
        "2010-06": {
            "month": "2010-06",
            "price": "15.35",
            "revenue": 195728
        },
        "2010-07": {
            "month": "2010-07",
            "price": "16.42",
            "revenue": 130631
        },
        "2010-08": {
            "month": "2010-08",
            "price": "15.43",
            "revenue": 195274
        },
        "2010-09": {
            "month": "2010-09",
            "price": "14.70",
            "revenue": 143546
        },
        "2010-10": {
            "month": "2010-10",
            "price": "13.87",
            "revenue": 158244
        },
        "2010-11": {
            "month": "2010-11",
            "price": "14.01",
            "revenue": 111117
        },
        "2010-12": {
            "month": "2010-12",
            "price": "16.23",
            "revenue": 143269
        },
        "2011-01": {
            "month": "2011-01",
            "price": "15.96",
            "revenue": 133777
        },
        "2011-02": {
            "month": "2011-02",
            "price": "15.47",
            "revenue": 183399
        },
        "2011-03": {
            "month": "2011-03",
            "price": "16.05",
            "revenue": 180964
        },
        "2011-04": {
            "month": "2011-04",
            "price": "16.99",
            "revenue": 129227
        },
        "2011-05": {
            "month": "2011-05",
            "price": "18.60",
            "revenue": 138583
        },
        "2011-06": {
            "month": "2011-06",
            "price": "18.53",
            "revenue": 164509
        },
        "2011-07": {
            "month": "2011-07",
            "price": "17.90",
            "revenue": 101264
        },
        "2011-08": {
            "month": "2011-08",
            "price": "16.15",
            "revenue": 152476
        },
        "2011-09": {
            "month": "2011-09",
            "price": "16.81",
            "revenue": 143411
        },
        "2011-10": {
            "month": "2011-10",
            "price": "16.41",
            "revenue": 166597
        },
        "2011-11": {
            "month": "2011-11",
            "price": "16.57",
            "revenue": 202896
        },
        "2011-12": {
            "month": "2011-12",
            "price": "15.96",
            "revenue": 177242
        },
        "2012-01": {
            "month": "2012-01",
            "price": "16.41",
            "revenue": 205140
        },
        "2012-02": {
            "month": "2012-02",
            "price": "21.75",
            "revenue": 209297
        },
        "2012-03": {
            "month": "2012-03",
            "price": "31.19",
            "revenue": 124062
        },
        "2012-04": {
            "month": "2012-04",
            "price": "24.16",
            "revenue": 116720
        },
        "2012-05": {
            "month": "2012-05",
            "price": "21.69",
            "revenue": 181657
        },
        "2012-06": {
            "month": "2012-06",
            "price": "21.46",
            "revenue": 115713
        },
        "2012-07": {
            "month": "2012-07",
            "price": "22.57",
            "revenue": 136611
        },
        "2012-08": {
            "month": "2012-08",
            "price": "23.06",
            "revenue": 101070
        },
        "2012-09": {
            "month": "2012-09",
            "price": "21.35",
            "revenue": 108759
        },
        "2012-10": {
            "month": "2012-10",
            "price": "19.62",
            "revenue": 124780
        },
        "2012-11": {
            "month": "2012-11",
            "price": "15.85",
            "revenue": 127370
        },
        "2012-12": {
            "month": "2012-12",
            "price": "16.36",
            "revenue": 123957
        },
        "2013-01": {
            "month": "2013-01",
            "price": "16.77",
            "revenue": 98629
        },
        "2013-02": {
            "month": "2013-02",
            "price": "16.22",
            "revenue": 78580
        },
        "2013-03": {
            "month": "2013-03",
            "price": "16.68",
            "revenue": 146054
        },
        "2013-04": {
            "month": "2013-04",
            "price": "18.56",
            "revenue": 142486
        },
        "2013-05": {
            "month": "2013-05",
            "price": "18.62",
            "revenue": 267617
        },
        "2013-06": {
            "month": "2013-06",
            "price": "20.24",
            "revenue": 202305
        },
        "2013-07": {
            "month": "2013-07",
            "price": "21.52",
            "revenue": 146908
        },
        "2013-08": {
            "month": "2013-08",
            "price": "23.13",
            "revenue": 207507
        },
        "2013-09": {
            "month": "2013-09",
            "price": "21.98",
            "revenue": 213344
        },
        "2013-10": {
            "month": "2013-10",
            "price": "23.58",
            "revenue": 199705
        },
        "2013-11": {
            "month": "2013-11",
            "price": "21.60",
            "revenue": 167717
        },
        "2013-12": {
            "month": "2013-12",
            "price": "21.87",
            "revenue": 231595
        },
        "2014-01": {
            "month": "2014-01",
            "price": "23.10",
            "revenue": 190236
        },
        "2014-02": {
            "month": "2014-02",
            "price": "24.50",
            "revenue": 134214
        },
        "2014-03": {
            "month": "2014-03",
            "price": "26.52",
            "revenue": 163877
        },
        "2014-04": {
            "month": "2014-04",
            "price": "26.49",
            "revenue": 166216
        },
        "2014-05": {
            "month": "2014-05",
            "price": "25.00",
            "revenue": 142995
        },
        "2014-06": {
            "month": "2014-06",
            "price": "26.09",
            "revenue": 148843
        },
        "2014-07": {
            "month": "2014-07",
            "price": "24.28",
            "revenue": 123949
        },
        "2014-08": {
            "month": "2014-08",
            "price": "22.38",
            "revenue": 115650
        },
        "2014-09": {
            "month": "2014-09",
            "price": "20.77",
            "revenue": 135916
        },
        "2014-10": {
            "month": "2014-10",
            "price": "20.46",
            "revenue": 199108
        },
        "2014-11": {
            "month": "2014-11",
            "price": "20.82",
            "revenue": 253345
        },
        "2014-12": {
            "month": "2014-12",
            "price": "21.91",
            "revenue": 277847
        },
        "2015-01": {
            "month": "2015-01",
            "price": "22.80",
            "revenue": 169378
        },
        "2015-02": {
            "month": "2015-02",
            "price": "23.06",
            "revenue": 115355
        },
        "2015-03": {
            "month": "2015-03",
            "price": "23.71",
            "revenue": 204784
        },
        "2015-04": {
            "month": "2015-04",
            "price": "23.82",
            "revenue": 165466
        },
        "2015-05": {
            "month": "2015-05",
            "price": "23.78",
            "revenue": 174023
        },
        "2015-06": {
            "month": "2015-06",
            "price": "23.19",
            "revenue": 187802
        },
        "2015-07": {
            "month": "2015-07",
            "price": "23.01",
            "revenue": 263021
        },
        "2015-08": {
            "month": "2015-08",
            "price": "23.00",
            "revenue": 172758
        },
        "2015-09": {
            "month": "2015-09",
            "price": "23.08",
            "revenue": 139863
        },
        "2015-10": {
            "month": "2015-10",
            "price": "23.71",
            "revenue": 155209
        },
        "2015-11": {
            "month": "2015-11",
            "price": "23.43",
            "revenue": 221686
        },
        "2015-12": {
            "month": "2015-12",
            "price": "23.04",
            "revenue": 303527
        },
        "2016-01": {
            "month": "2016-01",
            "price": "24.81",
            "revenue": 100127
        },
        "2016-02": {
            "month": "2016-02",
            "price": "24.30",
            "revenue": 137588
        },
        "2016-03": {
            "month": "2016-03",
            "price": "25.68",
            "revenue": 155435
        },
        "2016-04": {
            "month": "2016-04",
            "price": "25.27",
            "revenue": 117480
        },
        "2016-05": {
            "month": "2016-05",
            "price": "25.17",
            "revenue": 186542
        },
        "2016-06": {
            "month": "2016-06",
            "price": "25.82",
            "revenue": 201142
        },
        "2016-07": {
            "month": "2016-07",
            "price": "26.54",
            "revenue": 191179
        },
        "2016-08": {
            "month": "2016-08",
            "price": "24.08",
            "revenue": 89019
        },
        "2016-09": {
            "month": "2016-09",
            "price": "24.12",
            "revenue": 123601
        },
        "2016-10": {
            "month": "2016-10",
            "price": "24.72",
            "revenue": 211575
        },
        "2016-11": {
            "month": "2016-11",
            "price": "24.04",
            "revenue": 186314
        },
        "2016-12": {
            "month": "2016-12",
            "price": "23.70",
            "revenue": 220550
        },
        "2017-01": {
            "month": "2017-01",
            "price": "23.64",
            "revenue": 175407
        },
        "2017-02": {
            "month": "2017-02",
            "price": "24.35",
            "revenue": 211648
        },
        "2017-03": {
            "month": "2017-03",
            "price": "24.72",
            "revenue": 139532
        },
        "2017-04": {
            "month": "2017-04",
            "price": "24.85",
            "revenue": 139930
        },
        "2017-05": {
            "month": "2017-05",
            "price": "24.72",
            "revenue": 179554
        },
        "2017-06": {
            "month": "2017-06",
            "price": "24.73",
            "revenue": 177826
        },
        "2017-07": {
            "month": "2017-07",
            "price": "24.20",
            "revenue": 180185
        },
        "2017-08": {
            "month": "2017-08",
            "price": "23.73",
            "revenue": 164585
        },
        "2017-09": {
            "month": "2017-09",
            "price": "24.08",
            "revenue": 246255
        },
        "2017-10": {
            "month": "2017-10",
            "price": "24.60",
            "revenue": 212609
        },
        "2017-11": {
            "month": "2017-11",
            "price": "24.74",
            "revenue": 174525
        },
        "2017-12": {
            "month": "2017-12",
            "price": "24.47",
            "revenue": 208013
        },
        "2018-01": {
            "month": "2018-01",
            "price": "24.43",
            "revenue": 205376
        },
        "2018-02": {
            "month": "2018-02",
            "price": "24.85",
            "revenue": 172809
        },
        "2018-03": {
            "month": "2018-03",
            "price": "26.15",
            "revenue": 310001
        },
        "2018-04": {
            "month": "2018-04",
            "price": "26.78",
            "revenue": 264686
        },
        "2018-05": {
            "month": "2018-05",
            "price": "28.18",
            "revenue": 255765
        },
        "2018-06": {
            "month": "2018-06",
            "price": "28.40",
            "revenue": 265894
        },
        "2018-07": {
            "month": "2018-07",
            "price": "29.27",
            "revenue": 244146
        },
        "2018-08": {
            "month": "2018-08",
            "price": "30.62",
            "revenue": 236184
        },
        "2018-09": {
            "month": "2018-09",
            "price": "29.67",
            "revenue": 254888
        },
        "2018-10": {
            "month": "2018-10",
            "price": "26.90",
            "revenue": 172846
        },
        "2018-11": {
            "month": "2018-11",
            "price": "27.64",
            "revenue": 281186
        },
        "2018-12": {
            "month": "2018-12",
            "price": "28.51",
            "revenue": 285766
        },
        "2019-01": {
            "month": "2019-01",
            "price": "28.43",
            "revenue": 287635
        },
        "2019-02": {
            "month": "2019-02",
            "price": "29.07",
            "revenue": 188015
        },
        "2019-03": {
            "month": "2019-03",
            "price": "34.28",
            "revenue": 277583
        },
        "2019-04": {
            "month": "2019-04",
            "price": "39.71",
            "revenue": 391648
        },
        "2019-05": {
            "month": "2019-05",
            "price": "43.30",
            "revenue": 289443
        },
        "2019-06": {
            "month": "2019-06",
            "price": "43.64",
            "revenue": 297708
        },
        "2019-07": {
            "month": "2019-07",
            "price": "49.32",
            "revenue": 261473
        },
        "2019-08": {
            "month": "2019-08",
            "price": "51.30",
            "revenue": 257660
        },
        "2019-09": {
            "month": "2019-09",
            "price": "51.82",
            "revenue": 307979
        },
        "2019-10": {
            "month": "2019-10",
            "price": "49.61",
            "revenue": 240839
        },
        "2019-11": {
            "month": "2019-11",
            "price": "47.60",
            "revenue": 277570
        },
        "2019-12": {
            "month": "2019-12",
            "price": "44.17",
            "revenue": 301817
        },
        "2020-01": {
            "month": "2020-01",
            "price": "44.58",
            "revenue": 259235
        },
        "2020-02": {
            "month": "2020-02",
            "price": "41.12",
            "revenue": 307951
        },
        "2020-03": {
            "month": "2020-03",
            "price": "40.72",
            "revenue": 430886
        },
        "2020-04": {
            "month": "2020-04",
            "price": "51.60",
            "revenue": 377779
        },
        "2020-05": {
            "month": "2020-05",
            "price": "58.06",
            "revenue": 291910
        },
        "2020-06": {
            "month": "2020-06",
            "price": "62.63",
            "revenue": 402372
        },
        "2020-07": {
            "month": "2020-07",
            "price": "64.01",
            "revenue": 246902
        },
        "2020-08": {
            "month": "2020-08",
            "price": "53.59",
            "revenue": 400324
        },
        "2020-09": {
            "month": "2020-09",
            "price": "45.79",
            "revenue": 383325
        },
        "2020-10": {
            "month": "2020-10",
            "price": "43.66",
            "revenue": 262473
        },
        "2020-11": {
            "month": "2020-11",
            "price": "43.07",
            "revenue": 287847
        },
        "2020-12": {
            "month": "2020-12",
            "price": "43.88",
            "revenue": 413999
        },
        "2021-01": {
            "month": "2021-01",
            "price": "44.29",
            "revenue": 540473
        },
        "2021-02": {
            "month": "2021-02",
            "price": "51.98",
            "revenue": 388873
        },
        "2021-03": {
            "month": "2021-03",
            "price": "61.81",
            "revenue": 254539
        },
        "2021-04": {
            "month": "2021-04",
            "price": "67.35",
            "revenue": 222397
        },
        "2021-05": {
            "month": "2021-05",
            "price": "70.39",
            "revenue": 210215
        },
        "2021-06": {
            "month": "2021-06",
            "price": "71.06",
            "revenue": 328886
        },
        "2021-07": {
            "month": "2021-07",
            "price": "68.86",
            "revenue": 220081
        },
        "2021-08": {
            "month": "2021-08",
            "price": "60.85",
            "revenue": 303588
        },
        "2021-09": {
            "month": "2021-09",
            "price": "65.38",
            "revenue": 341815
        },
        "2021-10": {
            "month": "2021-10",
            "price": "67.04",
            "revenue": 261215
        },
        "2021-11": {
            "month": "2021-11",
            "price": "57.15",
            "revenue": 367849
        },
        "2021-12": {
            "month": "2021-12",
            "price": "49.92",
            "revenue": 493503
        },
        "2022-01": {
            "month": "2022-01",
            "price": "49.28",
            "revenue": 301374
        },
        "2022-02": {
            "month": "2022-02",
            "price": "49.15",
            "revenue": 352728
        },
        "2022-03": {
            "month": "2022-03",
            "price": "48.54",
            "revenue": 364327
        },
        "2022-04": {
            "month": "2022-04",
            "price": "48.26",
            "revenue": 360733
        },
        "2022-05": {
            "month": "2022-05",
            "price": "46.68",
            "revenue": 450352
        },
        "2022-06": {
            "month": "2022-06",
            "price": "47.18",
            "revenue": 576117
        },
        "2022-07": {
            "month": "2022-07",
            "price": "48.44",
            "revenue": 629669
        },
        "2022-08": {
            "month": "2022-08",
            "price": "56.40",
            "revenue": 444756
        },
        "2022-09": {
            "month": "2022-09",
            "price": "52.94",
            "revenue": 366058
        },
        "2022-10": {
            "month": "2022-10",
            "price": "52.61",
            "revenue": 396111
        },
        "2022-11": {
            "month": "2022-11",
            "price": "51.79",
            "revenue": 336424
        },
        "2022-12": {
            "month": "2022-12",
            "price": "52.04",
            "revenue": 579156
        },
        "2023-01": {
            "month": "2023-01",
            "price": "52.51",
            "revenue": 419894
        },
        "2023-02": {
            "month": "2023-02",
            "price": "55.78",
            "revenue": 327320
        },
        "2023-03": {
            "month": "2023-03",
            "price": "60.36",
            "revenue": 450995
        },
        "2023-04": {
            "month": "2023-04",
            "price": "63.47",
            "revenue": 277036
        },
        "2023-05": {
            "month": "2023-05",
            "price": "64.57",
            "revenue": 442173
        },
        "2023-06": {
            "month": "2023-06",
            "price": "70.66",
            "revenue": 571916
        },
        "2023-07": {
            "month": "2023-07",
            "price": "73.07",
            "revenue": 759122
        },
        "2023-08": {
            "month": "2023-08",
            "price": "72.61",
            "revenue": 378332
        },
        "2023-09": {
            "month": "2023-09",
            "price": "63.88",
            "revenue": 388973
        },
        "2023-10": {
            "month": "2023-10",
            "price": "63.39",
            "revenue": 290869
        },
        "2023-11": {
            "month": "2023-11",
            "price": "63.52",
            "revenue": 722454
        },
        "2023-12": {
            "month": "2023-12",
            "price": "65.16",
            "revenue": 445620
        },
        "2024-01": {
            "month": "2024-01",
            "price": "65.40",
            "revenue": 447652
        },
        "2024-02": {
            "month": "2024-02",
            "price": "68.46",
            "revenue": 274835
        }
    }
}
