{
    "summary": {
        "stock_name": "上揚",
        "stock_id": "6222",
        "category": "光電",
        "main_business": "LED照明設備、小家電類銷售等商貿業務<br>代理國內外廠商產品之報價投標業務",
        "website_url": "http://www.sotac.com.tw/web/index/index.jsp?lang=tw",
        "ceo": "蔡焜煌",
        "pe_ratio": -108,
        "report_year_from": 2002,
        "report_year_to": 2023,
        "age": 22,
        "eps_negative_percentage": 52,
        "eps_growth_avg": {
            "last_all": -52.07,
            "last_2y": -100,
            "last_4y": -78.65,
            "last_8y": -42.92,
            "last_12y": -59.23,
            "last_16y": -59.23,
            "last_20y": -63.33,
            "at_2006_last_3y": -72.89,
            "at_2007_last_3y": -79.52,
            "at_2008_last_3y": -100,
            "at_2009_last_3y": null,
            "at_2010_last_3y": null,
            "at_2011_last_3y": -100,
            "at_2012_last_3y": -100,
            "at_2013_last_3y": -100,
            "at_2014_last_3y": -100,
            "at_2015_last_3y": -100,
            "at_2016_last_3y": -100,
            "at_2017_last_3y": null,
            "at_2018_last_3y": 100,
            "at_2019_last_3y": 15.42,
            "at_2020_last_3y": -4.87,
            "at_2021_last_3y": -28.65,
            "at_2022_last_3y": -71.54,
            "at_2023_last_3y": -81.82,
            "at_2024_last_3y": -81.82,
            "at_2006_last_all": -39.54,
            "at_2007_last_all": -39.54,
            "at_2008_last_all": -39.54,
            "at_2009_last_all": -39.54,
            "at_2010_last_all": -39.54,
            "at_2011_last_all": -51.63,
            "at_2012_last_all": -51.63,
            "at_2013_last_all": -59.69,
            "at_2014_last_all": -59.69,
            "at_2015_last_all": -59.69,
            "at_2016_last_all": -59.69,
            "at_2017_last_all": -59.69,
            "at_2018_last_all": -36.88,
            "at_2019_last_all": -40.92,
            "at_2020_last_all": -41.42,
            "at_2021_last_all": -47.28,
            "at_2022_last_all": -47.28,
            "at_2023_last_all": -52.07,
            "at_2024_last_all": -52.07
        },
        "latest_eps": -0.3,
        "latest_price": 32.5,
        "latest_roe": -3.97,
        "latest_gross_margin": 15.44,
        "latest_equity": 301098,
        "latest_revenue": 531,
        "latest_gross_profit": 82,
        "latest_net_income": -1449,
        "latest_debt_ratio": 1.88,
        "latest_current_ratio": 4426.11,
        "latest_account_receivable_turnover_ratio": 0.51,
        "latest_inventory_turnover_ratio": 0.11,
        "latest_reinvestment_rate": 1440.57,
        "latest_research_to_sale_ratio": null
    },
    "eps_dividends": {
        "2001": {
            "cash": 0,
            "stock": 0,
            "eps": 1.62
        },
        "2002": {
            "cash": 0,
            "stock": 0,
            "eps": 2.6
        },
        "2003": {
            "cash": 0.5,
            "stock": 1,
            "eps": 1.05
        },
        "2004": {
            "cash": 0,
            "stock": 1,
            "eps": 0.43
        },
        "2005": {
            "cash": 0.2,
            "stock": 0.2,
            "eps": -2.88
        },
        "2006": {
            "cash": 0,
            "stock": 0,
            "eps": -3.34
        },
        "2007": {
            "cash": 0,
            "stock": 0,
            "eps": -0.78
        },
        "2008": {
            "cash": 0,
            "stock": 0,
            "eps": -6.68
        },
        "2009": {
            "cash": 0,
            "stock": 0,
            "eps": -2.26
        },
        "2010": {
            "cash": 0,
            "stock": 0,
            "eps": 0.78
        },
        "2011": {
            "cash": 0,
            "stock": 0,
            "eps": -0.7
        },
        "2012": {
            "cash": 0,
            "stock": 0,
            "eps": 0.78
        },
        "2013": {
            "cash": 0,
            "stock": 0,
            "eps": -1.59
        },
        "2014": {
            "cash": 0,
            "stock": 0,
            "eps": -0.55
        },
        "2015": {
            "cash": 0,
            "stock": 0,
            "eps": -2.49
        },
        "2016": {
            "cash": 0,
            "stock": 0,
            "eps": -4.94
        },
        "2017": {
            "cash": 0,
            "stock": 0,
            "eps": 0.39
        },
        "2018": {
            "cash": 0,
            "stock": 0,
            "eps": 1.07
        },
        "2019": {
            "cash": 0,
            "stock": 0,
            "eps": 0.33
        },
        "2020": {
            "cash": 0,
            "stock": 0,
            "eps": 0.18
        },
        "2021": {
            "cash": 0,
            "stock": 0,
            "eps": -0.37
        },
        "2022": {
            "cash": 0,
            "stock": 0,
            "eps": 0.37
        },
        "2023": {
            "cash": 0,
            "stock": 0,
            "eps": -0.19
        }
    },
    "dividends": {
        "2003-06-02": {
            "cash": 0.5,
            "stock": 1
        },
        "2004-03-24": {
            "cash": 0,
            "stock": 1
        },
        "2005-04-12": {
            "cash": 0.2,
            "stock": 0.2
        }
    },
    "prices": {
        "200101": "無",
        "200102": "無",
        "200103": "無",
        "200104": "無",
        "200105": "無",
        "200106": "無",
        "200107": "無",
        "200108": "無",
        "200109": "無",
        "200110": "無",
        "200111": "無",
        "200112": "無",
        "200201": "無",
        "200202": "無",
        "200203": "無",
        "200204": "無",
        "200205": "無",
        "200206": "無",
        "200207": "無",
        "200208": "無",
        "200209": "無",
        "200210": "無",
        "200211": "無",
        "200212": "無",
        "200301": "33.86",
        "200302": "31.01",
        "200303": "26.01",
        "200304": "22.51",
        "200305": "23.58",
        "200306": "26.38",
        "200307": "25.77",
        "200308": "23.92",
        "200309": "19.98",
        "200310": "17.92",
        "200311": "15.22",
        "200312": "15.93",
        "200401": "15.83",
        "200402": "17.56",
        "200403": "18.41",
        "200404": "21.78",
        "200405": "21.75",
        "200406": "21.20",
        "200407": "18.00",
        "200408": "16.41",
        "200409": "15.52",
        "200410": "13.20",
        "200411": "12.58",
        "200412": "12.87",
        "200501": "12.15",
        "200502": "13.15",
        "200503": "13.26",
        "200504": "12.69",
        "200505": "12.24",
        "200506": "12.74",
        "200507": "11.68",
        "200508": "10.68",
        "200509": "10.79",
        "200510": "10.60",
        "200511": "10.51",
        "200512": "9.74",
        "200601": "10.18",
        "200602": "11.82",
        "200603": "13.47",
        "200604": "11.79",
        "200605": "11.85",
        "200606": "11.76",
        "200607": "12.91",
        "200608": "12.13",
        "200609": "11.51",
        "200610": "10.88",
        "200611": "12.60",
        "200612": "13.15",
        "200701": "11.69",
        "200702": "10.56",
        "200703": "10.55",
        "200704": "12.02",
        "200705": "11.21",
        "200706": "11.82",
        "200707": "19.07",
        "200708": "19.59",
        "200709": "19.17",
        "200710": "16.40",
        "200711": "13.26",
        "200712": "10.22",
        "200801": "8.30",
        "200802": "8.19",
        "200803": "9.23",
        "200804": "9.78",
        "200805": "10.54",
        "200806": "9.27",
        "200807": "7.06",
        "200808": "5.80",
        "200809": "4.92",
        "200810": "4.03",
        "200811": "3.08",
        "200812": "3.13",
        "200901": "3.22",
        "200902": "3.77",
        "200903": "5.53",
        "200904": "6.07",
        "200905": "4.28",
        "200906": "3.41",
        "200907": "3.52",
        "200908": "3.80",
        "200909": "3.33",
        "200910": "7.11",
        "200911": "6.21",
        "200912": "5.88",
        "201001": "7.95",
        "201002": "9.86",
        "201003": "9.85",
        "201004": "13.78",
        "201005": "12.92",
        "201006": "13.11",
        "201007": "14.25",
        "201008": "13.94",
        "201009": "12.90",
        "201010": "11.67",
        "201011": "10.81",
        "201012": "11.50",
        "201101": "11.07",
        "201102": "10.60",
        "201103": "10.54",
        "201104": "10.04",
        "201105": "10.05",
        "201106": "10.09",
        "201107": "10.25",
        "201108": "9.83",
        "201109": "9.49",
        "201110": "9.06",
        "201111": "9.12",
        "201112": "9.01",
        "201201": "9.56",
        "201202": "10.63",
        "201203": "10.02",
        "201204": "9.20",
        "201205": "10.50",
        "201206": "10.32",
        "201207": "10.44",
        "201208": "10.73",
        "201209": "11.12",
        "201210": "10.22",
        "201211": "9.58",
        "201212": "9.32",
        "201301": "9.40",
        "201302": "9.25",
        "201303": "9.12",
        "201304": "8.96",
        "201305": "8.74",
        "201306": "8.82",
        "201307": "8.74",
        "201308": "8.69",
        "201309": "8.65",
        "201310": "8.62",
        "201311": "7.53",
        "201312": "7.72",
        "201401": "8.40",
        "201402": "10.23",
        "201403": "10.70",
        "201404": "9.70",
        "201405": "9.12",
        "201406": "9.49",
        "201407": "10.01",
        "201408": "9.34",
        "201409": "9.89",
        "201410": "9.96",
        "201411": "9.55",
        "201412": "9.47",
        "201501": "10.10",
        "201502": "11.12",
        "201503": "14.62",
        "201504": "15.37",
        "201505": "12.30",
        "201506": "10.81",
        "201507": "9.29",
        "201508": "7.70",
        "201509": "7.43",
        "201510": "7.57",
        "201511": "7.73",
        "201512": "7.34",
        "201601": "6.54",
        "201602": "7.40",
        "201603": "9.58",
        "201604": "6.69",
        "201605": "4.28",
        "201606": "3.82",
        "201607": "無",
        "201608": "無",
        "201609": "無",
        "201610": "無",
        "201611": "無",
        "201612": "無",
        "201701": "6.78",
        "201702": "6.04",
        "201703": "7.05",
        "201704": "6.83",
        "201705": "6.20",
        "201706": "6.24",
        "201707": "5.10",
        "201708": "3.89",
        "201709": "5.93",
        "201710": "8.42",
        "201711": "9.07",
        "201712": "8.94",
        "201801": "7.76",
        "201802": "7.54",
        "201803": "10.99",
        "201804": "11.40",
        "201805": "10.05",
        "201806": "12.36",
        "201807": "13.18",
        "201808": "13.07",
        "201809": "12.05",
        "201810": "12.18",
        "201811": "12.31",
        "201812": "10.24",
        "201901": "10.77",
        "201902": "無",
        "201903": "無",
        "201904": "無",
        "201905": "無",
        "201906": "11.10",
        "201907": "12.01",
        "201908": "13.87",
        "201909": "12.70",
        "201910": "11.75",
        "201911": "10.95",
        "201912": "10.03",
        "202001": "12.31",
        "202002": "14.55",
        "202003": "12.77",
        "202004": "11.96",
        "202005": "12.43",
        "202006": "12.72",
        "202007": "14.07",
        "202008": "13.62",
        "202009": "15.05",
        "202010": "15.46",
        "202011": "15.40",
        "202012": "14.80",
        "202101": "14.88",
        "202102": "14.51",
        "202103": "15.21",
        "202104": "16.14",
        "202105": "14.15",
        "202106": "12.80",
        "202107": "15.38",
        "202108": "15.24",
        "202109": "14.81",
        "202110": "13.86",
        "202111": "14.92",
        "202112": "14.97",
        "202201": "14.74",
        "202202": "14.70",
        "202203": "14.84",
        "202204": "15.33",
        "202205": "16.53",
        "202206": "14.53",
        "202207": "14.63",
        "202208": "16.85",
        "202209": "18.29",
        "202210": "16.55",
        "202211": "16.02",
        "202212": "15.36",
        "202301": "14.81",
        "202302": "14.28",
        "202303": "15.96",
        "202304": "15.29",
        "202305": "15.11",
        "202306": "16.42",
        "202307": "30.32",
        "202308": "30.22",
        "202309": "22.42",
        "202310": "22.05",
        "202311": "22.12",
        "202312": "36.66"
    },
    "quarters": {
        "20011": {
            "year_quarter": 20011,
            "year": 2001,
            "quarter": 1,
            "eps": null,
            "eps_growth_year": null,
            "eps_4q": null,
            "eps_4q_growth_year": null,
            "roe": null,
            "roe_4q": 0,
            "gross_profit": null,
            "gross_margin": null,
            "gross_margin_4q_avg": 0,
            "net_income": null,
            "net_income_4q": null,
            "revenue": null,
            "revenue_4q": null,
            "common_shares": null,
            "book_valuer_per_share": null,
            "book_valuer_per_share_4q_avg": 0,
            "equity": null,
            "current_ratio": null,
            "debt_ratio": null,
            "inventory_turnover_ratio": null,
            "account_receivable_turnover_ratio": null,
            "reinvestment_rate": null,
            "research_to_sale_ratio": null,
            "price_fair": 0,
            "eps_avg_yearly": 0,
            "eps_latest_yearly": 0,
            "eps_growth_yearly": 0
        },
        "20012": {
            "year_quarter": 20012,
            "year": 2001,
            "quarter": 2,
            "eps": null,
            "eps_growth_year": null,
            "eps_4q": null,
            "eps_4q_growth_year": null,
            "roe": null,
            "roe_4q": 0,
            "gross_profit": null,
            "gross_margin": null,
            "gross_margin_4q_avg": 0,
            "net_income": null,
            "net_income_4q": null,
            "revenue": null,
            "revenue_4q": null,
            "common_shares": null,
            "book_valuer_per_share": null,
            "book_valuer_per_share_4q_avg": 0,
            "equity": null,
            "current_ratio": null,
            "debt_ratio": null,
            "inventory_turnover_ratio": null,
            "account_receivable_turnover_ratio": null,
            "reinvestment_rate": null,
            "research_to_sale_ratio": null,
            "price_fair": 0,
            "eps_avg_yearly": 0,
            "eps_latest_yearly": 0,
            "eps_growth_yearly": 0
        },
        "20013": {
            "year_quarter": 20013,
            "year": 2001,
            "quarter": 3,
            "eps": 0.49,
            "eps_growth_year": null,
            "eps_4q": null,
            "eps_4q_growth_year": null,
            "roe": 2.69,
            "roe_4q": 2.69,
            "gross_profit": 40172,
            "gross_margin": 16.11,
            "gross_margin_4q_avg": 5.37,
            "net_income": 10447,
            "net_income_4q": null,
            "revenue": 249389,
            "revenue_4q": null,
            "common_shares": 212356,
            "book_valuer_per_share": 18.31,
            "book_valuer_per_share_4q_avg": 6.1,
            "equity": 388930,
            "current_ratio": 195.8,
            "debt_ratio": 50.07,
            "inventory_turnover_ratio": 0.77,
            "account_receivable_turnover_ratio": null,
            "reinvestment_rate": null,
            "research_to_sale_ratio": null,
            "price_fair": 0,
            "eps_avg_yearly": 0,
            "eps_latest_yearly": 0,
            "eps_growth_yearly": 0
        },
        "20014": {
            "year_quarter": 20014,
            "year": 2001,
            "quarter": 4,
            "eps": 1.13,
            "eps_growth_year": null,
            "eps_4q": null,
            "eps_4q_growth_year": null,
            "roe": 6,
            "roe_4q": 8.69,
            "gross_profit": 68103,
            "gross_margin": 10.66,
            "gross_margin_4q_avg": 6.69,
            "net_income": 24060,
            "net_income_4q": null,
            "revenue": 639052,
            "revenue_4q": null,
            "common_shares": 212355,
            "book_valuer_per_share": 19.45,
            "book_valuer_per_share_4q_avg": 9.44,
            "equity": 412990,
            "current_ratio": 144.29,
            "debt_ratio": 65.79,
            "inventory_turnover_ratio": 1.75,
            "account_receivable_turnover_ratio": null,
            "reinvestment_rate": null,
            "research_to_sale_ratio": null,
            "price_fair": 0,
            "eps_avg_yearly": 0,
            "eps_latest_yearly": 0,
            "eps_growth_yearly": 0
        },
        "20021": {
            "year_quarter": 20021,
            "year": 2002,
            "quarter": 1,
            "eps": 1.27,
            "eps_growth_year": null,
            "eps_4q": null,
            "eps_4q_growth_year": null,
            "roe": 6.37,
            "roe_4q": 15.06,
            "gross_profit": 68836,
            "gross_margin": 9.28,
            "gross_margin_4q_avg": 9.01,
            "net_income": 34437,
            "net_income_4q": null,
            "revenue": 741382,
            "revenue_4q": null,
            "common_shares": 270356,
            "book_valuer_per_share": 24.7,
            "book_valuer_per_share_4q_avg": 15.62,
            "equity": 667826,
            "current_ratio": 158.88,
            "debt_ratio": 61.16,
            "inventory_turnover_ratio": 1.28,
            "account_receivable_turnover_ratio": null,
            "reinvestment_rate": null,
            "research_to_sale_ratio": null,
            "price_fair": 177.8,
            "eps_avg_yearly": 5.08,
            "eps_latest_yearly": 5.08,
            "eps_growth_yearly": 49.56
        },
        "20022": {
            "year_quarter": 20022,
            "year": 2002,
            "quarter": 2,
            "eps": -0.11,
            "eps_growth_year": null,
            "eps_4q": 2.45,
            "eps_4q_growth_year": null,
            "roe": -0.41,
            "roe_4q": 14.65,
            "gross_profit": 67939,
            "gross_margin": 7.16,
            "gross_margin_4q_avg": 10.8,
            "net_income": -2720,
            "net_income_4q": null,
            "revenue": 948541,
            "revenue_4q": null,
            "common_shares": 270355,
            "book_valuer_per_share": 24.6,
            "book_valuer_per_share_4q_avg": 21.77,
            "equity": 665107,
            "current_ratio": 153.79,
            "debt_ratio": 62.99,
            "inventory_turnover_ratio": 1.42,
            "account_receivable_turnover_ratio": null,
            "reinvestment_rate": null,
            "research_to_sale_ratio": null,
            "price_fair": 177.8,
            "eps_avg_yearly": 5.08,
            "eps_latest_yearly": 5.08,
            "eps_growth_yearly": 49.56
        },
        "20023": {
            "year_quarter": 20023,
            "year": 2002,
            "quarter": 3,
            "eps": 0.95,
            "eps_growth_year": 93.88,
            "eps_4q": 2.57,
            "eps_4q_growth_year": null,
            "roe": 4.54,
            "roe_4q": 16.5,
            "gross_profit": 72258,
            "gross_margin": 11.1,
            "gross_margin_4q_avg": 9.55,
            "net_income": 32650,
            "net_income_4q": null,
            "revenue": 650854,
            "revenue_4q": null,
            "common_shares": 356900,
            "book_valuer_per_share": 21.7,
            "book_valuer_per_share_4q_avg": 22.61,
            "equity": 774299,
            "current_ratio": 173.97,
            "debt_ratio": 56.28,
            "inventory_turnover_ratio": 1.14,
            "account_receivable_turnover_ratio": null,
            "reinvestment_rate": null,
            "research_to_sale_ratio": null,
            "price_fair": 177.8,
            "eps_avg_yearly": 5.08,
            "eps_latest_yearly": 5.08,
            "eps_growth_yearly": 49.56
        },
        "20024": {
            "year_quarter": 20024,
            "year": 2002,
            "quarter": 4,
            "eps": 0.49,
            "eps_growth_year": -56.64,
            "eps_4q": 2.3,
            "eps_4q_growth_year": null,
            "roe": 2.16,
            "roe_4q": 12.66,
            "gross_profit": 84532,
            "gross_margin": 11.28,
            "gross_margin_4q_avg": 9.71,
            "net_income": 17450,
            "net_income_4q": null,
            "revenue": 749237,
            "revenue_4q": null,
            "common_shares": 400000,
            "book_valuer_per_share": 21.11,
            "book_valuer_per_share_4q_avg": 23.03,
            "equity": 844575,
            "current_ratio": 188.05,
            "debt_ratio": 51.29,
            "inventory_turnover_ratio": 1.56,
            "account_receivable_turnover_ratio": null,
            "reinvestment_rate": null,
            "research_to_sale_ratio": null,
            "price_fair": 10.56,
            "eps_avg_yearly": 3.52,
            "eps_latest_yearly": 1.96,
            "eps_growth_yearly": -72.06
        },
        "20031": {
            "year_quarter": 20031,
            "year": 2003,
            "quarter": 1,
            "eps": 0.56,
            "eps_growth_year": -55.91,
            "eps_4q": 1.76,
            "eps_4q_growth_year": null,
            "roe": 2.59,
            "roe_4q": 8.879999999999999,
            "gross_profit": 65036,
            "gross_margin": 11.85,
            "gross_margin_4q_avg": 10.35,
            "net_income": 22203,
            "net_income_4q": null,
            "revenue": 548818,
            "revenue_4q": null,
            "common_shares": 400000,
            "book_valuer_per_share": 21.67,
            "book_valuer_per_share_4q_avg": 22.27,
            "equity": 866779,
            "current_ratio": 198.21,
            "debt_ratio": 48.64,
            "inventory_turnover_ratio": 1.05,
            "account_receivable_turnover_ratio": null,
            "reinvestment_rate": null,
            "research_to_sale_ratio": null,
            "price_fair": 9.28,
            "eps_avg_yearly": 3.09,
            "eps_latest_yearly": 2.24,
            "eps_growth_yearly": -28.99
        },
        "20032": {
            "year_quarter": 20032,
            "year": 2003,
            "quarter": 2,
            "eps": 0.39,
            "eps_growth_year": null,
            "eps_4q": 2.18,
            "eps_4q_growth_year": -11.11,
            "roe": 1.83,
            "roe_4q": 11.120000000000001,
            "gross_profit": 54533,
            "gross_margin": 8.51,
            "gross_margin_4q_avg": 10.69,
            "net_income": 15777,
            "net_income_4q": null,
            "revenue": 640706,
            "revenue_4q": null,
            "common_shares": 400000,
            "book_valuer_per_share": 21.53,
            "book_valuer_per_share_4q_avg": 21.5,
            "equity": 861124,
            "current_ratio": 176.77,
            "debt_ratio": 52.65,
            "inventory_turnover_ratio": 1.1,
            "account_receivable_turnover_ratio": null,
            "reinvestment_rate": null,
            "research_to_sale_ratio": null,
            "price_fair": 8.13,
            "eps_avg_yearly": 2.71,
            "eps_latest_yearly": 1.56,
            "eps_growth_yearly": -52.1
        },
        "20033": {
            "year_quarter": 20033,
            "year": 2003,
            "quarter": 3,
            "eps": -0.24,
            "eps_growth_year": -125.26,
            "eps_4q": 1,
            "eps_4q_growth_year": -61.23,
            "roe": -1.26,
            "roe_4q": 5.32,
            "gross_profit": 31472,
            "gross_margin": 5.02,
            "gross_margin_4q_avg": 9.17,
            "net_income": -10805,
            "net_income_4q": null,
            "revenue": 626923,
            "revenue_4q": null,
            "common_shares": 447364,
            "book_valuer_per_share": 18.99,
            "book_valuer_per_share_4q_avg": 20.83,
            "equity": 849584,
            "current_ratio": 165.99,
            "debt_ratio": 55.76,
            "inventory_turnover_ratio": 1,
            "account_receivable_turnover_ratio": null,
            "reinvestment_rate": null,
            "research_to_sale_ratio": null,
            "price_fair": 8.13,
            "eps_avg_yearly": 2.71,
            "eps_latest_yearly": 1.56,
            "eps_growth_yearly": -52.1
        },
        "20034": {
            "year_quarter": 20034,
            "year": 2003,
            "quarter": 4,
            "eps": 0.34,
            "eps_growth_year": -30.61,
            "eps_4q": 0.95,
            "eps_4q_growth_year": -58.83,
            "roe": 1.78,
            "roe_4q": 4.9399999999999995,
            "gross_profit": 48743,
            "gross_margin": 7.49,
            "gross_margin_4q_avg": 8.22,
            "net_income": 15250,
            "net_income_4q": null,
            "revenue": 650679,
            "revenue_4q": null,
            "common_shares": 447364,
            "book_valuer_per_share": 19.34,
            "book_valuer_per_share_4q_avg": 20.38,
            "equity": 864996,
            "current_ratio": 170.41,
            "debt_ratio": 54.5,
            "inventory_turnover_ratio": 0.89,
            "account_receivable_turnover_ratio": null,
            "reinvestment_rate": null,
            "research_to_sale_ratio": null,
            "price_fair": 8.13,
            "eps_avg_yearly": 2.71,
            "eps_latest_yearly": 1.56,
            "eps_growth_yearly": -52.1
        },
        "20041": {
            "year_quarter": 20041,
            "year": 2004,
            "quarter": 1,
            "eps": 0.45,
            "eps_growth_year": -19.64,
            "eps_4q": 0.9,
            "eps_4q_growth_year": -48.55,
            "roe": 2.3,
            "roe_4q": 4.65,
            "gross_profit": 75143,
            "gross_margin": 11.28,
            "gross_margin_4q_avg": 8.08,
            "net_income": 20088,
            "net_income_4q": null,
            "revenue": 666096,
            "revenue_4q": null,
            "common_shares": 447364,
            "book_valuer_per_share": 19.78,
            "book_valuer_per_share_4q_avg": 19.91,
            "equity": 885083,
            "current_ratio": 172.71,
            "debt_ratio": 53.25,
            "inventory_turnover_ratio": 0.86,
            "account_receivable_turnover_ratio": null,
            "reinvestment_rate": null,
            "research_to_sale_ratio": null,
            "price_fair": 7.58,
            "eps_avg_yearly": 2.53,
            "eps_latest_yearly": 1.8,
            "eps_growth_yearly": -15.8
        },
        "20042": {
            "year_quarter": 20042,
            "year": 2004,
            "quarter": 2,
            "eps": 0.59,
            "eps_growth_year": 51.28,
            "eps_4q": 1.14,
            "eps_4q_growth_year": -47.65,
            "roe": 2.93,
            "roe_4q": 5.750000000000001,
            "gross_profit": 61369,
            "gross_margin": 10.7,
            "gross_margin_4q_avg": 8.62,
            "net_income": 26328,
            "net_income_4q": null,
            "revenue": 573403,
            "revenue_4q": null,
            "common_shares": 447364,
            "book_valuer_per_share": 20.36,
            "book_valuer_per_share_4q_avg": 19.62,
            "equity": 910657,
            "current_ratio": 289.7,
            "debt_ratio": 49.77,
            "inventory_turnover_ratio": 0.71,
            "account_receivable_turnover_ratio": null,
            "reinvestment_rate": null,
            "research_to_sale_ratio": null,
            "price_fair": 43.93,
            "eps_avg_yearly": 2.5,
            "eps_latest_yearly": 2.36,
            "eps_growth_yearly": 7.57
        },
        "20043": {
            "year_quarter": 20043,
            "year": 2004,
            "quarter": 3,
            "eps": 0.21,
            "eps_growth_year": null,
            "eps_4q": 1.47,
            "eps_4q_growth_year": 47.22,
            "roe": 1.14,
            "roe_4q": 8.15,
            "gross_profit": 52693,
            "gross_margin": 10.17,
            "gross_margin_4q_avg": 9.91,
            "net_income": 10290,
            "net_income_4q": null,
            "revenue": 518181,
            "revenue_4q": null,
            "common_shares": 495871,
            "book_valuer_per_share": 18.03,
            "book_valuer_per_share_4q_avg": 19.38,
            "equity": 893849,
            "current_ratio": 278.99,
            "debt_ratio": 49.78,
            "inventory_turnover_ratio": 0.64,
            "account_receivable_turnover_ratio": null,
            "reinvestment_rate": null,
            "research_to_sale_ratio": null,
            "price_fair": 6.79,
            "eps_avg_yearly": 2.26,
            "eps_latest_yearly": 0.84,
            "eps_growth_yearly": -30.31
        },
        "20044": {
            "year_quarter": 20044,
            "year": 2004,
            "quarter": 4,
            "eps": -0.82,
            "eps_growth_year": -341.18,
            "eps_4q": 0.34,
            "eps_4q_growth_year": -64.05,
            "roe": -4.61,
            "roe_4q": 1.7599999999999993,
            "gross_profit": 48031,
            "gross_margin": 8.62,
            "gross_margin_4q_avg": 10.19,
            "net_income": -40124,
            "net_income_4q": null,
            "revenue": 557160,
            "revenue_4q": null,
            "common_shares": 503763,
            "book_valuer_per_share": 16.84,
            "book_valuer_per_share_4q_avg": 18.75,
            "equity": 848149,
            "current_ratio": 256.74,
            "debt_ratio": 51.86,
            "inventory_turnover_ratio": 0.79,
            "account_receivable_turnover_ratio": null,
            "reinvestment_rate": null,
            "research_to_sale_ratio": null,
            "price_fair": 6.79,
            "eps_avg_yearly": 2.26,
            "eps_latest_yearly": 0.84,
            "eps_growth_yearly": -30.31
        },
        "20051": {
            "year_quarter": 20051,
            "year": 2005,
            "quarter": 1,
            "eps": -0.33,
            "eps_growth_year": -173.33,
            "eps_4q": -0.4,
            "eps_4q_growth_year": -144.74,
            "roe": -1.86,
            "roe_4q": -2.400000000000001,
            "gross_profit": 39381,
            "gross_margin": 8.19,
            "gross_margin_4q_avg": 9.42,
            "net_income": -15629,
            "net_income_4q": null,
            "revenue": 480593,
            "revenue_4q": null,
            "common_shares": 503763,
            "book_valuer_per_share": 16.53,
            "book_valuer_per_share_4q_avg": 17.94,
            "equity": 832520,
            "current_ratio": 228.57,
            "debt_ratio": 54.73,
            "inventory_turnover_ratio": 0.67,
            "account_receivable_turnover_ratio": null,
            "reinvestment_rate": null,
            "research_to_sale_ratio": null,
            "price_fair": 6.79,
            "eps_avg_yearly": 2.26,
            "eps_latest_yearly": 0.84,
            "eps_growth_yearly": -30.31
        },
        "20052": {
            "year_quarter": 20052,
            "year": 2005,
            "quarter": 2,
            "eps": -0.84,
            "eps_growth_year": -242.37,
            "eps_4q": -1.7,
            "eps_4q_growth_year": -249.01,
            "roe": -4.97,
            "roe_4q": -10.3,
            "gross_profit": 31988,
            "gross_margin": 5.95,
            "gross_margin_4q_avg": 8.23,
            "net_income": -40094,
            "net_income_4q": null,
            "revenue": 537498,
            "revenue_4q": null,
            "common_shares": 503763,
            "book_valuer_per_share": 15.5,
            "book_valuer_per_share_4q_avg": 16.73,
            "equity": 781024,
            "current_ratio": 220.59,
            "debt_ratio": 56.24,
            "inventory_turnover_ratio": 0.78,
            "account_receivable_turnover_ratio": null,
            "reinvestment_rate": 138.84,
            "research_to_sale_ratio": null,
            "price_fair": 6.79,
            "eps_avg_yearly": 2.26,
            "eps_latest_yearly": 0.84,
            "eps_growth_yearly": -30.31
        },
        "20053": {
            "year_quarter": 20053,
            "year": 2005,
            "quarter": 3,
            "eps": -0.31,
            "eps_growth_year": -247.62,
            "eps_4q": -2.16,
            "eps_4q_growth_year": -246.88,
            "roe": -1.96,
            "roe_4q": -13.399999999999999,
            "gross_profit": 21925,
            "gross_margin": 6.06,
            "gross_margin_4q_avg": 7.21,
            "net_income": -15186,
            "net_income_4q": null,
            "revenue": 361937,
            "revenue_4q": null,
            "common_shares": 514773,
            "book_valuer_per_share": 15,
            "book_valuer_per_share_4q_avg": 15.97,
            "equity": 772265,
            "current_ratio": 217.43,
            "debt_ratio": 56.05,
            "inventory_turnover_ratio": 0.57,
            "account_receivable_turnover_ratio": null,
            "reinvestment_rate": -1.87,
            "research_to_sale_ratio": null,
            "price_fair": 6.79,
            "eps_avg_yearly": 2.26,
            "eps_latest_yearly": 0.84,
            "eps_growth_yearly": -30.31
        },
        "20054": {
            "year_quarter": 20054,
            "year": 2005,
            "quarter": 4,
            "eps": -1.4,
            "eps_growth_year": null,
            "eps_4q": -2.85,
            "eps_4q_growth_year": -938.24,
            "roe": -9.25,
            "roe_4q": -18.04,
            "gross_profit": 11363,
            "gross_margin": 2.3,
            "gross_margin_4q_avg": 5.63,
            "net_income": -68386,
            "net_income_4q": null,
            "revenue": 494066,
            "revenue_4q": null,
            "common_shares": 514773,
            "book_valuer_per_share": 13.72,
            "book_valuer_per_share_4q_avg": 15.19,
            "equity": 706190,
            "current_ratio": 180.17,
            "debt_ratio": 61.66,
            "inventory_turnover_ratio": 0.78,
            "account_receivable_turnover_ratio": null,
            "reinvestment_rate": 9132.77,
            "research_to_sale_ratio": null,
            "price_fair": 6.79,
            "eps_avg_yearly": 2.26,
            "eps_latest_yearly": 0.84,
            "eps_growth_yearly": -30.31
        },
        "20061": {
            "year_quarter": 20061,
            "year": 2006,
            "quarter": 1,
            "eps": -0.4,
            "eps_growth_year": null,
            "eps_4q": -2.93,
            "eps_4q_growth_year": null,
            "roe": -2.81,
            "roe_4q": -18.99,
            "gross_profit": 10598,
            "gross_margin": 2.35,
            "gross_margin_4q_avg": 4.17,
            "net_income": -19538,
            "net_income_4q": null,
            "revenue": 451861,
            "revenue_4q": null,
            "common_shares": 514773,
            "book_valuer_per_share": 13.34,
            "book_valuer_per_share_4q_avg": 14.39,
            "equity": 686652,
            "current_ratio": 171.42,
            "debt_ratio": 63.79,
            "inventory_turnover_ratio": 0.74,
            "account_receivable_turnover_ratio": null,
            "reinvestment_rate": null,
            "research_to_sale_ratio": null,
            "price_fair": 5.38,
            "eps_avg_yearly": 1.79,
            "eps_latest_yearly": 0.84,
            "eps_growth_yearly": -43.62
        },
        "20062": {
            "year_quarter": 20062,
            "year": 2006,
            "quarter": 2,
            "eps": 0.27,
            "eps_growth_year": null,
            "eps_4q": -1.83,
            "eps_4q_growth_year": null,
            "roe": 1.91,
            "roe_4q": -12.11,
            "gross_profit": 53935,
            "gross_margin": 12.3,
            "gross_margin_4q_avg": 5.75,
            "net_income": 13248,
            "net_income_4q": null,
            "revenue": 438451,
            "revenue_4q": null,
            "common_shares": 514773,
            "book_valuer_per_share": 13.58,
            "book_valuer_per_share_4q_avg": 13.91,
            "equity": 699134,
            "current_ratio": 180.16,
            "debt_ratio": 60.73,
            "inventory_turnover_ratio": 0.71,
            "account_receivable_turnover_ratio": null,
            "reinvestment_rate": null,
            "research_to_sale_ratio": null,
            "price_fair": 5.38,
            "eps_avg_yearly": 1.79,
            "eps_latest_yearly": 0.84,
            "eps_growth_yearly": -43.62
        },
        "20063": {
            "year_quarter": 20063,
            "year": 2006,
            "quarter": 3,
            "eps": 0.58,
            "eps_growth_year": null,
            "eps_4q": -0.93,
            "eps_4q_growth_year": null,
            "roe": 4.01,
            "roe_4q": -6.140000000000001,
            "gross_profit": 79361,
            "gross_margin": 17.86,
            "gross_margin_4q_avg": 8.7,
            "net_income": 28638,
            "net_income_4q": null,
            "revenue": 444397,
            "revenue_4q": null,
            "common_shares": 514773,
            "book_valuer_per_share": 14.15,
            "book_valuer_per_share_4q_avg": 13.7,
            "equity": 728538,
            "current_ratio": 182.06,
            "debt_ratio": 60.42,
            "inventory_turnover_ratio": 0.68,
            "account_receivable_turnover_ratio": null,
            "reinvestment_rate": null,
            "research_to_sale_ratio": null,
            "price_fair": 65.4,
            "eps_avg_yearly": 1.87,
            "eps_latest_yearly": 2.32,
            "eps_growth_yearly": 28.22
        },
        "20064": {
            "year_quarter": 20064,
            "year": 2006,
            "quarter": 4,
            "eps": -3.79,
            "eps_growth_year": null,
            "eps_4q": -3.33,
            "eps_4q_growth_year": null,
            "roe": -29.09,
            "roe_4q": -25.979999999999997,
            "gross_profit": 59367,
            "gross_margin": 16.44,
            "gross_margin_4q_avg": 12.24,
            "net_income": -185514,
            "net_income_4q": null,
            "revenue": 361008,
            "revenue_4q": null,
            "common_shares": 514773,
            "book_valuer_per_share": 10.63,
            "book_valuer_per_share_4q_avg": 12.93,
            "equity": 546980,
            "current_ratio": 118.85,
            "debt_ratio": 67.33,
            "inventory_turnover_ratio": 0.55,
            "account_receivable_turnover_ratio": null,
            "reinvestment_rate": null,
            "research_to_sale_ratio": null,
            "price_fair": 64.87,
            "eps_avg_yearly": 1.85,
            "eps_latest_yearly": 2.32,
            "eps_growth_yearly": 65.2
        },
        "20071": {
            "year_quarter": 20071,
            "year": 2007,
            "quarter": 1,
            "eps": 0.23,
            "eps_growth_year": null,
            "eps_4q": -2.76,
            "eps_4q_growth_year": null,
            "roe": 2,
            "roe_4q": -21.169999999999998,
            "gross_profit": 53212,
            "gross_margin": 17.49,
            "gross_margin_4q_avg": 16.02,
            "net_income": 11045,
            "net_income_4q": null,
            "revenue": 304203,
            "revenue_4q": null,
            "common_shares": 514773,
            "book_valuer_per_share": 10.84,
            "book_valuer_per_share_4q_avg": 12.3,
            "equity": 558025,
            "current_ratio": 132.9,
            "debt_ratio": 62.98,
            "inventory_turnover_ratio": 0.46,
            "account_receivable_turnover_ratio": null,
            "reinvestment_rate": null,
            "research_to_sale_ratio": null,
            "price_fair": 62.16,
            "eps_avg_yearly": 1.78,
            "eps_latest_yearly": 2.32,
            "eps_growth_yearly": 66.81
        },
        "20072": {
            "year_quarter": 20072,
            "year": 2007,
            "quarter": 2,
            "eps": -0.16,
            "eps_growth_year": -159.26,
            "eps_4q": -2.99,
            "eps_4q_growth_year": null,
            "roe": -1.42,
            "roe_4q": -24.5,
            "gross_profit": 25853,
            "gross_margin": 11.35,
            "gross_margin_4q_avg": 15.79,
            "net_income": -7896,
            "net_income_4q": null,
            "revenue": 227823,
            "revenue_4q": null,
            "common_shares": 514773,
            "book_valuer_per_share": 10.77,
            "book_valuer_per_share_4q_avg": 11.6,
            "equity": 554492,
            "current_ratio": 143.25,
            "debt_ratio": 60.17,
            "inventory_turnover_ratio": 0.4,
            "account_receivable_turnover_ratio": null,
            "reinvestment_rate": null,
            "research_to_sale_ratio": null,
            "price_fair": 64.05,
            "eps_avg_yearly": 1.83,
            "eps_latest_yearly": 2.32,
            "eps_growth_yearly": 113.87
        },
        "20073": {
            "year_quarter": 20073,
            "year": 2007,
            "quarter": 3,
            "eps": -0.49,
            "eps_growth_year": -184.48,
            "eps_4q": -4.06,
            "eps_4q_growth_year": null,
            "roe": -4.1,
            "roe_4q": -32.61,
            "gross_profit": 16234,
            "gross_margin": 5.83,
            "gross_margin_4q_avg": 12.78,
            "net_income": -26426,
            "net_income_4q": null,
            "revenue": 278665,
            "revenue_4q": null,
            "common_shares": 514773,
            "book_valuer_per_share": 14.24,
            "book_valuer_per_share_4q_avg": 11.62,
            "equity": 733019,
            "current_ratio": 187.02,
            "debt_ratio": 47.88,
            "inventory_turnover_ratio": 0.54,
            "account_receivable_turnover_ratio": null,
            "reinvestment_rate": null,
            "research_to_sale_ratio": null,
            "price_fair": 64.05,
            "eps_avg_yearly": 1.83,
            "eps_latest_yearly": 2.32,
            "eps_growth_yearly": 113.87
        },
        "20074": {
            "year_quarter": 20074,
            "year": 2007,
            "quarter": 4,
            "eps": -0.36,
            "eps_growth_year": null,
            "eps_4q": -0.77,
            "eps_4q_growth_year": null,
            "roe": -2.78,
            "roe_4q": -6.299999999999999,
            "gross_profit": -16593,
            "gross_margin": -4.82,
            "gross_margin_4q_avg": 7.46,
            "net_income": -20160,
            "net_income_4q": null,
            "revenue": 344067,
            "revenue_4q": null,
            "common_shares": 616713,
            "book_valuer_per_share": 11.63,
            "book_valuer_per_share_4q_avg": 11.87,
            "equity": 717183,
            "current_ratio": 156.23,
            "debt_ratio": 50.87,
            "inventory_turnover_ratio": 0.7,
            "account_receivable_turnover_ratio": null,
            "reinvestment_rate": null,
            "research_to_sale_ratio": null,
            "price_fair": 64.05,
            "eps_avg_yearly": 1.83,
            "eps_latest_yearly": 2.32,
            "eps_growth_yearly": 113.87
        },
        "20081": {
            "year_quarter": 20081,
            "year": 2008,
            "quarter": 1,
            "eps": 0.13,
            "eps_growth_year": -43.48,
            "eps_4q": -0.75,
            "eps_4q_growth_year": null,
            "roe": 1.12,
            "roe_4q": -7.18,
            "gross_profit": 41062,
            "gross_margin": 11.38,
            "gross_margin_4q_avg": 5.94,
            "net_income": 8062,
            "net_income_4q": null,
            "revenue": 360672,
            "revenue_4q": null,
            "common_shares": 616713,
            "book_valuer_per_share": 11.7,
            "book_valuer_per_share_4q_avg": 12.09,
            "equity": 721418,
            "current_ratio": 150.75,
            "debt_ratio": 54.1,
            "inventory_turnover_ratio": 0.58,
            "account_receivable_turnover_ratio": null,
            "reinvestment_rate": null,
            "research_to_sale_ratio": null,
            "price_fair": 64.4,
            "eps_avg_yearly": 1.84,
            "eps_latest_yearly": 2.32,
            "eps_growth_yearly": 108.69
        },
        "20082": {
            "year_quarter": 20082,
            "year": 2008,
            "quarter": 2,
            "eps": 0,
            "eps_growth_year": null,
            "eps_4q": -0.62,
            "eps_4q_growth_year": null,
            "roe": 0.04,
            "roe_4q": -5.719999999999999,
            "gross_profit": 36501,
            "gross_margin": 10.86,
            "gross_margin_4q_avg": 5.81,
            "net_income": 270,
            "net_income_4q": null,
            "revenue": 336015,
            "revenue_4q": null,
            "common_shares": 616713,
            "book_valuer_per_share": 11.75,
            "book_valuer_per_share_4q_avg": 12.33,
            "equity": 724538,
            "current_ratio": 151.64,
            "debt_ratio": 52.84,
            "inventory_turnover_ratio": 0.55,
            "account_receivable_turnover_ratio": null,
            "reinvestment_rate": null,
            "research_to_sale_ratio": null,
            "price_fair": 55.3,
            "eps_avg_yearly": 1.58,
            "eps_latest_yearly": 2.32,
            "eps_growth_yearly": 100.82
        },
        "20083": {
            "year_quarter": 20083,
            "year": 2008,
            "quarter": 3,
            "eps": -0.07,
            "eps_growth_year": null,
            "eps_4q": -0.26,
            "eps_4q_growth_year": null,
            "roe": -0.62,
            "roe_4q": -2.2399999999999998,
            "gross_profit": 25034,
            "gross_margin": 9.27,
            "gross_margin_4q_avg": 6.67,
            "net_income": -4489,
            "net_income_4q": null,
            "revenue": 269997,
            "revenue_4q": null,
            "common_shares": 616713,
            "book_valuer_per_share": 11.82,
            "book_valuer_per_share_4q_avg": 11.73,
            "equity": 729136,
            "current_ratio": 153.65,
            "debt_ratio": 51.59,
            "inventory_turnover_ratio": 0.48,
            "account_receivable_turnover_ratio": null,
            "reinvestment_rate": null,
            "research_to_sale_ratio": null,
            "price_fair": 81.2,
            "eps_avg_yearly": 2.32,
            "eps_latest_yearly": 2.32,
            "eps_growth_yearly": 459.26
        },
        "20084": {
            "year_quarter": 20084,
            "year": 2008,
            "quarter": 4,
            "eps": -6.74,
            "eps_growth_year": null,
            "eps_4q": -6.68,
            "eps_4q_growth_year": null,
            "roe": -79.66,
            "roe_4q": -79.11999999999999,
            "gross_profit": -284882,
            "gross_margin": -97.11,
            "gross_margin_4q_avg": -16.4,
            "net_income": -415762,
            "net_income_4q": null,
            "revenue": 293357,
            "revenue_4q": null,
            "common_shares": 616713,
            "book_valuer_per_share": 5.1,
            "book_valuer_per_share_4q_avg": 10.09,
            "equity": 314748,
            "current_ratio": 108.46,
            "debt_ratio": 69.4,
            "inventory_turnover_ratio": 1.83,
            "account_receivable_turnover_ratio": 1.93,
            "reinvestment_rate": null,
            "research_to_sale_ratio": null,
            "price_fair": 81.2,
            "eps_avg_yearly": 2.32,
            "eps_latest_yearly": 2.32,
            "eps_growth_yearly": 459.26
        },
        "20091": {
            "year_quarter": 20091,
            "year": 2009,
            "quarter": 1,
            "eps": 0.16,
            "eps_growth_year": 23.08,
            "eps_4q": -6.53,
            "eps_4q_growth_year": null,
            "roe": 3.12,
            "roe_4q": -77.11999999999999,
            "gross_profit": 47831,
            "gross_margin": 20.31,
            "gross_margin_4q_avg": -14.17,
            "net_income": 10037,
            "net_income_4q": null,
            "revenue": 235509,
            "revenue_4q": null,
            "common_shares": 616713,
            "book_valuer_per_share": 5.33,
            "book_valuer_per_share_4q_avg": 8.5,
            "equity": 328467,
            "current_ratio": 101.71,
            "debt_ratio": 67.78,
            "inventory_turnover_ratio": 1.4,
            "account_receivable_turnover_ratio": 0.76,
            "reinvestment_rate": null,
            "research_to_sale_ratio": null,
            "price_fair": 81.2,
            "eps_avg_yearly": 2.32,
            "eps_latest_yearly": 2.32,
            "eps_growth_yearly": 459.26
        },
        "20092": {
            "year_quarter": 20092,
            "year": 2009,
            "quarter": 2,
            "eps": -0.71,
            "eps_growth_year": null,
            "eps_4q": -7.37,
            "eps_4q_growth_year": null,
            "roe": -14.46,
            "roe_4q": -91.62,
            "gross_profit": 29212,
            "gross_margin": 20.75,
            "gross_margin_4q_avg": -11.7,
            "net_income": -44066,
            "net_income_4q": null,
            "revenue": 140757,
            "revenue_4q": null,
            "common_shares": 616713,
            "book_valuer_per_share": 4.56,
            "book_valuer_per_share_4q_avg": 6.7,
            "equity": 280927,
            "current_ratio": 93.54,
            "debt_ratio": 69.48,
            "inventory_turnover_ratio": 0.83,
            "account_receivable_turnover_ratio": 0.49,
            "reinvestment_rate": null,
            "research_to_sale_ratio": null,
            "price_fair": 81.2,
            "eps_avg_yearly": 2.32,
            "eps_latest_yearly": 2.32,
            "eps_growth_yearly": 459.26
        },
        "20093": {
            "year_quarter": 20093,
            "year": 2009,
            "quarter": 3,
            "eps": -1.42,
            "eps_growth_year": null,
            "eps_4q": -16.86,
            "eps_4q_growth_year": null,
            "roe": -15.09,
            "roe_4q": -106.09,
            "gross_profit": 31472,
            "gross_margin": 18.17,
            "gross_margin_4q_avg": -9.47,
            "net_income": -41418,
            "net_income_4q": null,
            "revenue": 173255,
            "revenue_4q": null,
            "common_shares": 291273,
            "book_valuer_per_share": 9.21,
            "book_valuer_per_share_4q_avg": 6.05,
            "equity": 268127,
            "current_ratio": 91.53,
            "debt_ratio": 69.97,
            "inventory_turnover_ratio": 1.15,
            "account_receivable_turnover_ratio": 0.71,
            "reinvestment_rate": null,
            "research_to_sale_ratio": null,
            "price_fair": 81.2,
            "eps_avg_yearly": 2.32,
            "eps_latest_yearly": 2.32,
            "eps_growth_yearly": 459.26
        },
        "20094": {
            "year_quarter": 20094,
            "year": 2009,
            "quarter": 4,
            "eps": -0.29,
            "eps_growth_year": null,
            "eps_4q": -2.45,
            "eps_4q_growth_year": null,
            "roe": -3.36,
            "roe_4q": -29.789999999999996,
            "gross_profit": 26492,
            "gross_margin": 13.82,
            "gross_margin_4q_avg": 18.26,
            "net_income": -8858,
            "net_income_4q": null,
            "revenue": 191645,
            "revenue_4q": null,
            "common_shares": 344473,
            "book_valuer_per_share": 7.53,
            "book_valuer_per_share_4q_avg": 6.66,
            "equity": 259441,
            "current_ratio": 90.3,
            "debt_ratio": 70.22,
            "inventory_turnover_ratio": 1.46,
            "account_receivable_turnover_ratio": 1.62,
            "reinvestment_rate": null,
            "research_to_sale_ratio": null,
            "price_fair": 81.2,
            "eps_avg_yearly": 2.32,
            "eps_latest_yearly": 2.32,
            "eps_growth_yearly": 459.26
        },
        "20101": {
            "year_quarter": 20101,
            "year": 2010,
            "quarter": 1,
            "eps": 0.29,
            "eps_growth_year": 81.25,
            "eps_4q": -1.47,
            "eps_4q_growth_year": null,
            "roe": 3.19,
            "roe_4q": -29.72,
            "gross_profit": 47190,
            "gross_margin": 18.37,
            "gross_margin_4q_avg": 17.78,
            "net_income": 11509,
            "net_income_4q": null,
            "revenue": 256946,
            "revenue_4q": null,
            "common_shares": 559203,
            "book_valuer_per_share": 8.11,
            "book_valuer_per_share_4q_avg": 7.35,
            "equity": 461752,
            "current_ratio": 125.37,
            "debt_ratio": 57.14,
            "inventory_turnover_ratio": 1.42,
            "account_receivable_turnover_ratio": 1.32,
            "reinvestment_rate": null,
            "research_to_sale_ratio": 2.63,
            "price_fair": 81.2,
            "eps_avg_yearly": 2.32,
            "eps_latest_yearly": 2.32,
            "eps_growth_yearly": 459.26
        },
        "20102": {
            "year_quarter": 20102,
            "year": 2010,
            "quarter": 2,
            "eps": 0.23,
            "eps_growth_year": null,
            "eps_4q": -0.46,
            "eps_4q_growth_year": null,
            "roe": 2.62,
            "roe_4q": -12.639999999999999,
            "gross_profit": 49758,
            "gross_margin": 16.4,
            "gross_margin_4q_avg": 16.69,
            "net_income": 12233,
            "net_income_4q": null,
            "revenue": 303329,
            "revenue_4q": null,
            "common_shares": 559203,
            "book_valuer_per_share": 8.36,
            "book_valuer_per_share_4q_avg": 8.3,
            "equity": 471538,
            "current_ratio": 129.43,
            "debt_ratio": 46.91,
            "inventory_turnover_ratio": 1.5,
            "account_receivable_turnover_ratio": 2.44,
            "reinvestment_rate": null,
            "research_to_sale_ratio": 4.23,
            "price_fair": 56.7,
            "eps_avg_yearly": 1.62,
            "eps_latest_yearly": 0.92,
            "eps_growth_yearly": 188.25
        },
        "20103": {
            "year_quarter": 20103,
            "year": 2010,
            "quarter": 3,
            "eps": 0.26,
            "eps_growth_year": null,
            "eps_4q": 0.54,
            "eps_4q_growth_year": null,
            "roe": 2.96,
            "roe_4q": 5.41,
            "gross_profit": 72581,
            "gross_margin": 21.81,
            "gross_margin_4q_avg": 17.6,
            "net_income": 14160,
            "net_income_4q": null,
            "revenue": 332742,
            "revenue_4q": null,
            "common_shares": 559203,
            "book_valuer_per_share": 8.6,
            "book_valuer_per_share_4q_avg": 8.15,
            "equity": 485642,
            "current_ratio": 141.84,
            "debt_ratio": 40.75,
            "inventory_turnover_ratio": 1.85,
            "account_receivable_turnover_ratio": 3.59,
            "reinvestment_rate": null,
            "research_to_sale_ratio": 4.55,
            "price_fair": 2.94,
            "eps_avg_yearly": 0.98,
            "eps_latest_yearly": 1.04,
            "eps_growth_yearly": -15.29
        },
        "20104": {
            "year_quarter": 20104,
            "year": 2010,
            "quarter": 4,
            "eps": -0,
            "eps_growth_year": null,
            "eps_4q": 0.69,
            "eps_4q_growth_year": null,
            "roe": -0.1,
            "roe_4q": 8.67,
            "gross_profit": 15661,
            "gross_margin": 8.89,
            "gross_margin_4q_avg": 16.37,
            "net_income": -465,
            "net_income_4q": null,
            "revenue": 176245,
            "revenue_4q": null,
            "common_shares": 559203,
            "book_valuer_per_share": 8.52,
            "book_valuer_per_share_4q_avg": 8.4,
            "equity": 480704,
            "current_ratio": 158.54,
            "debt_ratio": 35.2,
            "inventory_turnover_ratio": 1.33,
            "account_receivable_turnover_ratio": 3.15,
            "reinvestment_rate": null,
            "research_to_sale_ratio": 6.07,
            "price_fair": 2.94,
            "eps_avg_yearly": 0.98,
            "eps_latest_yearly": 1.04,
            "eps_growth_yearly": -15.29
        },
        "20111": {
            "year_quarter": 20111,
            "year": 2011,
            "quarter": 1,
            "eps": -0.21,
            "eps_growth_year": -172.41,
            "eps_4q": 0.27,
            "eps_4q_growth_year": null,
            "roe": -2.45,
            "roe_4q": 3.03,
            "gross_profit": 14635,
            "gross_margin": 12.01,
            "gross_margin_4q_avg": 14.78,
            "net_income": -11666,
            "net_income_4q": null,
            "revenue": 121901,
            "revenue_4q": null,
            "common_shares": 560053,
            "book_valuer_per_share": 8.36,
            "book_valuer_per_share_4q_avg": 8.46,
            "equity": 469988,
            "current_ratio": 135.23,
            "debt_ratio": 37.04,
            "inventory_turnover_ratio": 1.01,
            "account_receivable_turnover_ratio": 3.35,
            "reinvestment_rate": null,
            "research_to_sale_ratio": 9.42,
            "price_fair": 2.94,
            "eps_avg_yearly": 0.98,
            "eps_latest_yearly": 1.04,
            "eps_growth_yearly": -15.29
        },
        "20112": {
            "year_quarter": 20112,
            "year": 2011,
            "quarter": 2,
            "eps": -0.26,
            "eps_growth_year": -213.1,
            "eps_4q": -0.21,
            "eps_4q_growth_year": null,
            "roe": -3.1,
            "roe_4q": -2.6900000000000004,
            "gross_profit": 13448,
            "gross_margin": 10.56,
            "gross_margin_4q_avg": 13.32,
            "net_income": -14334,
            "net_income_4q": null,
            "revenue": 127311,
            "revenue_4q": null,
            "common_shares": 560053,
            "book_valuer_per_share": 8.09,
            "book_valuer_per_share_4q_avg": 8.39,
            "equity": 453342,
            "current_ratio": 122.77,
            "debt_ratio": 42.74,
            "inventory_turnover_ratio": 1.08,
            "account_receivable_turnover_ratio": 2.04,
            "reinvestment_rate": null,
            "research_to_sale_ratio": 9.17,
            "price_fair": 2.94,
            "eps_avg_yearly": 0.98,
            "eps_latest_yearly": 1.04,
            "eps_growth_yearly": -15.29
        },
        "20113": {
            "year_quarter": 20113,
            "year": 2011,
            "quarter": 3,
            "eps": 0.25,
            "eps_growth_year": -3.47,
            "eps_4q": -0.22,
            "eps_4q_growth_year": -141.23,
            "roe": 2.97,
            "roe_4q": -2.68,
            "gross_profit": 30019,
            "gross_margin": 16.21,
            "gross_margin_4q_avg": 11.92,
            "net_income": 13815,
            "net_income_4q": null,
            "revenue": 185241,
            "revenue_4q": null,
            "common_shares": 560053,
            "book_valuer_per_share": 8.48,
            "book_valuer_per_share_4q_avg": 8.36,
            "equity": 475618,
            "current_ratio": 123.83,
            "debt_ratio": 43.89,
            "inventory_turnover_ratio": 1.38,
            "account_receivable_turnover_ratio": 2.35,
            "reinvestment_rate": null,
            "research_to_sale_ratio": 5.53,
            "price_fair": 2.94,
            "eps_avg_yearly": 0.98,
            "eps_latest_yearly": 1.04,
            "eps_growth_yearly": -15.29
        },
        "20114": {
            "year_quarter": 20114,
            "year": 2011,
            "quarter": 4,
            "eps": -0.48,
            "eps_growth_year": null,
            "eps_4q": -0.69,
            "eps_4q_growth_year": -200.63,
            "roe": -5.8,
            "roe_4q": -8.379999999999999,
            "gross_profit": 3092,
            "gross_margin": 2.33,
            "gross_margin_4q_avg": 10.28,
            "net_income": -26793,
            "net_income_4q": null,
            "revenue": 132555,
            "revenue_4q": null,
            "common_shares": 560053,
            "book_valuer_per_share": 7.99,
            "book_valuer_per_share_4q_avg": 8.23,
            "equity": 448208,
            "current_ratio": 120.28,
            "debt_ratio": 53.89,
            "inventory_turnover_ratio": 1.4,
            "account_receivable_turnover_ratio": 1.17,
            "reinvestment_rate": null,
            "research_to_sale_ratio": 6.48,
            "price_fair": 2.94,
            "eps_avg_yearly": 0.98,
            "eps_latest_yearly": 1.04,
            "eps_growth_yearly": -15.29
        },
        "20121": {
            "year_quarter": 20121,
            "year": 2012,
            "quarter": 1,
            "eps": 1.44,
            "eps_growth_year": null,
            "eps_4q": 0.96,
            "eps_4q_growth_year": 254.95,
            "roe": 16.92,
            "roe_4q": 10.990000000000002,
            "gross_profit": 15348,
            "gross_margin": 14.35,
            "gross_margin_4q_avg": 10.86,
            "net_income": 80982,
            "net_income_4q": null,
            "revenue": 106977,
            "revenue_4q": null,
            "common_shares": 560832,
            "book_valuer_per_share": 9.07,
            "book_valuer_per_share_4q_avg": 8.41,
            "equity": 509142,
            "current_ratio": 185.43,
            "debt_ratio": 30.93,
            "inventory_turnover_ratio": 1.24,
            "account_receivable_turnover_ratio": 0.8,
            "reinvestment_rate": null,
            "research_to_sale_ratio": 10.47,
            "price_fair": 2.94,
            "eps_avg_yearly": 0.98,
            "eps_latest_yearly": 1.04,
            "eps_growth_yearly": -15.29
        },
        "20122": {
            "year_quarter": 20122,
            "year": 2012,
            "quarter": 2,
            "eps": -0.19,
            "eps_growth_year": null,
            "eps_4q": 1.03,
            "eps_4q_growth_year": null,
            "roe": -2.09,
            "roe_4q": 12.000000000000002,
            "gross_profit": 24023,
            "gross_margin": 23.45,
            "gross_margin_4q_avg": 14.09,
            "net_income": -10525,
            "net_income_4q": null,
            "revenue": 102438,
            "revenue_4q": null,
            "common_shares": 560832,
            "book_valuer_per_share": 8.87,
            "book_valuer_per_share_4q_avg": 8.6,
            "equity": 498083,
            "current_ratio": 253.04,
            "debt_ratio": 21.37,
            "inventory_turnover_ratio": 1.01,
            "account_receivable_turnover_ratio": 1.14,
            "reinvestment_rate": null,
            "research_to_sale_ratio": 12.23,
            "price_fair": 2.94,
            "eps_avg_yearly": 0.98,
            "eps_latest_yearly": 1.04,
            "eps_growth_yearly": -15.29
        },
        "20123": {
            "year_quarter": 20123,
            "year": 2012,
            "quarter": 3,
            "eps": -0.13,
            "eps_growth_year": -151.05,
            "eps_4q": 0.65,
            "eps_4q_growth_year": null,
            "roe": -1.43,
            "roe_4q": 7.600000000000002,
            "gross_profit": 16976,
            "gross_margin": 16.47,
            "gross_margin_4q_avg": 14.15,
            "net_income": -7071,
            "net_income_4q": null,
            "revenue": 103089,
            "revenue_4q": null,
            "common_shares": 560832,
            "book_valuer_per_share": 8.79,
            "book_valuer_per_share_4q_avg": 8.68,
            "equity": 493207,
            "current_ratio": 242.26,
            "debt_ratio": 22.06,
            "inventory_turnover_ratio": 1.13,
            "account_receivable_turnover_ratio": 2.42,
            "reinvestment_rate": null,
            "research_to_sale_ratio": 9.52,
            "price_fair": 2.94,
            "eps_avg_yearly": 0.98,
            "eps_latest_yearly": 1.04,
            "eps_growth_yearly": -15.29
        },
        "20124": {
            "year_quarter": 20124,
            "year": 2012,
            "quarter": 4,
            "eps": -0.34,
            "eps_growth_year": null,
            "eps_4q": 0.79,
            "eps_4q_growth_year": null,
            "roe": -3.95,
            "roe_4q": 9.450000000000003,
            "gross_profit": 3093,
            "gross_margin": 4.04,
            "gross_margin_4q_avg": 14.58,
            "net_income": -19165,
            "net_income_4q": null,
            "revenue": 76645,
            "revenue_4q": null,
            "common_shares": 560990,
            "book_valuer_per_share": 8.48,
            "book_valuer_per_share_4q_avg": 8.8,
            "equity": 476447,
            "current_ratio": 170.73,
            "debt_ratio": 31.62,
            "inventory_turnover_ratio": 0.65,
            "account_receivable_turnover_ratio": 2.03,
            "reinvestment_rate": null,
            "research_to_sale_ratio": 10.2,
            "price_fair": 2.94,
            "eps_avg_yearly": 0.98,
            "eps_latest_yearly": 1.04,
            "eps_growth_yearly": -15.29
        },
        "20131": {
            "year_quarter": 20131,
            "year": 2013,
            "quarter": 1,
            "eps": -0.15,
            "eps_growth_year": -110.42,
            "eps_4q": -0.8,
            "eps_4q_growth_year": -183.87,
            "roe": -1.77,
            "roe_4q": -9.24,
            "gross_profit": 12429,
            "gross_margin": 17.96,
            "gross_margin_4q_avg": 15.48,
            "net_income": -8444,
            "net_income_4q": null,
            "revenue": 69221,
            "revenue_4q": null,
            "common_shares": 560990,
            "book_valuer_per_share": 8.48,
            "book_valuer_per_share_4q_avg": 8.66,
            "equity": 476125,
            "current_ratio": 168.79,
            "debt_ratio": 25.71,
            "inventory_turnover_ratio": 0.47,
            "account_receivable_turnover_ratio": 1.78,
            "reinvestment_rate": null,
            "research_to_sale_ratio": 15.63,
            "price_fair": 2.94,
            "eps_avg_yearly": 0.98,
            "eps_latest_yearly": 1.04,
            "eps_growth_yearly": -15.29
        },
        "20132": {
            "year_quarter": 20132,
            "year": 2013,
            "quarter": 2,
            "eps": -0.12,
            "eps_growth_year": null,
            "eps_4q": -0.74,
            "eps_4q_growth_year": -171.94,
            "roe": -1.89,
            "roe_4q": -9.040000000000001,
            "gross_profit": 8624,
            "gross_margin": 11.39,
            "gross_margin_4q_avg": 12.47,
            "net_income": -9077,
            "net_income_4q": null,
            "revenue": 75721,
            "revenue_4q": null,
            "common_shares": 561250,
            "book_valuer_per_share": 8.33,
            "book_valuer_per_share_4q_avg": 8.52,
            "equity": 484839,
            "current_ratio": 189.04,
            "debt_ratio": 19.4,
            "inventory_turnover_ratio": 1.06,
            "account_receivable_turnover_ratio": 1.69,
            "reinvestment_rate": null,
            "research_to_sale_ratio": 12.23,
            "price_fair": 2.94,
            "eps_avg_yearly": 0.98,
            "eps_latest_yearly": 1.04,
            "eps_growth_yearly": -15.29
        },
        "20133": {
            "year_quarter": 20133,
            "year": 2013,
            "quarter": 3,
            "eps": -0.23,
            "eps_growth_year": null,
            "eps_4q": -0.84,
            "eps_4q_growth_year": -228.73,
            "roe": -3.1,
            "roe_4q": -10.71,
            "gross_profit": 7339,
            "gross_margin": 9.74,
            "gross_margin_4q_avg": 10.78,
            "net_income": -14789,
            "net_income_4q": null,
            "revenue": 75363,
            "revenue_4q": null,
            "common_shares": 561250,
            "book_valuer_per_share": 8.11,
            "book_valuer_per_share_4q_avg": 8.35,
            "equity": 470277,
            "current_ratio": 194.09,
            "debt_ratio": 16.78,
            "inventory_turnover_ratio": 1.89,
            "account_receivable_turnover_ratio": 2.15,
            "reinvestment_rate": 551.93,
            "research_to_sale_ratio": 11.81,
            "price_fair": 2.94,
            "eps_avg_yearly": 0.98,
            "eps_latest_yearly": 1.04,
            "eps_growth_yearly": -15.29
        },
        "20134": {
            "year_quarter": 20134,
            "year": 2013,
            "quarter": 4,
            "eps": -1.09,
            "eps_growth_year": null,
            "eps_4q": -1.59,
            "eps_4q_growth_year": -300.93,
            "roe": -14.15,
            "roe_4q": -20.91,
            "gross_profit": 16287,
            "gross_margin": 12.99,
            "gross_margin_4q_avg": 13.02,
            "net_income": -62406,
            "net_income_4q": null,
            "revenue": 125354,
            "revenue_4q": null,
            "common_shares": 561250,
            "book_valuer_per_share": 7.09,
            "book_valuer_per_share_4q_avg": 8,
            "equity": 411508,
            "current_ratio": 161.92,
            "debt_ratio": 26.59,
            "inventory_turnover_ratio": 3.13,
            "account_receivable_turnover_ratio": 2.26,
            "reinvestment_rate": null,
            "research_to_sale_ratio": 7.71,
            "price_fair": 2.94,
            "eps_avg_yearly": 0.98,
            "eps_latest_yearly": 1.04,
            "eps_growth_yearly": -15.29
        },
        "20141": {
            "year_quarter": 20141,
            "year": 2014,
            "quarter": 1,
            "eps": -0.09,
            "eps_growth_year": null,
            "eps_4q": -1.53,
            "eps_4q_growth_year": null,
            "roe": -1.68,
            "roe_4q": -20.82,
            "gross_profit": 10303,
            "gross_margin": 16.62,
            "gross_margin_4q_avg": 12.69,
            "net_income": -6884,
            "net_income_4q": null,
            "revenue": 61986,
            "revenue_4q": null,
            "common_shares": 561250,
            "book_valuer_per_share": 7.02,
            "book_valuer_per_share_4q_avg": 7.64,
            "equity": 405696,
            "current_ratio": 195.28,
            "debt_ratio": 19.06,
            "inventory_turnover_ratio": 1.61,
            "account_receivable_turnover_ratio": 1.09,
            "reinvestment_rate": null,
            "research_to_sale_ratio": 10.07,
            "price_fair": 2.94,
            "eps_avg_yearly": 0.98,
            "eps_latest_yearly": 1.04,
            "eps_growth_yearly": -15.29
        },
        "20142": {
            "year_quarter": 20142,
            "year": 2014,
            "quarter": 2,
            "eps": -0.1,
            "eps_growth_year": null,
            "eps_4q": -1.51,
            "eps_4q_growth_year": null,
            "roe": -1.84,
            "roe_4q": -20.770000000000003,
            "gross_profit": 5879,
            "gross_margin": 11.7,
            "gross_margin_4q_avg": 12.76,
            "net_income": -7407,
            "net_income_4q": null,
            "revenue": 50269,
            "revenue_4q": null,
            "common_shares": 561348,
            "book_valuer_per_share": 6.91,
            "book_valuer_per_share_4q_avg": 7.28,
            "equity": 398298,
            "current_ratio": 183.89,
            "debt_ratio": 20.1,
            "inventory_turnover_ratio": 1.18,
            "account_receivable_turnover_ratio": 2.07,
            "reinvestment_rate": null,
            "research_to_sale_ratio": 11.85,
            "price_fair": 36.4,
            "eps_avg_yearly": 1.04,
            "eps_latest_yearly": 1.04,
            "eps_growth_yearly": 52.17
        },
        "20143": {
            "year_quarter": 20143,
            "year": 2014,
            "quarter": 3,
            "eps": -0.23,
            "eps_growth_year": null,
            "eps_4q": -1.51,
            "eps_4q_growth_year": null,
            "roe": -3.78,
            "roe_4q": -21.45,
            "gross_profit": -352,
            "gross_margin": -1.01,
            "gross_margin_4q_avg": 10.08,
            "net_income": -14770,
            "net_income_4q": null,
            "revenue": 34687,
            "revenue_4q": null,
            "common_shares": 561348,
            "book_valuer_per_share": 6.69,
            "book_valuer_per_share_4q_avg": 6.93,
            "equity": 383779,
            "current_ratio": 199.63,
            "debt_ratio": 16.08,
            "inventory_turnover_ratio": 0.87,
            "account_receivable_turnover_ratio": 1.65,
            "reinvestment_rate": null,
            "research_to_sale_ratio": 16.06,
            "price_fair": 0,
            "eps_avg_yearly": 0,
            "eps_latest_yearly": 0,
            "eps_growth_yearly": 0
        },
        "20144": {
            "year_quarter": 20144,
            "year": 2014,
            "quarter": 4,
            "eps": -0.13,
            "eps_growth_year": null,
            "eps_4q": -0.56,
            "eps_4q_growth_year": null,
            "roe": -2.63,
            "roe_4q": -9.93,
            "gross_profit": 797,
            "gross_margin": 2.09,
            "gross_margin_4q_avg": 7.35,
            "net_income": -10002,
            "net_income_4q": null,
            "revenue": 38109,
            "revenue_4q": null,
            "common_shares": 563019,
            "book_valuer_per_share": 6.57,
            "book_valuer_per_share_4q_avg": 6.8,
            "equity": 375671,
            "current_ratio": 182.41,
            "debt_ratio": 18.07,
            "inventory_turnover_ratio": 1.11,
            "account_receivable_turnover_ratio": 1.61,
            "reinvestment_rate": null,
            "research_to_sale_ratio": 10.27,
            "price_fair": 0,
            "eps_avg_yearly": 0,
            "eps_latest_yearly": 0,
            "eps_growth_yearly": 0
        },
        "20151": {
            "year_quarter": 20151,
            "year": 2015,
            "quarter": 1,
            "eps": -0.24,
            "eps_growth_year": null,
            "eps_4q": -0.7,
            "eps_4q_growth_year": null,
            "roe": -4.18,
            "roe_4q": -12.43,
            "gross_profit": -1003,
            "gross_margin": -4.2,
            "gross_margin_4q_avg": 2.15,
            "net_income": -15496,
            "net_income_4q": null,
            "revenue": 23869,
            "revenue_4q": null,
            "common_shares": 563019,
            "book_valuer_per_share": 6.37,
            "book_valuer_per_share_4q_avg": 6.64,
            "equity": 365489,
            "current_ratio": 123.97,
            "debt_ratio": 39.76,
            "inventory_turnover_ratio": 0.83,
            "account_receivable_turnover_ratio": 1.02,
            "reinvestment_rate": null,
            "research_to_sale_ratio": 18.18,
            "price_fair": 0,
            "eps_avg_yearly": 0,
            "eps_latest_yearly": 0,
            "eps_growth_yearly": 0
        },
        "20152": {
            "year_quarter": 20152,
            "year": 2015,
            "quarter": 2,
            "eps": -0.23,
            "eps_growth_year": null,
            "eps_4q": -0.82,
            "eps_4q_growth_year": null,
            "roe": -4.08,
            "roe_4q": -14.67,
            "gross_profit": -2652,
            "gross_margin": -10.51,
            "gross_margin_4q_avg": -3.41,
            "net_income": -14783,
            "net_income_4q": null,
            "revenue": 25231,
            "revenue_4q": null,
            "common_shares": 575459,
            "book_valuer_per_share": 6.21,
            "book_valuer_per_share_4q_avg": 6.46,
            "equity": 359314,
            "current_ratio": 122.37,
            "debt_ratio": 40.16,
            "inventory_turnover_ratio": 0.27,
            "account_receivable_turnover_ratio": 1.56,
            "reinvestment_rate": null,
            "research_to_sale_ratio": 18.39,
            "price_fair": 0,
            "eps_avg_yearly": 0,
            "eps_latest_yearly": 0,
            "eps_growth_yearly": 0
        },
        "20153": {
            "year_quarter": 20153,
            "year": 2015,
            "quarter": 3,
            "eps": -0.62,
            "eps_growth_year": null,
            "eps_4q": -1.21,
            "eps_4q_growth_year": null,
            "roe": -10.66,
            "roe_4q": -21.55,
            "gross_profit": -19007,
            "gross_margin": -142.45,
            "gross_margin_4q_avg": -38.77,
            "net_income": -36372,
            "net_income_4q": null,
            "revenue": 13343,
            "revenue_4q": null,
            "common_shares": 575459,
            "book_valuer_per_share": 5.59,
            "book_valuer_per_share_4q_avg": 6.19,
            "equity": 323108,
            "current_ratio": 108.9,
            "debt_ratio": 39.6,
            "inventory_turnover_ratio": 0.19,
            "account_receivable_turnover_ratio": 0.79,
            "reinvestment_rate": null,
            "research_to_sale_ratio": 34.88,
            "price_fair": 0,
            "eps_avg_yearly": 0,
            "eps_latest_yearly": 0,
            "eps_growth_yearly": 0
        },
        "20154": {
            "year_quarter": 20154,
            "year": 2015,
            "quarter": 4,
            "eps": -1.4,
            "eps_growth_year": null,
            "eps_4q": -2.48,
            "eps_4q_growth_year": null,
            "roe": -29.18,
            "roe_4q": -48.1,
            "gross_profit": -50989,
            "gross_margin": -144.8,
            "gross_margin_4q_avg": -75.49,
            "net_income": -82081,
            "net_income_4q": null,
            "revenue": 35214,
            "revenue_4q": null,
            "common_shares": 575459,
            "book_valuer_per_share": 4.17,
            "book_valuer_per_share_4q_avg": 5.59,
            "equity": 239470,
            "current_ratio": 85.55,
            "debt_ratio": 57.12,
            "inventory_turnover_ratio": 0.5,
            "account_receivable_turnover_ratio": 1.67,
            "reinvestment_rate": null,
            "research_to_sale_ratio": 11.53,
            "price_fair": 0,
            "eps_avg_yearly": 0,
            "eps_latest_yearly": 0,
            "eps_growth_yearly": 0
        },
        "20161": {
            "year_quarter": 20161,
            "year": 2016,
            "quarter": 1,
            "eps": -0.25,
            "eps_growth_year": null,
            "eps_4q": -2.5,
            "eps_4q_growth_year": null,
            "roe": -6.29,
            "roe_4q": -50.209999999999994,
            "gross_profit": 271,
            "gross_margin": 0.4,
            "gross_margin_4q_avg": -74.34,
            "net_income": -14614,
            "net_income_4q": null,
            "revenue": 67835,
            "revenue_4q": null,
            "common_shares": 575459,
            "book_valuer_per_share": 3.92,
            "book_valuer_per_share_4q_avg": 4.97,
            "equity": 225081,
            "current_ratio": 82.54,
            "debt_ratio": 58.19,
            "inventory_turnover_ratio": 0.45,
            "account_receivable_turnover_ratio": 1.42,
            "reinvestment_rate": null,
            "research_to_sale_ratio": 7.07,
            "price_fair": 0,
            "eps_avg_yearly": 0,
            "eps_latest_yearly": 0,
            "eps_growth_yearly": 0
        },
        "20162": {
            "year_quarter": 20162,
            "year": 2016,
            "quarter": 2,
            "eps": -0.67,
            "eps_growth_year": null,
            "eps_4q": -2.94,
            "eps_4q_growth_year": null,
            "roe": -18.67,
            "roe_4q": -64.8,
            "gross_profit": -5165,
            "gross_margin": -19.68,
            "gross_margin_4q_avg": -76.63,
            "net_income": -38438,
            "net_income_4q": null,
            "revenue": 26243,
            "revenue_4q": null,
            "common_shares": 575709,
            "book_valuer_per_share": 3.25,
            "book_valuer_per_share_4q_avg": 4.23,
            "equity": 186634,
            "current_ratio": 74.25,
            "debt_ratio": 61.64,
            "inventory_turnover_ratio": 0.25,
            "account_receivable_turnover_ratio": 0.47,
            "reinvestment_rate": null,
            "research_to_sale_ratio": 19.84,
            "price_fair": 0,
            "eps_avg_yearly": 0,
            "eps_latest_yearly": 0,
            "eps_growth_yearly": 0
        },
        "20163": {
            "year_quarter": 20163,
            "year": 2016,
            "quarter": 3,
            "eps": -3.69,
            "eps_growth_year": null,
            "eps_4q": -8.33,
            "eps_4q_growth_year": null,
            "roe": -78.25,
            "roe_4q": -132.39000000000001,
            "gross_profit": 4246,
            "gross_margin": 18.8,
            "gross_margin_4q_avg": -36.32,
            "net_income": -104946,
            "net_income_4q": null,
            "revenue": 22582,
            "revenue_4q": null,
            "common_shares": 287855,
            "book_valuer_per_share": 2.8,
            "book_valuer_per_share_4q_avg": 3.54,
            "equity": 81607,
            "current_ratio": 57.98,
            "debt_ratio": 79,
            "inventory_turnover_ratio": 0.19,
            "account_receivable_turnover_ratio": 0.6,
            "reinvestment_rate": null,
            "research_to_sale_ratio": 20.68,
            "price_fair": 0,
            "eps_avg_yearly": 0,
            "eps_latest_yearly": 0,
            "eps_growth_yearly": 0
        },
        "20164": {
            "year_quarter": 20164,
            "year": 2016,
            "quarter": 4,
            "eps": -0.33,
            "eps_growth_year": null,
            "eps_4q": -5.86,
            "eps_4q_growth_year": null,
            "roe": -12.86,
            "roe_4q": -116.07000000000001,
            "gross_profit": -11036,
            "gross_margin": -21.82,
            "gross_margin_4q_avg": -5.58,
            "net_income": -10170,
            "net_income_4q": null,
            "revenue": 50586,
            "revenue_4q": null,
            "common_shares": 287855,
            "book_valuer_per_share": 2.65,
            "book_valuer_per_share_4q_avg": 3.16,
            "equity": 76562,
            "current_ratio": 53.56,
            "debt_ratio": 75.94,
            "inventory_turnover_ratio": 1.43,
            "account_receivable_turnover_ratio": 2.02,
            "reinvestment_rate": null,
            "research_to_sale_ratio": 13.1,
            "price_fair": 0,
            "eps_avg_yearly": 0,
            "eps_latest_yearly": 0,
            "eps_growth_yearly": 0
        },
        "20171": {
            "year_quarter": 20171,
            "year": 2017,
            "quarter": 1,
            "eps": -0.13,
            "eps_growth_year": null,
            "eps_4q": -5.49,
            "eps_4q_growth_year": null,
            "roe": -4.35,
            "roe_4q": -114.13000000000001,
            "gross_profit": 8233,
            "gross_margin": 37.84,
            "gross_margin_4q_avg": 3.79,
            "net_income": -3255,
            "net_income_4q": null,
            "revenue": 21755,
            "revenue_4q": null,
            "common_shares": 287855,
            "book_valuer_per_share": 2.51,
            "book_valuer_per_share_4q_avg": 2.8,
            "equity": 73154,
            "current_ratio": 67.85,
            "debt_ratio": 76.92,
            "inventory_turnover_ratio": 0.74,
            "account_receivable_turnover_ratio": 1.5,
            "reinvestment_rate": null,
            "research_to_sale_ratio": 13.49,
            "price_fair": 0,
            "eps_avg_yearly": 0,
            "eps_latest_yearly": 0,
            "eps_growth_yearly": 0
        },
        "20172": {
            "year_quarter": 20172,
            "year": 2017,
            "quarter": 2,
            "eps": 1.17,
            "eps_growth_year": null,
            "eps_4q": -2.98,
            "eps_4q_growth_year": null,
            "roe": 38.42,
            "roe_4q": -57.04,
            "gross_profit": 2737,
            "gross_margin": 14.1,
            "gross_margin_4q_avg": 12.23,
            "net_income": 34796,
            "net_income_4q": null,
            "revenue": 19408,
            "revenue_4q": null,
            "common_shares": 287855,
            "book_valuer_per_share": 3.69,
            "book_valuer_per_share_4q_avg": 2.91,
            "equity": 107965,
            "current_ratio": 100.72,
            "debt_ratio": 59.83,
            "inventory_turnover_ratio": 0.96,
            "account_receivable_turnover_ratio": 1.98,
            "reinvestment_rate": null,
            "research_to_sale_ratio": 7.4,
            "price_fair": 0,
            "eps_avg_yearly": 0,
            "eps_latest_yearly": 0,
            "eps_growth_yearly": 0
        },
        "20173": {
            "year_quarter": 20173,
            "year": 2017,
            "quarter": 3,
            "eps": -0.43,
            "eps_growth_year": null,
            "eps_4q": 0.15,
            "eps_4q_growth_year": null,
            "roe": -10.16,
            "roe_4q": 11.050000000000004,
            "gross_profit": -6503,
            "gross_margin": -118.75,
            "gross_margin_4q_avg": -22.16,
            "net_income": -13358,
            "net_income_4q": null,
            "revenue": 5476,
            "revenue_4q": null,
            "common_shares": 487855,
            "book_valuer_per_share": 3.17,
            "book_valuer_per_share_4q_avg": 3.01,
            "equity": 154873,
            "current_ratio": 269.67,
            "debt_ratio": 47.63,
            "inventory_turnover_ratio": 0.97,
            "account_receivable_turnover_ratio": 0.78,
            "reinvestment_rate": null,
            "research_to_sale_ratio": 18.33,
            "price_fair": 0,
            "eps_avg_yearly": 0,
            "eps_latest_yearly": 0,
            "eps_growth_yearly": 0
        },
        "20174": {
            "year_quarter": 20174,
            "year": 2017,
            "quarter": 4,
            "eps": -0.22,
            "eps_growth_year": null,
            "eps_4q": 0.13,
            "eps_4q_growth_year": null,
            "roe": -7.24,
            "roe_4q": 16.67,
            "gross_profit": -2233,
            "gross_margin": -139.13,
            "gross_margin_4q_avg": -51.49,
            "net_income": -10827,
            "net_income_4q": null,
            "revenue": 1605,
            "revenue_4q": null,
            "common_shares": 487855,
            "book_valuer_per_share": 2.95,
            "book_valuer_per_share_4q_avg": 3.08,
            "equity": 144095,
            "current_ratio": 123.98,
            "debt_ratio": 39.36,
            "inventory_turnover_ratio": 0.45,
            "account_receivable_turnover_ratio": 0.59,
            "reinvestment_rate": null,
            "research_to_sale_ratio": -21.12,
            "price_fair": 0,
            "eps_avg_yearly": 0,
            "eps_latest_yearly": 0,
            "eps_growth_yearly": 0
        },
        "20181": {
            "year_quarter": 20181,
            "year": 2018,
            "quarter": 1,
            "eps": 0.08,
            "eps_growth_year": null,
            "eps_4q": 0.29,
            "eps_4q_growth_year": null,
            "roe": 2.72,
            "roe_4q": 23.740000000000002,
            "gross_profit": -1585,
            "gross_margin": -37.17,
            "gross_margin_4q_avg": -70.24,
            "net_income": 3952,
            "net_income_4q": null,
            "revenue": 4264,
            "revenue_4q": null,
            "common_shares": 487855,
            "book_valuer_per_share": 2.99,
            "book_valuer_per_share_4q_avg": 3.2,
            "equity": 146043,
            "current_ratio": 166.84,
            "debt_ratio": 39.02,
            "inventory_turnover_ratio": 0.75,
            "account_receivable_turnover_ratio": 2.56,
            "reinvestment_rate": null,
            "research_to_sale_ratio": 0,
            "price_fair": 0,
            "eps_avg_yearly": 0,
            "eps_latest_yearly": 0,
            "eps_growth_yearly": 0
        },
        "20182": {
            "year_quarter": 20182,
            "year": 2018,
            "quarter": 2,
            "eps": 0.65,
            "eps_growth_year": -44.44,
            "eps_4q": 0.24,
            "eps_4q_growth_year": null,
            "roe": 19.86,
            "roe_4q": 5.179999999999998,
            "gross_profit": 16712,
            "gross_margin": 14.58,
            "gross_margin_4q_avg": -70.12,
            "net_income": 31677,
            "net_income_4q": null,
            "revenue": 114640,
            "revenue_4q": null,
            "common_shares": 487855,
            "book_valuer_per_share": 3.54,
            "book_valuer_per_share_4q_avg": 3.16,
            "equity": 172904,
            "current_ratio": 104.93,
            "debt_ratio": 49.62,
            "inventory_turnover_ratio": 11,
            "account_receivable_turnover_ratio": 2.49,
            "reinvestment_rate": null,
            "research_to_sale_ratio": 0,
            "price_fair": 91,
            "eps_avg_yearly": 2.6,
            "eps_latest_yearly": 2.6,
            "eps_growth_yearly": 2850
        },
        "20183": {
            "year_quarter": 20183,
            "year": 2018,
            "quarter": 3,
            "eps": 0.29,
            "eps_growth_year": null,
            "eps_4q": 0.8,
            "eps_4q_growth_year": 418.35,
            "roe": 7.8,
            "roe_4q": 23.14,
            "gross_profit": 21476,
            "gross_margin": 10.51,
            "gross_margin_4q_avg": -37.8,
            "net_income": 14055,
            "net_income_4q": null,
            "revenue": 204367,
            "revenue_4q": null,
            "common_shares": 487855,
            "book_valuer_per_share": 3.84,
            "book_valuer_per_share_4q_avg": 3.33,
            "equity": 187288,
            "current_ratio": 110.35,
            "debt_ratio": 53.52,
            "inventory_turnover_ratio": 22.29,
            "account_receivable_turnover_ratio": 1.66,
            "reinvestment_rate": null,
            "research_to_sale_ratio": 0,
            "price_fair": 65.8,
            "eps_avg_yearly": 1.88,
            "eps_latest_yearly": 1.16,
            "eps_growth_yearly": 1314.23
        },
        "20184": {
            "year_quarter": 20184,
            "year": 2018,
            "quarter": 4,
            "eps": 0.05,
            "eps_growth_year": null,
            "eps_4q": 1.07,
            "eps_4q_growth_year": 742.85,
            "roe": 1.39,
            "roe_4q": 31.769999999999996,
            "gross_profit": 14791,
            "gross_margin": 18.76,
            "gross_margin_4q_avg": 1.67,
            "net_income": 2596,
            "net_income_4q": null,
            "revenue": 78844,
            "revenue_4q": null,
            "common_shares": 487855,
            "book_valuer_per_share": 3.83,
            "book_valuer_per_share_4q_avg": 3.55,
            "equity": 186784,
            "current_ratio": 111.44,
            "debt_ratio": 53.12,
            "inventory_turnover_ratio": 7.87,
            "account_receivable_turnover_ratio": 0.52,
            "reinvestment_rate": null,
            "research_to_sale_ratio": 0,
            "price_fair": 46.2,
            "eps_avg_yearly": 1.32,
            "eps_latest_yearly": 0.2,
            "eps_growth_yearly": 765.81
        },
        "20191": {
            "year_quarter": 20191,
            "year": 2019,
            "quarter": 1,
            "eps": 0.05,
            "eps_growth_year": -37.5,
            "eps_4q": 1.04,
            "eps_4q_growth_year": 262.72,
            "roe": 1.16,
            "roe_4q": 30.21,
            "gross_profit": 13193,
            "gross_margin": 11.25,
            "gross_margin_4q_avg": 13.78,
            "net_income": 2208,
            "net_income_4q": null,
            "revenue": 117319,
            "revenue_4q": null,
            "common_shares": 487855,
            "book_valuer_per_share": 3.99,
            "book_valuer_per_share_4q_avg": 3.8,
            "equity": 194760,
            "current_ratio": 119.44,
            "debt_ratio": 40.62,
            "inventory_turnover_ratio": 10.78,
            "account_receivable_turnover_ratio": 0.95,
            "reinvestment_rate": null,
            "research_to_sale_ratio": null,
            "price_fair": 36.4,
            "eps_avg_yearly": 1.04,
            "eps_latest_yearly": 0.2,
            "eps_growth_yearly": 574.36
        },
        "20192": {
            "year_quarter": 20192,
            "year": 2019,
            "quarter": 2,
            "eps": 0.11,
            "eps_growth_year": -83.08,
            "eps_4q": 0.49,
            "eps_4q_growth_year": 102.34,
            "roe": 2.62,
            "roe_4q": 12.969999999999999,
            "gross_profit": 18249,
            "gross_margin": 11.53,
            "gross_margin_4q_avg": 13.01,
            "net_income": 5162,
            "net_income_4q": null,
            "revenue": 158243,
            "revenue_4q": null,
            "common_shares": 487855,
            "book_valuer_per_share": 4.09,
            "book_valuer_per_share_4q_avg": 3.94,
            "equity": 199569,
            "current_ratio": 120.07,
            "debt_ratio": 43.07,
            "inventory_turnover_ratio": 16.73,
            "account_receivable_turnover_ratio": 1.5,
            "reinvestment_rate": null,
            "research_to_sale_ratio": null,
            "price_fair": 32.2,
            "eps_avg_yearly": 0.92,
            "eps_latest_yearly": 0.44,
            "eps_growth_yearly": 555.49
        },
        "20193": {
            "year_quarter": 20193,
            "year": 2019,
            "quarter": 3,
            "eps": 0.09,
            "eps_growth_year": -68.97,
            "eps_4q": 0.3,
            "eps_4q_growth_year": -62.51,
            "roe": 2.22,
            "roe_4q": 7.39,
            "gross_profit": 17314,
            "gross_margin": 11.9,
            "gross_margin_4q_avg": 13.36,
            "net_income": 4601,
            "net_income_4q": null,
            "revenue": 145479,
            "revenue_4q": null,
            "common_shares": 487855,
            "book_valuer_per_share": 4.39,
            "book_valuer_per_share_4q_avg": 4.08,
            "equity": 214361,
            "current_ratio": 118.3,
            "debt_ratio": 44.43,
            "inventory_turnover_ratio": 15.24,
            "account_receivable_turnover_ratio": 1.33,
            "reinvestment_rate": null,
            "research_to_sale_ratio": null,
            "price_fair": 28.93,
            "eps_avg_yearly": 0.83,
            "eps_latest_yearly": 0.36,
            "eps_growth_yearly": 450.78
        },
        "20194": {
            "year_quarter": 20194,
            "year": 2019,
            "quarter": 4,
            "eps": 0.08,
            "eps_growth_year": 51.8,
            "eps_4q": 0.43,
            "eps_4q_growth_year": -60.16,
            "roe": 1.31,
            "roe_4q": 7.3100000000000005,
            "gross_profit": 22858,
            "gross_margin": 15.18,
            "gross_margin_4q_avg": 12.47,
            "net_income": 2793,
            "net_income_4q": null,
            "revenue": 150569,
            "revenue_4q": null,
            "common_shares": 345889,
            "book_valuer_per_share": 6.1,
            "book_valuer_per_share_4q_avg": 4.64,
            "equity": 210909,
            "current_ratio": 120.55,
            "debt_ratio": 44.65,
            "inventory_turnover_ratio": 11.91,
            "account_receivable_turnover_ratio": 1.29,
            "reinvestment_rate": null,
            "research_to_sale_ratio": null,
            "price_fair": 26.4,
            "eps_avg_yearly": 0.75,
            "eps_latest_yearly": 0.32,
            "eps_growth_yearly": 380.04
        },
        "20201": {
            "year_quarter": 20201,
            "year": 2020,
            "quarter": 1,
            "eps": 0.07,
            "eps_growth_year": 40,
            "eps_4q": 0.43,
            "eps_4q_growth_year": -58.36,
            "roe": 1.11,
            "roe_4q": 7.260000000000001,
            "gross_profit": 13852,
            "gross_margin": 14.56,
            "gross_margin_4q_avg": 13.29,
            "net_income": 2362,
            "net_income_4q": null,
            "revenue": 95109,
            "revenue_4q": null,
            "common_shares": 345889,
            "book_valuer_per_share": 6.2,
            "book_valuer_per_share_4q_avg": 5.2,
            "equity": 214391,
            "current_ratio": 125.77,
            "debt_ratio": 38.14,
            "inventory_turnover_ratio": 6.7,
            "account_receivable_turnover_ratio": 0.87,
            "reinvestment_rate": null,
            "research_to_sale_ratio": null,
            "price_fair": 24.33,
            "eps_avg_yearly": 0.7,
            "eps_latest_yearly": 0.28,
            "eps_growth_yearly": 326.28
        },
        "20202": {
            "year_quarter": 20202,
            "year": 2020,
            "quarter": 2,
            "eps": 0,
            "eps_growth_year": -100,
            "eps_4q": 0.29,
            "eps_4q_growth_year": -41.81,
            "roe": 0.07,
            "roe_4q": 4.710000000000001,
            "gross_profit": 19768,
            "gross_margin": 12.8,
            "gross_margin_4q_avg": 13.61,
            "net_income": 151,
            "net_income_4q": null,
            "revenue": 154491,
            "revenue_4q": null,
            "common_shares": 345889,
            "book_valuer_per_share": 6.66,
            "book_valuer_per_share_4q_avg": 5.84,
            "equity": 230418,
            "current_ratio": 118.1,
            "debt_ratio": 43.72,
            "inventory_turnover_ratio": 11.2,
            "account_receivable_turnover_ratio": 1.44,
            "reinvestment_rate": null,
            "research_to_sale_ratio": null,
            "price_fair": 24.33,
            "eps_avg_yearly": 0.7,
            "eps_latest_yearly": 0.28,
            "eps_growth_yearly": 326.28
        },
        "20203": {
            "year_quarter": 20203,
            "year": 2020,
            "quarter": 3,
            "eps": 0.09,
            "eps_growth_year": 0,
            "eps_4q": 0.22,
            "eps_4q_growth_year": -27.05,
            "roe": 1.34,
            "roe_4q": 3.8300000000000005,
            "gross_profit": 18861,
            "gross_margin": 12.84,
            "gross_margin_4q_avg": 13.85,
            "net_income": 3534,
            "net_income_4q": null,
            "revenue": 146904,
            "revenue_4q": null,
            "common_shares": 405889,
            "book_valuer_per_share": 7.32,
            "book_valuer_per_share_4q_avg": 6.57,
            "equity": 297331,
            "current_ratio": 204.61,
            "debt_ratio": 26.64,
            "inventory_turnover_ratio": 7.47,
            "account_receivable_turnover_ratio": 1.14,
            "reinvestment_rate": -168.41,
            "research_to_sale_ratio": null,
            "price_fair": 24.33,
            "eps_avg_yearly": 0.7,
            "eps_latest_yearly": 0.28,
            "eps_growth_yearly": 326.28
        },
        "20204": {
            "year_quarter": 20204,
            "year": 2020,
            "quarter": 4,
            "eps": 0.02,
            "eps_growth_year": -76.82,
            "eps_4q": 0.17,
            "eps_4q_growth_year": -60.71,
            "roe": 0.25,
            "roe_4q": 2.7700000000000005,
            "gross_profit": 17219,
            "gross_margin": 12.8,
            "gross_margin_4q_avg": 13.25,
            "net_income": 759,
            "net_income_4q": null,
            "revenue": 134576,
            "revenue_4q": null,
            "common_shares": 405889,
            "book_valuer_per_share": 7.49,
            "book_valuer_per_share_4q_avg": 6.92,
            "equity": 304276,
            "current_ratio": 205.45,
            "debt_ratio": 30.84,
            "inventory_turnover_ratio": 7.06,
            "account_receivable_turnover_ratio": 0.9,
            "reinvestment_rate": -144.26,
            "research_to_sale_ratio": null,
            "price_fair": 21.93,
            "eps_avg_yearly": 0.63,
            "eps_latest_yearly": 0.08,
            "eps_growth_yearly": 255.46
        },
        "20211": {
            "year_quarter": 20211,
            "year": 2021,
            "quarter": 1,
            "eps": 0.04,
            "eps_growth_year": -42.86,
            "eps_4q": 0.15,
            "eps_4q_growth_year": -65.5,
            "roe": 0.52,
            "roe_4q": 2.18,
            "gross_profit": 15112,
            "gross_margin": 14.35,
            "gross_margin_4q_avg": 13.2,
            "net_income": 1595,
            "net_income_4q": null,
            "revenue": 105338,
            "revenue_4q": null,
            "common_shares": 405889,
            "book_valuer_per_share": 7.75,
            "book_valuer_per_share_4q_avg": 7.31,
            "equity": 314761,
            "current_ratio": 278.94,
            "debt_ratio": 26.51,
            "inventory_turnover_ratio": 7.88,
            "account_receivable_turnover_ratio": 0.67,
            "reinvestment_rate": -87.58,
            "research_to_sale_ratio": null,
            "price_fair": 20.3,
            "eps_avg_yearly": 0.58,
            "eps_latest_yearly": 0.16,
            "eps_growth_yearly": 269.91
        },
        "20212": {
            "year_quarter": 20212,
            "year": 2021,
            "quarter": 2,
            "eps": 0.09,
            "eps_growth_year": null,
            "eps_4q": 0.23,
            "eps_4q_growth_year": -19.45,
            "roe": 1.1,
            "roe_4q": 3.21,
            "gross_profit": 15837,
            "gross_margin": 10.96,
            "gross_margin_4q_avg": 12.74,
            "net_income": 3477,
            "net_income_4q": null,
            "revenue": 144485,
            "revenue_4q": null,
            "common_shares": 405889,
            "book_valuer_per_share": 7.83,
            "book_valuer_per_share_4q_avg": 7.6,
            "equity": 317973,
            "current_ratio": 170.25,
            "debt_ratio": 37.11,
            "inventory_turnover_ratio": 9.35,
            "account_receivable_turnover_ratio": 1.02,
            "reinvestment_rate": -47.22,
            "research_to_sale_ratio": null,
            "price_fair": 19.6,
            "eps_avg_yearly": 0.56,
            "eps_latest_yearly": 0.36,
            "eps_growth_yearly": 290.83
        },
        "20213": {
            "year_quarter": 20213,
            "year": 2021,
            "quarter": 3,
            "eps": -0.08,
            "eps_growth_year": -188.89,
            "eps_4q": 0.06,
            "eps_4q_growth_year": -70.79,
            "roe": -1.04,
            "roe_4q": 0.8300000000000001,
            "gross_profit": 2509,
            "gross_margin": 24.6,
            "gross_margin_4q_avg": 15.68,
            "net_income": -3251,
            "net_income_4q": null,
            "revenue": 10201,
            "revenue_4q": null,
            "common_shares": 405889,
            "book_valuer_per_share": 7.53,
            "book_valuer_per_share_4q_avg": 7.65,
            "equity": 305589,
            "current_ratio": 410.08,
            "debt_ratio": 9.69,
            "inventory_turnover_ratio": 0.49,
            "account_receivable_turnover_ratio": 0.13,
            "reinvestment_rate": -24.43,
            "research_to_sale_ratio": null,
            "price_fair": 19.6,
            "eps_avg_yearly": 0.56,
            "eps_latest_yearly": 0.36,
            "eps_growth_yearly": 290.83
        },
        "20214": {
            "year_quarter": 20214,
            "year": 2021,
            "quarter": 4,
            "eps": -0.42,
            "eps_growth_year": -2364.78,
            "eps_4q": -0.38,
            "eps_4q_growth_year": -326.01,
            "roe": -5.78,
            "roe_4q": -5.200000000000001,
            "gross_profit": 398,
            "gross_margin": 7.96,
            "gross_margin_4q_avg": 14.47,
            "net_income": -17211,
            "net_income_4q": null,
            "revenue": 5003,
            "revenue_4q": null,
            "common_shares": 405889,
            "book_valuer_per_share": 7.14,
            "book_valuer_per_share_4q_avg": 7.56,
            "equity": 290045,
            "current_ratio": 1020.41,
            "debt_ratio": 3.72,
            "inventory_turnover_ratio": 0.31,
            "account_receivable_turnover_ratio": 0.33,
            "reinvestment_rate": -29.14,
            "research_to_sale_ratio": null,
            "price_fair": 19.6,
            "eps_avg_yearly": 0.56,
            "eps_latest_yearly": 0.36,
            "eps_growth_yearly": 290.83
        },
        "20221": {
            "year_quarter": 20221,
            "year": 2022,
            "quarter": 1,
            "eps": -0.09,
            "eps_growth_year": -325,
            "eps_4q": -0.51,
            "eps_4q_growth_year": -442.62,
            "roe": -1.28,
            "roe_4q": -7.000000000000002,
            "gross_profit": 472,
            "gross_margin": 11.09,
            "gross_margin_4q_avg": 13.65,
            "net_income": -3718,
            "net_income_4q": null,
            "revenue": 4255,
            "revenue_4q": null,
            "common_shares": 405889,
            "book_valuer_per_share": 7.14,
            "book_valuer_per_share_4q_avg": 7.41,
            "equity": 290021,
            "current_ratio": 1970.69,
            "debt_ratio": 2.52,
            "inventory_turnover_ratio": 0.29,
            "account_receivable_turnover_ratio": 0.78,
            "reinvestment_rate": 106.31,
            "research_to_sale_ratio": null,
            "price_fair": 19.6,
            "eps_avg_yearly": 0.56,
            "eps_latest_yearly": 0.36,
            "eps_growth_yearly": 290.83
        },
        "20222": {
            "year_quarter": 20222,
            "year": 2022,
            "quarter": 2,
            "eps": -0.08,
            "eps_growth_year": -188.89,
            "eps_4q": -0.68,
            "eps_4q_growth_year": -393.07,
            "roe": -1.14,
            "roe_4q": -9.239999999999998,
            "gross_profit": 167,
            "gross_margin": 6.84,
            "gross_margin_4q_avg": 12.62,
            "net_income": -3276,
            "net_income_4q": null,
            "revenue": 2443,
            "revenue_4q": null,
            "common_shares": 405889,
            "book_valuer_per_share": 7.06,
            "book_valuer_per_share_4q_avg": 7.22,
            "equity": 286812,
            "current_ratio": 2120.69,
            "debt_ratio": 2.43,
            "inventory_turnover_ratio": 0.21,
            "account_receivable_turnover_ratio": 0.57,
            "reinvestment_rate": 63.6,
            "research_to_sale_ratio": null,
            "price_fair": 12.46,
            "eps_avg_yearly": 0.36,
            "eps_latest_yearly": 0.36,
            "eps_growth_yearly": 34.91
        },
        "20223": {
            "year_quarter": 20223,
            "year": 2022,
            "quarter": 3,
            "eps": 0.65,
            "eps_growth_year": null,
            "eps_4q": 0.05,
            "eps_4q_growth_year": -18.08,
            "roe": 8.77,
            "roe_4q": 0.5699999999999994,
            "gross_profit": -1465,
            "gross_margin": -98.59,
            "gross_margin_4q_avg": -18.18,
            "net_income": 26320,
            "net_income_4q": null,
            "revenue": 1486,
            "revenue_4q": null,
            "common_shares": 405889,
            "book_valuer_per_share": 7.72,
            "book_valuer_per_share_4q_avg": 7.27,
            "equity": 313253,
            "current_ratio": 2950.82,
            "debt_ratio": 2.55,
            "inventory_turnover_ratio": 0.36,
            "account_receivable_turnover_ratio": 0.42,
            "reinvestment_rate": 73.54,
            "research_to_sale_ratio": null,
            "price_fair": 9.33,
            "eps_avg_yearly": 0.27,
            "eps_latest_yearly": 0.36,
            "eps_growth_yearly": 63.41
        },
        "20224": {
            "year_quarter": 20224,
            "year": 2022,
            "quarter": 4,
            "eps": -0.11,
            "eps_growth_year": null,
            "eps_4q": 0.37,
            "eps_4q_growth_year": null,
            "roe": -1.42,
            "roe_4q": 4.93,
            "gross_profit": -60,
            "gross_margin": -5.36,
            "gross_margin_4q_avg": -21.51,
            "net_income": -4415,
            "net_income_4q": null,
            "revenue": 1120,
            "revenue_4q": null,
            "common_shares": 405889,
            "book_valuer_per_share": 7.61,
            "book_valuer_per_share_4q_avg": 7.38,
            "equity": 308777,
            "current_ratio": 2726.85,
            "debt_ratio": 2.65,
            "inventory_turnover_ratio": 0.19,
            "account_receivable_turnover_ratio": 0.37,
            "reinvestment_rate": 96.91,
            "research_to_sale_ratio": null,
            "price_fair": 9.63,
            "eps_avg_yearly": 0.28,
            "eps_latest_yearly": 0.36,
            "eps_growth_yearly": 112.71
        },
        "20231": {
            "year_quarter": 20231,
            "year": 2023,
            "quarter": 1,
            "eps": -0.08,
            "eps_growth_year": null,
            "eps_4q": 0.37,
            "eps_4q_growth_year": null,
            "roe": -1.11,
            "roe_4q": 5.1,
            "gross_profit": 236,
            "gross_margin": 23.62,
            "gross_margin_4q_avg": -18.37,
            "net_income": -3419,
            "net_income_4q": null,
            "revenue": 999,
            "revenue_4q": null,
            "common_shares": 405889,
            "book_valuer_per_share": 7.52,
            "book_valuer_per_share_4q_avg": 7.48,
            "equity": 305342,
            "current_ratio": 3125.61,
            "debt_ratio": 2.34,
            "inventory_turnover_ratio": 0.14,
            "account_receivable_turnover_ratio": 0.41,
            "reinvestment_rate": 131.22,
            "research_to_sale_ratio": null,
            "price_fair": 10,
            "eps_avg_yearly": 0.29,
            "eps_latest_yearly": 0.36,
            "eps_growth_yearly": 128.82
        },
        "20232": {
            "year_quarter": 20232,
            "year": 2023,
            "quarter": 2,
            "eps": -0.07,
            "eps_growth_year": null,
            "eps_4q": 0.38,
            "eps_4q_growth_year": null,
            "roe": -0.95,
            "roe_4q": 5.289999999999999,
            "gross_profit": -765,
            "gross_margin": -119.53,
            "gross_margin_4q_avg": -49.97,
            "net_income": -2902,
            "net_income_4q": null,
            "revenue": 640,
            "revenue_4q": null,
            "common_shares": 405889,
            "book_valuer_per_share": 7.45,
            "book_valuer_per_share_4q_avg": 7.58,
            "equity": 302481,
            "current_ratio": 4402.93,
            "debt_ratio": 1.81,
            "inventory_turnover_ratio": 0.31,
            "account_receivable_turnover_ratio": 0.44,
            "reinvestment_rate": 271.75,
            "research_to_sale_ratio": null,
            "price_fair": 9.1,
            "eps_avg_yearly": 0.26,
            "eps_latest_yearly": 0.36,
            "eps_growth_yearly": 70.29
        },
        "20233": {
            "year_quarter": 20233,
            "year": 2023,
            "quarter": 3,
            "eps": -0.04,
            "eps_growth_year": -106.15,
            "eps_4q": -0.3,
            "eps_4q_growth_year": -675.81,
            "roe": -0.48,
            "roe_4q": -3.96,
            "gross_profit": 82,
            "gross_margin": 15.44,
            "gross_margin_4q_avg": -21.46,
            "net_income": -1449,
            "net_income_4q": null,
            "revenue": 531,
            "revenue_4q": null,
            "common_shares": 405889,
            "book_valuer_per_share": 7.42,
            "book_valuer_per_share_4q_avg": 7.5,
            "equity": 301098,
            "current_ratio": 4426.11,
            "debt_ratio": 1.88,
            "inventory_turnover_ratio": 0.11,
            "account_receivable_turnover_ratio": 0.51,
            "reinvestment_rate": 1440.57,
            "research_to_sale_ratio": null,
            "price_fair": 8.4,
            "eps_avg_yearly": 0.24,
            "eps_latest_yearly": 0.36,
            "eps_growth_yearly": 98.89
        }
    },
    "months": {
        "2003-01": {
            "month": "2003-01",
            "price": "33.86",
            "revenue": 189751
        },
        "2003-02": {
            "month": "2003-02",
            "price": "31.01",
            "revenue": 110835
        },
        "2003-03": {
            "month": "2003-03",
            "price": "26.01",
            "revenue": 248232
        },
        "2003-04": {
            "month": "2003-04",
            "price": "22.51",
            "revenue": 240240
        },
        "2003-05": {
            "month": "2003-05",
            "price": "23.58",
            "revenue": 181542
        },
        "2003-06": {
            "month": "2003-06",
            "price": "26.38",
            "revenue": 218923
        },
        "2003-07": {
            "month": "2003-07",
            "price": "25.77",
            "revenue": 256675
        },
        "2003-08": {
            "month": "2003-08",
            "price": "23.92",
            "revenue": 180064
        },
        "2003-09": {
            "month": "2003-09",
            "price": "19.98",
            "revenue": 190183
        },
        "2003-10": {
            "month": "2003-10",
            "price": "17.92",
            "revenue": 238191
        },
        "2003-11": {
            "month": "2003-11",
            "price": "15.22",
            "revenue": 203083
        },
        "2003-12": {
            "month": "2003-12",
            "price": "15.93",
            "revenue": 209405
        },
        "2004-01": {
            "month": "2004-01",
            "price": "15.83",
            "revenue": 232437
        },
        "2004-02": {
            "month": "2004-02",
            "price": "17.56",
            "revenue": 211434
        },
        "2004-03": {
            "month": "2004-03",
            "price": "18.41",
            "revenue": 222225
        },
        "2004-04": {
            "month": "2004-04",
            "price": "21.78",
            "revenue": 204635
        },
        "2004-05": {
            "month": "2004-05",
            "price": "21.75",
            "revenue": 164464
        },
        "2004-06": {
            "month": "2004-06",
            "price": "21.20",
            "revenue": 207185
        },
        "2004-07": {
            "month": "2004-07",
            "price": "18.00",
            "revenue": 179407
        },
        "2004-08": {
            "month": "2004-08",
            "price": "16.41",
            "revenue": 173087
        },
        "2004-09": {
            "month": "2004-09",
            "price": "15.52",
            "revenue": 162806
        },
        "2004-10": {
            "month": "2004-10",
            "price": "13.20",
            "revenue": 140262
        },
        "2004-11": {
            "month": "2004-11",
            "price": "12.58",
            "revenue": 230748
        },
        "2004-12": {
            "month": "2004-12",
            "price": "12.87",
            "revenue": 200574
        },
        "2005-01": {
            "month": "2005-01",
            "price": "12.15",
            "revenue": 226947
        },
        "2005-02": {
            "month": "2005-02",
            "price": "13.15",
            "revenue": 109713
        },
        "2005-03": {
            "month": "2005-03",
            "price": "13.26",
            "revenue": 135766
        },
        "2005-04": {
            "month": "2005-04",
            "price": "12.69",
            "revenue": 173518
        },
        "2005-05": {
            "month": "2005-05",
            "price": "12.24",
            "revenue": 205257
        },
        "2005-06": {
            "month": "2005-06",
            "price": "12.74",
            "revenue": 172627
        },
        "2005-07": {
            "month": "2005-07",
            "price": "11.68",
            "revenue": 129099
        },
        "2005-08": {
            "month": "2005-08",
            "price": "10.68",
            "revenue": 176745
        },
        "2005-09": {
            "month": "2005-09",
            "price": "10.79",
            "revenue": 87265
        },
        "2005-10": {
            "month": "2005-10",
            "price": "10.60",
            "revenue": 150070
        },
        "2005-11": {
            "month": "2005-11",
            "price": "10.51",
            "revenue": 264916
        },
        "2005-12": {
            "month": "2005-12",
            "price": "9.74",
            "revenue": 204420
        },
        "2006-01": {
            "month": "2006-01",
            "price": "10.18",
            "revenue": 176509
        },
        "2006-02": {
            "month": "2006-02",
            "price": "11.82",
            "revenue": 103373
        },
        "2006-03": {
            "month": "2006-03",
            "price": "13.47",
            "revenue": 208333
        },
        "2006-04": {
            "month": "2006-04",
            "price": "11.79",
            "revenue": 156857
        },
        "2006-05": {
            "month": "2006-05",
            "price": "11.85",
            "revenue": 127740
        },
        "2006-06": {
            "month": "2006-06",
            "price": "11.76",
            "revenue": 153678
        },
        "2006-07": {
            "month": "2006-07",
            "price": "12.91",
            "revenue": 125975
        },
        "2006-08": {
            "month": "2006-08",
            "price": "12.13",
            "revenue": 205840
        },
        "2006-09": {
            "month": "2006-09",
            "price": "11.51",
            "revenue": 112428
        },
        "2006-10": {
            "month": "2006-10",
            "price": "10.88",
            "revenue": 112967
        },
        "2006-11": {
            "month": "2006-11",
            "price": "12.60",
            "revenue": 118419
        },
        "2006-12": {
            "month": "2006-12",
            "price": "13.15",
            "revenue": 132319
        },
        "2007-01": {
            "month": "2007-01",
            "price": "11.69",
            "revenue": 102581
        },
        "2007-02": {
            "month": "2007-02",
            "price": "10.56",
            "revenue": 116854
        },
        "2007-03": {
            "month": "2007-03",
            "price": "10.55",
            "revenue": 84769
        },
        "2007-04": {
            "month": "2007-04",
            "price": "12.02",
            "revenue": 103573
        },
        "2007-05": {
            "month": "2007-05",
            "price": "11.21",
            "revenue": 53703
        },
        "2007-06": {
            "month": "2007-06",
            "price": "11.82",
            "revenue": 70548
        },
        "2007-07": {
            "month": "2007-07",
            "price": "19.07",
            "revenue": 84074
        },
        "2007-08": {
            "month": "2007-08",
            "price": "19.59",
            "revenue": 70829
        },
        "2007-09": {
            "month": "2007-09",
            "price": "19.17",
            "revenue": 123762
        },
        "2007-10": {
            "month": "2007-10",
            "price": "16.40",
            "revenue": 113852
        },
        "2007-11": {
            "month": "2007-11",
            "price": "13.26",
            "revenue": 144422
        },
        "2007-12": {
            "month": "2007-12",
            "price": "10.22",
            "revenue": 107843
        },
        "2008-01": {
            "month": "2008-01",
            "price": "8.30",
            "revenue": 135311
        },
        "2008-02": {
            "month": "2008-02",
            "price": "8.19",
            "revenue": 98531
        },
        "2008-03": {
            "month": "2008-03",
            "price": "9.23",
            "revenue": 128093
        },
        "2008-04": {
            "month": "2008-04",
            "price": "9.78",
            "revenue": 140096
        },
        "2008-05": {
            "month": "2008-05",
            "price": "10.54",
            "revenue": 93286
        },
        "2008-06": {
            "month": "2008-06",
            "price": "9.27",
            "revenue": 119654
        },
        "2008-07": {
            "month": "2008-07",
            "price": "7.06",
            "revenue": 99391
        },
        "2008-08": {
            "month": "2008-08",
            "price": "5.80",
            "revenue": 63964
        },
        "2008-09": {
            "month": "2008-09",
            "price": "4.92",
            "revenue": 104809
        },
        "2008-10": {
            "month": "2008-10",
            "price": "4.03",
            "revenue": 96912
        },
        "2008-11": {
            "month": "2008-11",
            "price": "3.08",
            "revenue": 77242
        },
        "2008-12": {
            "month": "2008-12",
            "price": "3.13",
            "revenue": 123098
        },
        "2009-01": {
            "month": "2009-01",
            "price": "3.22",
            "revenue": 77885
        },
        "2009-02": {
            "month": "2009-02",
            "price": "3.77",
            "revenue": 75920
        },
        "2009-03": {
            "month": "2009-03",
            "price": "5.53",
            "revenue": 94075
        },
        "2009-04": {
            "month": "2009-04",
            "price": "6.07",
            "revenue": 54477
        },
        "2009-05": {
            "month": "2009-05",
            "price": "4.28",
            "revenue": 56197
        },
        "2009-06": {
            "month": "2009-06",
            "price": "3.41",
            "revenue": 26345
        },
        "2009-07": {
            "month": "2009-07",
            "price": "3.52",
            "revenue": 52393
        },
        "2009-08": {
            "month": "2009-08",
            "price": "3.80",
            "revenue": 47524
        },
        "2009-09": {
            "month": "2009-09",
            "price": "3.33",
            "revenue": 56408
        },
        "2009-10": {
            "month": "2009-10",
            "price": "7.11",
            "revenue": 40690
        },
        "2009-11": {
            "month": "2009-11",
            "price": "6.21",
            "revenue": 48976
        },
        "2009-12": {
            "month": "2009-12",
            "price": "5.88",
            "revenue": 98298
        },
        "2010-01": {
            "month": "2010-01",
            "price": "7.95",
            "revenue": 90140
        },
        "2010-02": {
            "month": "2010-02",
            "price": "9.86",
            "revenue": 70106
        },
        "2010-03": {
            "month": "2010-03",
            "price": "9.85",
            "revenue": 90701
        },
        "2010-04": {
            "month": "2010-04",
            "price": "13.78",
            "revenue": 89730
        },
        "2010-05": {
            "month": "2010-05",
            "price": "12.92",
            "revenue": 99026
        },
        "2010-06": {
            "month": "2010-06",
            "price": "13.11",
            "revenue": 92150
        },
        "2010-07": {
            "month": "2010-07",
            "price": "14.25",
            "revenue": 106787
        },
        "2010-08": {
            "month": "2010-08",
            "price": "13.94",
            "revenue": 84607
        },
        "2010-09": {
            "month": "2010-09",
            "price": "12.90",
            "revenue": 83371
        },
        "2010-10": {
            "month": "2010-10",
            "price": "11.67",
            "revenue": 60431
        },
        "2010-11": {
            "month": "2010-11",
            "price": "10.81",
            "revenue": 71035
        },
        "2010-12": {
            "month": "2010-12",
            "price": "11.50",
            "revenue": 53161
        },
        "2011-01": {
            "month": "2011-01",
            "price": "11.07",
            "revenue": 43670
        },
        "2011-02": {
            "month": "2011-02",
            "price": "10.60",
            "revenue": 19143
        },
        "2011-03": {
            "month": "2011-03",
            "price": "10.54",
            "revenue": 54055
        },
        "2011-04": {
            "month": "2011-04",
            "price": "10.04",
            "revenue": 37148
        },
        "2011-05": {
            "month": "2011-05",
            "price": "10.05",
            "revenue": 50283
        },
        "2011-06": {
            "month": "2011-06",
            "price": "10.09",
            "revenue": 32797
        },
        "2011-07": {
            "month": "2011-07",
            "price": "10.25",
            "revenue": 68173
        },
        "2011-08": {
            "month": "2011-08",
            "price": "9.83",
            "revenue": 60923
        },
        "2011-09": {
            "month": "2011-09",
            "price": "9.49",
            "revenue": 46269
        },
        "2011-10": {
            "month": "2011-10",
            "price": "9.06",
            "revenue": 36412
        },
        "2011-11": {
            "month": "2011-11",
            "price": "9.12",
            "revenue": 51696
        },
        "2011-12": {
            "month": "2011-12",
            "price": "9.01",
            "revenue": 36939
        },
        "2012-01": {
            "month": "2012-01",
            "price": "9.56",
            "revenue": 25473
        },
        "2012-02": {
            "month": "2012-02",
            "price": "10.63",
            "revenue": 26464
        },
        "2012-03": {
            "month": "2012-03",
            "price": "10.02",
            "revenue": 50969
        },
        "2012-04": {
            "month": "2012-04",
            "price": "9.20",
            "revenue": 28556
        },
        "2012-05": {
            "month": "2012-05",
            "price": "10.50",
            "revenue": 30250
        },
        "2012-06": {
            "month": "2012-06",
            "price": "10.32",
            "revenue": 33205
        },
        "2012-07": {
            "month": "2012-07",
            "price": "10.44",
            "revenue": 54381
        },
        "2012-08": {
            "month": "2012-08",
            "price": "10.73",
            "revenue": 31191
        },
        "2012-09": {
            "month": "2012-09",
            "price": "11.12",
            "revenue": 14975
        },
        "2012-10": {
            "month": "2012-10",
            "price": "10.22",
            "revenue": 26100
        },
        "2012-11": {
            "month": "2012-11",
            "price": "9.58",
            "revenue": 12650
        },
        "2012-12": {
            "month": "2012-12",
            "price": "9.32",
            "revenue": 38041
        },
        "2013-01": {
            "month": "2013-01",
            "price": "9.40",
            "revenue": 42941
        },
        "2013-02": {
            "month": "2013-02",
            "price": "9.25",
            "revenue": 15452
        },
        "2013-03": {
            "month": "2013-03",
            "price": "9.12",
            "revenue": 30251
        },
        "2013-04": {
            "month": "2013-04",
            "price": "8.96",
            "revenue": 24513
        },
        "2013-05": {
            "month": "2013-05",
            "price": "8.74",
            "revenue": 31794
        },
        "2013-06": {
            "month": "2013-06",
            "price": "8.82",
            "revenue": 19414
        },
        "2013-07": {
            "month": "2013-07",
            "price": "8.74",
            "revenue": 45664
        },
        "2013-08": {
            "month": "2013-08",
            "price": "8.69",
            "revenue": 22628
        },
        "2013-09": {
            "month": "2013-09",
            "price": "8.65",
            "revenue": 7072
        },
        "2013-10": {
            "month": "2013-10",
            "price": "8.62",
            "revenue": 18121
        },
        "2013-11": {
            "month": "2013-11",
            "price": "7.53",
            "revenue": 27264
        },
        "2013-12": {
            "month": "2013-12",
            "price": "7.72",
            "revenue": 79968
        },
        "2014-01": {
            "month": "2014-01",
            "price": "8.40",
            "revenue": 32429
        },
        "2014-02": {
            "month": "2014-02",
            "price": "10.23",
            "revenue": 18459
        },
        "2014-03": {
            "month": "2014-03",
            "price": "10.70",
            "revenue": 11098
        },
        "2014-04": {
            "month": "2014-04",
            "price": "9.70",
            "revenue": 15265
        },
        "2014-05": {
            "month": "2014-05",
            "price": "9.12",
            "revenue": 15465
        },
        "2014-06": {
            "month": "2014-06",
            "price": "9.49",
            "revenue": 19539
        },
        "2014-07": {
            "month": "2014-07",
            "price": "10.01",
            "revenue": 15636
        },
        "2014-08": {
            "month": "2014-08",
            "price": "9.34",
            "revenue": 10835
        },
        "2014-09": {
            "month": "2014-09",
            "price": "9.89",
            "revenue": 8216
        },
        "2014-10": {
            "month": "2014-10",
            "price": "9.96",
            "revenue": 6294
        },
        "2014-11": {
            "month": "2014-11",
            "price": "9.55",
            "revenue": 3676
        },
        "2014-12": {
            "month": "2014-12",
            "price": "9.47",
            "revenue": 28139
        },
        "2015-01": {
            "month": "2015-01",
            "price": "10.10",
            "revenue": 17262
        },
        "2015-02": {
            "month": "2015-02",
            "price": "11.12",
            "revenue": 3594
        },
        "2015-03": {
            "month": "2015-03",
            "price": "14.62",
            "revenue": 3013
        },
        "2015-04": {
            "month": "2015-04",
            "price": "15.37",
            "revenue": 8237
        },
        "2015-05": {
            "month": "2015-05",
            "price": "12.30",
            "revenue": 10595
        },
        "2015-06": {
            "month": "2015-06",
            "price": "10.81",
            "revenue": 6397
        },
        "2015-07": {
            "month": "2015-07",
            "price": "9.29",
            "revenue": 4586
        },
        "2015-08": {
            "month": "2015-08",
            "price": "7.70",
            "revenue": 5701
        },
        "2015-09": {
            "month": "2015-09",
            "price": "7.43",
            "revenue": 3056
        },
        "2015-10": {
            "month": "2015-10",
            "price": "7.57",
            "revenue": 3501
        },
        "2015-11": {
            "month": "2015-11",
            "price": "7.73",
            "revenue": 3150
        },
        "2015-12": {
            "month": "2015-12",
            "price": "7.34",
            "revenue": 28563
        },
        "2016-01": {
            "month": "2016-01",
            "price": "6.54",
            "revenue": 15131
        },
        "2016-02": {
            "month": "2016-02",
            "price": "7.40",
            "revenue": 63499
        },
        "2016-03": {
            "month": "2016-03",
            "price": "9.58",
            "revenue": 4084
        },
        "2016-04": {
            "month": "2016-04",
            "price": "6.69",
            "revenue": 10149
        },
        "2016-05": {
            "month": "2016-05",
            "price": "4.28",
            "revenue": 9345
        },
        "2016-06": {
            "month": "2016-06",
            "price": "3.82",
            "revenue": 7249
        },
        "2017-01": {
            "month": "2017-01",
            "price": "6.78",
            "revenue": 11331
        },
        "2017-02": {
            "month": "2017-02",
            "price": "6.04",
            "revenue": 1774
        },
        "2017-03": {
            "month": "2017-03",
            "price": "7.05",
            "revenue": 8650
        },
        "2017-04": {
            "month": "2017-04",
            "price": "6.83",
            "revenue": 6164
        },
        "2017-05": {
            "month": "2017-05",
            "price": "6.20",
            "revenue": 1977
        },
        "2017-06": {
            "month": "2017-06",
            "price": "6.24",
            "revenue": 11267
        },
        "2017-07": {
            "month": "2017-07",
            "price": "5.10",
            "revenue": 1360
        },
        "2017-08": {
            "month": "2017-08",
            "price": "3.89",
            "revenue": 2228
        },
        "2017-09": {
            "month": "2017-09",
            "price": "5.93",
            "revenue": 1888
        },
        "2017-10": {
            "month": "2017-10",
            "price": "8.42",
            "revenue": 1001
        },
        "2017-11": {
            "month": "2017-11",
            "price": "9.07",
            "revenue": 152
        },
        "2017-12": {
            "month": "2017-12",
            "price": "8.94",
            "revenue": 452
        },
        "2018-01": {
            "month": "2018-01",
            "price": "7.76",
            "revenue": 2376
        },
        "2018-02": {
            "month": "2018-02",
            "price": "7.54",
            "revenue": 733
        },
        "2018-03": {
            "month": "2018-03",
            "price": "10.99",
            "revenue": 1155
        },
        "2018-04": {
            "month": "2018-04",
            "price": "11.40",
            "revenue": 18252
        },
        "2018-05": {
            "month": "2018-05",
            "price": "10.05",
            "revenue": 51707
        },
        "2018-06": {
            "month": "2018-06",
            "price": "12.36",
            "revenue": 44681
        },
        "2018-07": {
            "month": "2018-07",
            "price": "13.18",
            "revenue": 78608
        },
        "2018-08": {
            "month": "2018-08",
            "price": "13.07",
            "revenue": 71504
        },
        "2018-09": {
            "month": "2018-09",
            "price": "12.05",
            "revenue": 54255
        },
        "2018-10": {
            "month": "2018-10",
            "price": "12.18",
            "revenue": 50593
        },
        "2018-11": {
            "month": "2018-11",
            "price": "12.31",
            "revenue": 56340
        },
        "2018-12": {
            "month": "2018-12",
            "price": "10.24",
            "revenue": 62669
        },
        "2019-01": {
            "month": "2019-01",
            "price": "10.77",
            "revenue": 63795
        },
        "2019-06": {
            "month": "2019-06",
            "price": "11.10",
            "revenue": 41191
        },
        "2019-07": {
            "month": "2019-07",
            "price": "12.01",
            "revenue": 48989
        },
        "2019-08": {
            "month": "2019-08",
            "price": "13.87",
            "revenue": 47742
        },
        "2019-09": {
            "month": "2019-09",
            "price": "12.70",
            "revenue": 48747
        },
        "2019-10": {
            "month": "2019-10",
            "price": "11.75",
            "revenue": 34399
        },
        "2019-11": {
            "month": "2019-11",
            "price": "10.95",
            "revenue": 48521
        },
        "2019-12": {
            "month": "2019-12",
            "price": "10.03",
            "revenue": 67649
        },
        "2020-01": {
            "month": "2020-01",
            "price": "12.31",
            "revenue": 44642
        },
        "2020-02": {
            "month": "2020-02",
            "price": "14.55",
            "revenue": 6904
        },
        "2020-03": {
            "month": "2020-03",
            "price": "12.77",
            "revenue": 43563
        },
        "2020-04": {
            "month": "2020-04",
            "price": "11.96",
            "revenue": 45571
        },
        "2020-05": {
            "month": "2020-05",
            "price": "12.43",
            "revenue": 57567
        },
        "2020-06": {
            "month": "2020-06",
            "price": "12.72",
            "revenue": 51353
        },
        "2020-07": {
            "month": "2020-07",
            "price": "14.07",
            "revenue": 38360
        },
        "2020-08": {
            "month": "2020-08",
            "price": "13.62",
            "revenue": 54941
        },
        "2020-09": {
            "month": "2020-09",
            "price": "15.05",
            "revenue": 53604
        },
        "2020-10": {
            "month": "2020-10",
            "price": "15.46",
            "revenue": 28352
        },
        "2020-11": {
            "month": "2020-11",
            "price": "15.40",
            "revenue": 45980
        },
        "2020-12": {
            "month": "2020-12",
            "price": "14.80",
            "revenue": 60244
        },
        "2021-01": {
            "month": "2021-01",
            "price": "14.88",
            "revenue": 48259
        },
        "2021-02": {
            "month": "2021-02",
            "price": "14.51",
            "revenue": 28516
        },
        "2021-03": {
            "month": "2021-03",
            "price": "15.21",
            "revenue": 28564
        },
        "2021-04": {
            "month": "2021-04",
            "price": "16.14",
            "revenue": 46151
        },
        "2021-05": {
            "month": "2021-05",
            "price": "14.15",
            "revenue": 52650
        },
        "2021-06": {
            "month": "2021-06",
            "price": "12.80",
            "revenue": 45683
        },
        "2021-07": {
            "month": "2021-07",
            "price": "15.38",
            "revenue": 5924
        },
        "2021-08": {
            "month": "2021-08",
            "price": "15.24",
            "revenue": 1872
        },
        "2021-09": {
            "month": "2021-09",
            "price": "14.81",
            "revenue": 2405
        },
        "2021-10": {
            "month": "2021-10",
            "price": "13.86",
            "revenue": 2354
        },
        "2021-11": {
            "month": "2021-11",
            "price": "14.92",
            "revenue": 1393
        },
        "2021-12": {
            "month": "2021-12",
            "price": "14.97",
            "revenue": 2132
        },
        "2022-01": {
            "month": "2022-01",
            "price": "14.74",
            "revenue": 1391
        },
        "2022-02": {
            "month": "2022-02",
            "price": "14.70",
            "revenue": 1138
        },
        "2022-03": {
            "month": "2022-03",
            "price": "14.84",
            "revenue": 1726
        },
        "2022-04": {
            "month": "2022-04",
            "price": "15.33",
            "revenue": 974
        },
        "2022-05": {
            "month": "2022-05",
            "price": "16.53",
            "revenue": 1055
        },
        "2022-06": {
            "month": "2022-06",
            "price": "14.53",
            "revenue": 414
        },
        "2022-07": {
            "month": "2022-07",
            "price": "14.63",
            "revenue": 793
        },
        "2022-08": {
            "month": "2022-08",
            "price": "16.85",
            "revenue": 242
        },
        "2022-09": {
            "month": "2022-09",
            "price": "18.29",
            "revenue": 450
        },
        "2022-10": {
            "month": "2022-10",
            "price": "16.55",
            "revenue": 465
        },
        "2022-11": {
            "month": "2022-11",
            "price": "16.02",
            "revenue": 387
        },
        "2022-12": {
            "month": "2022-12",
            "price": "15.36",
            "revenue": 268
        },
        "2023-01": {
            "month": "2023-01",
            "price": "14.81",
            "revenue": 188
        },
        "2023-02": {
            "month": "2023-02",
            "price": "14.28",
            "revenue": 161
        },
        "2023-03": {
            "month": "2023-03",
            "price": "15.96",
            "revenue": 651
        },
        "2023-04": {
            "month": "2023-04",
            "price": "15.29",
            "revenue": 173
        },
        "2023-05": {
            "month": "2023-05",
            "price": "15.11",
            "revenue": 250
        },
        "2023-06": {
            "month": "2023-06",
            "price": "16.42",
            "revenue": 216
        },
        "2023-07": {
            "month": "2023-07",
            "price": "30.32",
            "revenue": 118
        },
        "2023-08": {
            "month": "2023-08",
            "price": "30.22",
            "revenue": 267
        },
        "2023-09": {
            "month": "2023-09",
            "price": "22.42",
            "revenue": 147
        },
        "2023-10": {
            "month": "2023-10",
            "price": "22.05",
            "revenue": 114
        },
        "2023-11": {
            "month": "2023-11",
            "price": "22.12",
            "revenue": 35
        }
    }
}
