{
    "summary": {
        "stock_name": "旺矽",
        "stock_id": "6223",
        "category": "半導體",
        "main_business": "半導體測試零組件加工維修製造進出口買賣<br>電腦及週邊設備維護買賣研發<br>機械及其零件之進出口買賣",
        "website_url": "http://www.mpi.com.tw",
        "ceo": "郭遠明",
        "pe_ratio": 17,
        "report_year_from": 2001,
        "report_year_to": 2023,
        "age": 22,
        "eps_negative_percentage": 5,
        "eps_growth_avg": {
            "last_all": 8.79,
            "last_2y": 39.78,
            "last_4y": 49.45,
            "last_8y": 34.1,
            "last_12y": 19.38,
            "last_16y": 7.45,
            "last_20y": null,
            "at_2006_last_3y": 20.64,
            "at_2007_last_3y": 19.21,
            "at_2008_last_3y": -17.06,
            "at_2009_last_3y": -28.34,
            "at_2010_last_3y": -49.36,
            "at_2011_last_3y": -53.63,
            "at_2012_last_3y": -56.84,
            "at_2013_last_3y": -24.78,
            "at_2014_last_3y": 3.08,
            "at_2015_last_3y": -3.89,
            "at_2016_last_3y": 32.5,
            "at_2017_last_3y": 14.92,
            "at_2018_last_3y": 18.25,
            "at_2019_last_3y": 36.15,
            "at_2020_last_3y": 27.95,
            "at_2021_last_3y": 43.39,
            "at_2022_last_3y": 36.82,
            "at_2023_last_3y": 36.82,
            "at_2006_last_all": 20.64,
            "at_2007_last_all": 15.91,
            "at_2008_last_all": 5.74,
            "at_2009_last_all": -9.36,
            "at_2010_last_all": -9.36,
            "at_2011_last_all": -10.17,
            "at_2012_last_all": -15.12,
            "at_2013_last_all": -13.99,
            "at_2014_last_all": -4.84,
            "at_2015_last_all": -8.08,
            "at_2016_last_all": -0.47,
            "at_2017_last_all": -5.73,
            "at_2018_last_all": 1.32,
            "at_2019_last_all": 2.98,
            "at_2020_last_all": 6.22,
            "at_2021_last_all": 5.18,
            "at_2022_last_all": 8.79,
            "at_2023_last_all": 8.79
        },
        "latest_eps": 13.05,
        "latest_price": 216,
        "latest_roe": 18.58,
        "latest_gross_margin": 48.45,
        "latest_equity": 6924790,
        "latest_revenue": 2017833,
        "latest_gross_profit": 977623,
        "latest_net_income": 342955,
        "latest_debt_ratio": 41.14,
        "latest_current_ratio": 173.61,
        "latest_account_receivable_turnover_ratio": 1.58,
        "latest_inventory_turnover_ratio": 0.37,
        "latest_reinvestment_rate": 15.73,
        "latest_research_to_sale_ratio": 10.08
    },
    "eps_dividends": {
        "2000": {
            "cash": 0,
            "stock": 2,
            "eps": 0
        },
        "2001": {
            "cash": 0,
            "stock": 4.2,
            "eps": 0
        },
        "2002": {
            "cash": 0,
            "stock": 2.19,
            "eps": 5.16
        },
        "2003": {
            "cash": 2.5,
            "stock": 1,
            "eps": 5.3
        },
        "2004": {
            "cash": 2.5,
            "stock": 1,
            "eps": 11.62
        },
        "2005": {
            "cash": 6.01,
            "stock": 2.07,
            "eps": 5.24
        },
        "2006": {
            "cash": 0,
            "stock": 1,
            "eps": 7.06
        },
        "2007": {
            "cash": 2.52,
            "stock": 1.01,
            "eps": 6.85
        },
        "2008": {
            "cash": 2.55,
            "stock": 1.02,
            "eps": 3.76
        },
        "2009": {
            "cash": 0.3,
            "stock": 0.3,
            "eps": -0.24
        },
        "2010": {
            "cash": 0,
            "stock": 0,
            "eps": 9.63
        },
        "2011": {
            "cash": 5.8,
            "stock": 0,
            "eps": 8.11
        },
        "2012": {
            "cash": 4.5,
            "stock": 0,
            "eps": 3.67
        },
        "2013": {
            "cash": 2.5,
            "stock": 0,
            "eps": 3.53
        },
        "2014": {
            "cash": 2.1,
            "stock": 0,
            "eps": 6.59
        },
        "2015": {
            "cash": 4,
            "stock": 0,
            "eps": 3.71
        },
        "2016": {
            "cash": 3,
            "stock": 0,
            "eps": 7.08
        },
        "2017": {
            "cash": 4.2,
            "stock": 0,
            "eps": 1.83
        },
        "2018": {
            "cash": 0.5,
            "stock": 0,
            "eps": 4.19
        },
        "2019": {
            "cash": 2,
            "stock": 0,
            "eps": 5.36
        },
        "2020": {
            "cash": 2.5,
            "stock": 0,
            "eps": 8.47
        },
        "2021": {
            "cash": 4.5,
            "stock": 0,
            "eps": 7.42
        },
        "2022": {
            "cash": 4,
            "stock": 0,
            "eps": 12.89
        },
        "2023": {
            "cash": 7,
            "stock": 0,
            "eps": 6.62
        }
    },
    "dividends": {
        "2000-06-01": {
            "cash": 0,
            "stock": 2
        },
        "2001-04-16": {
            "cash": 0,
            "stock": 4.2
        },
        "2002-04-18": {
            "cash": 0,
            "stock": 2.19
        },
        "2003-06-20": {
            "cash": 2.5,
            "stock": 1
        },
        "2004-03-11": {
            "cash": 2.5,
            "stock": 1
        },
        "2005-03-11": {
            "cash": 6.01,
            "stock": 2.07
        },
        "2006-04-24": {
            "cash": 0,
            "stock": 1
        },
        "2007-04-12": {
            "cash": 2.52,
            "stock": 1.01
        },
        "2008-04-11": {
            "cash": 2.55,
            "stock": 1.02
        },
        "2009-04-28": {
            "cash": 0.3,
            "stock": 0.3
        },
        "2011-03-28": {
            "cash": 5.8,
            "stock": 0
        },
        "2012-06-15": {
            "cash": 4.5,
            "stock": 0
        },
        "2013-06-17": {
            "cash": 2.5,
            "stock": 0
        },
        "2014-09-05": {
            "cash": 2.1,
            "stock": 0
        },
        "2015-09-25": {
            "cash": 4,
            "stock": 0
        },
        "2016-09-12": {
            "cash": 3,
            "stock": 0
        },
        "2017-10-02": {
            "cash": 4.2,
            "stock": 0
        },
        "2018-09-21": {
            "cash": 0.5,
            "stock": 0
        },
        "2019-09-23": {
            "cash": 2,
            "stock": 0
        },
        "2020-08-07": {
            "cash": 2.5,
            "stock": 0
        },
        "2021-08-06": {
            "cash": 4.5,
            "stock": 0
        },
        "2022-08-05": {
            "cash": 4,
            "stock": 0
        },
        "2023-08-04": {
            "cash": 7,
            "stock": 0
        }
    },
    "prices": {
        "200101": "無",
        "200102": "無",
        "200103": "無",
        "200104": "無",
        "200105": "無",
        "200106": "無",
        "200107": "無",
        "200108": "無",
        "200109": "無",
        "200110": "無",
        "200111": "無",
        "200112": "無",
        "200201": "無",
        "200202": "無",
        "200203": "無",
        "200204": "無",
        "200205": "無",
        "200206": "無",
        "200207": "無",
        "200208": "無",
        "200209": "無",
        "200210": "無",
        "200211": "無",
        "200212": "無",
        "200301": "50.48",
        "200302": "49.98",
        "200303": "48.23",
        "200304": "46.06",
        "200305": "43.24",
        "200306": "44.63",
        "200307": "46.07",
        "200308": "45.13",
        "200309": "47.28",
        "200310": "53.89",
        "200311": "54.95",
        "200312": "55.59",
        "200401": "62.33",
        "200402": "81.25",
        "200403": "75.48",
        "200404": "94.16",
        "200405": "93.45",
        "200406": "86.00",
        "200407": "82.23",
        "200408": "76.58",
        "200409": "91.26",
        "200410": "85.95",
        "200411": "82.48",
        "200412": "79.91",
        "200501": "74.05",
        "200502": "84.08",
        "200503": "89.39",
        "200504": "85.07",
        "200505": "78.03",
        "200506": "81.37",
        "200507": "84.53",
        "200508": "71.55",
        "200509": "64.35",
        "200510": "64.40",
        "200511": "64.19",
        "200512": "82.42",
        "200601": "89.17",
        "200602": "84.37",
        "200603": "88.95",
        "200604": "110.43",
        "200605": "117.21",
        "200606": "103.30",
        "200607": "88.17",
        "200608": "88.01",
        "200609": "86.66",
        "200610": "82.93",
        "200611": "79.40",
        "200612": "90.84",
        "200701": "106.92",
        "200702": "117.21",
        "200703": "118.74",
        "200704": "112.00",
        "200705": "111.93",
        "200706": "131.70",
        "200707": "151.93",
        "200708": "137.67",
        "200709": "122.69",
        "200710": "113.82",
        "200711": "103.29",
        "200712": "101.95",
        "200801": "76.53",
        "200802": "73.46",
        "200803": "77.23",
        "200804": "89.23",
        "200805": "96.54",
        "200806": "87.73",
        "200807": "75.39",
        "200808": "71.35",
        "200809": "44.65",
        "200810": "34.18",
        "200811": "22.66",
        "200812": "21.17",
        "200901": "20.99",
        "200902": "24.01",
        "200903": "27.92",
        "200904": "34.32",
        "200905": "38.78",
        "200906": "38.09",
        "200907": "38.73",
        "200908": "35.21",
        "200909": "35.85",
        "200910": "42.18",
        "200911": "57.07",
        "200912": "82.33",
        "201001": "101.84",
        "201002": "102.31",
        "201003": "117.17",
        "201004": "108.00",
        "201005": "118.36",
        "201006": "115.24",
        "201007": "115.09",
        "201008": "107.64",
        "201009": "96.27",
        "201010": "98.10",
        "201011": "94.76",
        "201012": "102.08",
        "201101": "117.22",
        "201102": "118.18",
        "201103": "125.61",
        "201104": "108.45",
        "201105": "108.31",
        "201106": "112.07",
        "201107": "99.30",
        "201108": "78.50",
        "201109": "80.42",
        "201110": "83.68",
        "201111": "79.13",
        "201112": "65.67",
        "201201": "67.01",
        "201202": "79.88",
        "201203": "79.81",
        "201204": "70.44",
        "201205": "63.20",
        "201206": "57.47",
        "201207": "59.50",
        "201208": "62.15",
        "201209": "63.60",
        "201210": "54.37",
        "201211": "44.76",
        "201212": "54.21",
        "201301": "56.11",
        "201302": "59.48",
        "201303": "66.50",
        "201304": "70.73",
        "201305": "64.84",
        "201306": "66.16",
        "201307": "68.70",
        "201308": "58.44",
        "201309": "53.06",
        "201310": "50.25",
        "201311": "54.19",
        "201312": "60.05",
        "201401": "69.19",
        "201402": "82.17",
        "201403": "95.23",
        "201404": "86.45",
        "201405": "87.10",
        "201406": "99.75",
        "201407": "102.05",
        "201408": "97.16",
        "201409": "99.47",
        "201410": "96.39",
        "201411": "104.32",
        "201412": "122.38",
        "201501": "112.22",
        "201502": "109.23",
        "201503": "111.00",
        "201504": "93.41",
        "201505": "88.24",
        "201506": "82.75",
        "201507": "73.25",
        "201508": "58.24",
        "201509": "55.93",
        "201510": "61.85",
        "201511": "66.71",
        "201512": "63.48",
        "201601": "54.46",
        "201602": "66.92",
        "201603": "82.50",
        "201604": "75.07",
        "201605": "74.55",
        "201606": "81.50",
        "201607": "84.90",
        "201608": "85.64",
        "201609": "84.73",
        "201610": "81.20",
        "201611": "81.92",
        "201612": "86.35",
        "201701": "95.58",
        "201702": "92.65",
        "201703": "92.48",
        "201704": "106.17",
        "201705": "106.80",
        "201706": "98.60",
        "201707": "91.34",
        "201708": "85.92",
        "201709": "77.40",
        "201710": "72.43",
        "201711": "70.86",
        "201712": "65.90",
        "201801": "69.81",
        "201802": "64.39",
        "201803": "62.61",
        "201804": "56.22",
        "201805": "55.74",
        "201806": "62.13",
        "201807": "60.66",
        "201808": "66.69",
        "201809": "64.08",
        "201810": "52.24",
        "201811": "51.90",
        "201812": "54.20",
        "201901": "61.38",
        "201902": "63.44",
        "201903": "65.72",
        "201904": "73.42",
        "201905": "65.03",
        "201906": "59.66",
        "201907": "65.87",
        "201908": "63.06",
        "201909": "65.34",
        "201910": "62.46",
        "201911": "64.28",
        "201912": "76.66",
        "202001": "76.78",
        "202002": "74.93",
        "202003": "57.65",
        "202004": "60.50",
        "202005": "77.13",
        "202006": "83.23",
        "202007": "133.11",
        "202008": "126.26",
        "202009": "106.82",
        "202010": "96.55",
        "202011": "112.29",
        "202012": "111.02",
        "202101": "117.50",
        "202102": "114.81",
        "202103": "115.59",
        "202104": "131.95",
        "202105": "107.30",
        "202106": "124.71",
        "202107": "141.95",
        "202108": "151.07",
        "202109": "128.25",
        "202110": "117.10",
        "202111": "119.34",
        "202112": "113.41",
        "202201": "114.42",
        "202202": "109.77",
        "202203": "102.76",
        "202204": "94.34",
        "202205": "98.22",
        "202206": "97.60",
        "202207": "83.83",
        "202208": "94.46",
        "202209": "89.80",
        "202210": "82.22",
        "202211": "100.11",
        "202212": "119.23",
        "202301": "117.04",
        "202302": "122.72",
        "202303": "128.22",
        "202304": "133.53",
        "202305": "144.57",
        "202306": "170.18",
        "202307": "186.45",
        "202308": "193.84",
        "202309": "209.65"
    },
    "quarters": {
        "20011": {
            "year_quarter": 20011,
            "year": 2001,
            "quarter": 1,
            "eps": null,
            "eps_growth_year": null,
            "eps_4q": null,
            "eps_4q_growth_year": null,
            "roe": null,
            "roe_4q": 0,
            "gross_profit": null,
            "gross_margin": null,
            "gross_margin_4q_avg": 0,
            "net_income": null,
            "revenue": null,
            "common_shares": null,
            "book_valuer_per_share": null,
            "book_valuer_per_share_4q_avg": 0,
            "equity": null,
            "current_ratio": null,
            "debt_ratio": null,
            "inventory_turnover_ratio": null,
            "account_receivable_turnover_ratio": null,
            "reinvestment_rate": null,
            "research_to_sale_ratio": null,
            "price_fair": 0,
            "eps_avg_yearly": 0,
            "eps_latest_yearly": 0,
            "eps_growth_yearly": 0
        },
        "20012": {
            "year_quarter": 20012,
            "year": 2001,
            "quarter": 2,
            "eps": null,
            "eps_growth_year": null,
            "eps_4q": null,
            "eps_4q_growth_year": null,
            "roe": null,
            "roe_4q": 0,
            "gross_profit": null,
            "gross_margin": null,
            "gross_margin_4q_avg": 0,
            "net_income": null,
            "revenue": null,
            "common_shares": null,
            "book_valuer_per_share": null,
            "book_valuer_per_share_4q_avg": 0,
            "equity": null,
            "current_ratio": null,
            "debt_ratio": null,
            "inventory_turnover_ratio": null,
            "account_receivable_turnover_ratio": null,
            "reinvestment_rate": null,
            "research_to_sale_ratio": null,
            "price_fair": 0,
            "eps_avg_yearly": 0,
            "eps_latest_yearly": 0,
            "eps_growth_yearly": 0
        },
        "20013": {
            "year_quarter": 20013,
            "year": 2001,
            "quarter": 3,
            "eps": null,
            "eps_growth_year": null,
            "eps_4q": null,
            "eps_4q_growth_year": null,
            "roe": null,
            "roe_4q": 0,
            "gross_profit": null,
            "gross_margin": null,
            "gross_margin_4q_avg": 0,
            "net_income": null,
            "revenue": null,
            "common_shares": null,
            "book_valuer_per_share": null,
            "book_valuer_per_share_4q_avg": 0,
            "equity": null,
            "current_ratio": null,
            "debt_ratio": null,
            "inventory_turnover_ratio": null,
            "account_receivable_turnover_ratio": null,
            "reinvestment_rate": null,
            "research_to_sale_ratio": null,
            "price_fair": 0,
            "eps_avg_yearly": 0,
            "eps_latest_yearly": 0,
            "eps_growth_yearly": 0
        },
        "20014": {
            "year_quarter": 20014,
            "year": 2001,
            "quarter": 4,
            "eps": null,
            "eps_growth_year": null,
            "eps_4q": null,
            "eps_4q_growth_year": null,
            "roe": null,
            "roe_4q": 0,
            "gross_profit": null,
            "gross_margin": null,
            "gross_margin_4q_avg": 0,
            "net_income": null,
            "revenue": null,
            "common_shares": 200000,
            "book_valuer_per_share": 15.96,
            "book_valuer_per_share_4q_avg": 3.99,
            "equity": 319292,
            "current_ratio": 421.7,
            "debt_ratio": 25.94,
            "inventory_turnover_ratio": null,
            "account_receivable_turnover_ratio": null,
            "reinvestment_rate": null,
            "research_to_sale_ratio": null,
            "price_fair": 0,
            "eps_avg_yearly": 0,
            "eps_latest_yearly": 0,
            "eps_growth_yearly": 0
        },
        "20021": {
            "year_quarter": 20021,
            "year": 2002,
            "quarter": 1,
            "eps": 0.66,
            "eps_growth_year": null,
            "eps_4q": null,
            "eps_4q_growth_year": null,
            "roe": 4.05,
            "roe_4q": 4.05,
            "gross_profit": 30959,
            "gross_margin": 40.64,
            "gross_margin_4q_avg": 10.16,
            "net_income": 13195,
            "revenue": 76172,
            "common_shares": 200000,
            "book_valuer_per_share": 16.62,
            "book_valuer_per_share_4q_avg": 8.15,
            "equity": 332487,
            "current_ratio": 461.68,
            "debt_ratio": 23.09,
            "inventory_turnover_ratio": 0.71,
            "account_receivable_turnover_ratio": null,
            "reinvestment_rate": null,
            "research_to_sale_ratio": null,
            "price_fair": 0,
            "eps_avg_yearly": 0,
            "eps_latest_yearly": 0,
            "eps_growth_yearly": 0
        },
        "20022": {
            "year_quarter": 20022,
            "year": 2002,
            "quarter": 2,
            "eps": 1.1,
            "eps_growth_year": null,
            "eps_4q": null,
            "eps_4q_growth_year": null,
            "roe": 7.33,
            "roe_4q": 11.379999999999999,
            "gross_profit": 53110,
            "gross_margin": 44.62,
            "gross_margin_4q_avg": 21.32,
            "net_income": 27917,
            "revenue": 119036,
            "common_shares": 300000,
            "book_valuer_per_share": 14.29,
            "book_valuer_per_share_4q_avg": 11.72,
            "equity": 428728,
            "current_ratio": 329.92,
            "debt_ratio": 24.55,
            "inventory_turnover_ratio": 0.97,
            "account_receivable_turnover_ratio": null,
            "reinvestment_rate": null,
            "research_to_sale_ratio": null,
            "price_fair": 154,
            "eps_avg_yearly": 4.4,
            "eps_latest_yearly": 4.4,
            "eps_growth_yearly": 266.67
        },
        "20023": {
            "year_quarter": 20023,
            "year": 2002,
            "quarter": 3,
            "eps": 2.3,
            "eps_growth_year": null,
            "eps_4q": null,
            "eps_4q_growth_year": null,
            "roe": 14.9,
            "roe_4q": 26.28,
            "gross_profit": 58723,
            "gross_margin": 49.37,
            "gross_margin_4q_avg": 33.66,
            "net_income": 69038,
            "revenue": 118955,
            "common_shares": 300000,
            "book_valuer_per_share": 16.59,
            "book_valuer_per_share_4q_avg": 15.87,
            "equity": 497765,
            "current_ratio": 347.57,
            "debt_ratio": 21.94,
            "inventory_turnover_ratio": 0.8,
            "account_receivable_turnover_ratio": null,
            "reinvestment_rate": null,
            "research_to_sale_ratio": null,
            "price_fair": 238,
            "eps_avg_yearly": 6.8,
            "eps_latest_yearly": 9.2,
            "eps_growth_yearly": 351.52
        },
        "20024": {
            "year_quarter": 20024,
            "year": 2002,
            "quarter": 4,
            "eps": 1.1,
            "eps_growth_year": null,
            "eps_4q": 5.09,
            "eps_4q_growth_year": null,
            "roe": 5.92,
            "roe_4q": 32.199999999999996,
            "gross_profit": 51985,
            "gross_margin": 49.78,
            "gross_margin_4q_avg": 46.1,
            "net_income": 30390,
            "revenue": 104431,
            "common_shares": 300000,
            "book_valuer_per_share": 17.66,
            "book_valuer_per_share_4q_avg": 16.29,
            "equity": 529716,
            "current_ratio": 454.41,
            "debt_ratio": 23.45,
            "inventory_turnover_ratio": 0.65,
            "account_receivable_turnover_ratio": null,
            "reinvestment_rate": null,
            "research_to_sale_ratio": null,
            "price_fair": 210,
            "eps_avg_yearly": 6,
            "eps_latest_yearly": 4.4,
            "eps_growth_yearly": 164.78
        },
        "20031": {
            "year_quarter": 20031,
            "year": 2003,
            "quarter": 1,
            "eps": 0.18,
            "eps_growth_year": -72.73,
            "eps_4q": 4.63,
            "eps_4q_growth_year": null,
            "roe": 0.97,
            "roe_4q": 29.119999999999997,
            "gross_profit": 33410,
            "gross_margin": 38.27,
            "gross_margin_4q_avg": 45.51,
            "net_income": 5156,
            "revenue": 87298,
            "common_shares": 300000,
            "book_valuer_per_share": 17.83,
            "book_valuer_per_share_4q_avg": 16.59,
            "equity": 534872,
            "current_ratio": 521.62,
            "debt_ratio": 19.22,
            "inventory_turnover_ratio": 0.67,
            "account_receivable_turnover_ratio": null,
            "reinvestment_rate": null,
            "research_to_sale_ratio": null,
            "price_fair": 163.8,
            "eps_avg_yearly": 4.68,
            "eps_latest_yearly": 0.72,
            "eps_growth_yearly": 39.95
        },
        "20032": {
            "year_quarter": 20032,
            "year": 2003,
            "quarter": 2,
            "eps": 1.81,
            "eps_growth_year": 64.55,
            "eps_4q": 5.3,
            "eps_4q_growth_year": null,
            "roe": 10.51,
            "roe_4q": 32.3,
            "gross_profit": 56951,
            "gross_margin": 44.06,
            "gross_margin_4q_avg": 45.37,
            "net_income": 54316,
            "revenue": 129261,
            "common_shares": 300000,
            "book_valuer_per_share": 16.63,
            "book_valuer_per_share_4q_avg": 17.18,
            "equity": 499010,
            "current_ratio": 204.31,
            "debt_ratio": 33.85,
            "inventory_turnover_ratio": 0.89,
            "account_receivable_turnover_ratio": null,
            "reinvestment_rate": null,
            "research_to_sale_ratio": null,
            "price_fair": 181.72,
            "eps_avg_yearly": 5.19,
            "eps_latest_yearly": 7.24,
            "eps_growth_yearly": 756.4
        },
        "20033": {
            "year_quarter": 20033,
            "year": 2003,
            "quarter": 3,
            "eps": 1.47,
            "eps_growth_year": -36.09,
            "eps_4q": 4.15,
            "eps_4q_growth_year": null,
            "roe": 9.4,
            "roe_4q": 26.799999999999997,
            "gross_profit": 54243,
            "gross_margin": 51.87,
            "gross_margin_4q_avg": 46,
            "net_income": 49305,
            "revenue": 104581,
            "common_shares": 334340,
            "book_valuer_per_share": 16.44,
            "book_valuer_per_share_4q_avg": 17.14,
            "equity": 549768,
            "current_ratio": 260.37,
            "debt_ratio": 26.32,
            "inventory_turnover_ratio": 0.56,
            "account_receivable_turnover_ratio": null,
            "reinvestment_rate": null,
            "research_to_sale_ratio": null,
            "price_fair": 185.73,
            "eps_avg_yearly": 5.31,
            "eps_latest_yearly": 5.88,
            "eps_growth_yearly": 617.81
        },
        "20034": {
            "year_quarter": 20034,
            "year": 2003,
            "quarter": 4,
            "eps": 1.84,
            "eps_growth_year": 67.27,
            "eps_4q": 5.09,
            "eps_4q_growth_year": 0.15,
            "roe": 10.59,
            "roe_4q": 31.47,
            "gross_profit": 92009,
            "gross_margin": 50.33,
            "gross_margin_4q_avg": 46.13,
            "net_income": 61500,
            "revenue": 182825,
            "common_shares": 334340,
            "book_valuer_per_share": 18.31,
            "book_valuer_per_share_4q_avg": 17.3,
            "equity": 612145,
            "current_ratio": 244.57,
            "debt_ratio": 37.85,
            "inventory_turnover_ratio": 0.91,
            "account_receivable_turnover_ratio": null,
            "reinvestment_rate": null,
            "research_to_sale_ratio": null,
            "price_fair": 196,
            "eps_avg_yearly": 5.6,
            "eps_latest_yearly": 7.36,
            "eps_growth_yearly": 543.94
        },
        "20041": {
            "year_quarter": 20041,
            "year": 2004,
            "quarter": 1,
            "eps": 2.09,
            "eps_growth_year": 1061.11,
            "eps_4q": 7.04,
            "eps_4q_growth_year": 52.17,
            "roe": 10.78,
            "roe_4q": 41.279999999999994,
            "gross_profit": 100071,
            "gross_margin": 55.24,
            "gross_margin_4q_avg": 50.38,
            "net_income": 69730,
            "revenue": 181151,
            "common_shares": 334340,
            "book_valuer_per_share": 20.39,
            "book_valuer_per_share_4q_avg": 17.94,
            "equity": 681875,
            "current_ratio": 237.13,
            "debt_ratio": 33.74,
            "inventory_turnover_ratio": 0.57,
            "account_receivable_turnover_ratio": null,
            "reinvestment_rate": null,
            "research_to_sale_ratio": null,
            "price_fair": 208.08,
            "eps_avg_yearly": 5.95,
            "eps_latest_yearly": 8.36,
            "eps_growth_yearly": 482.74
        },
        "20042": {
            "year_quarter": 20042,
            "year": 2004,
            "quarter": 2,
            "eps": 4.49,
            "eps_growth_year": 148.07,
            "eps_4q": 9.32,
            "eps_4q_growth_year": 75.98,
            "roe": 23.03,
            "roe_4q": 53.800000000000004,
            "gross_profit": 192301,
            "gross_margin": 57.38,
            "gross_margin_4q_avg": 53.71,
            "net_income": 167890,
            "revenue": 335110,
            "common_shares": 338031,
            "book_valuer_per_share": 22.97,
            "book_valuer_per_share_4q_avg": 19.53,
            "equity": 776447,
            "current_ratio": 190.34,
            "debt_ratio": 47.9,
            "inventory_turnover_ratio": 0.69,
            "account_receivable_turnover_ratio": null,
            "reinvestment_rate": null,
            "research_to_sale_ratio": null,
            "price_fair": 254.8,
            "eps_avg_yearly": 7.28,
            "eps_latest_yearly": 17.96,
            "eps_growth_yearly": 480.14
        },
        "20043": {
            "year_quarter": 20043,
            "year": 2004,
            "quarter": 3,
            "eps": 3.24,
            "eps_growth_year": 120.41,
            "eps_4q": 11.22,
            "eps_4q_growth_year": 170.43,
            "roe": 14.2,
            "roe_4q": 58.60000000000001,
            "gross_profit": 171284,
            "gross_margin": 55.83,
            "gross_margin_4q_avg": 54.7,
            "net_income": 121437,
            "revenue": 306791,
            "common_shares": 382174,
            "book_valuer_per_share": 24.45,
            "book_valuer_per_share_4q_avg": 21.53,
            "equity": 934484,
            "current_ratio": 259.98,
            "debt_ratio": 40.59,
            "inventory_turnover_ratio": 0.54,
            "account_receivable_turnover_ratio": null,
            "reinvestment_rate": null,
            "research_to_sale_ratio": null,
            "price_fair": 274.68,
            "eps_avg_yearly": 7.85,
            "eps_latest_yearly": 12.96,
            "eps_growth_yearly": 420.99
        },
        "20044": {
            "year_quarter": 20044,
            "year": 2004,
            "quarter": 4,
            "eps": 1.8,
            "eps_growth_year": -2.17,
            "eps_4q": 11.31,
            "eps_4q_growth_year": 122.07,
            "roe": 6.87,
            "roe_4q": 54.88,
            "gross_profit": 134068,
            "gross_margin": 50.1,
            "gross_margin_4q_avg": 54.64,
            "net_income": 67938,
            "revenue": 267607,
            "common_shares": 388775,
            "book_valuer_per_share": 26.83,
            "book_valuer_per_share_4q_avg": 23.66,
            "equity": 1043131,
            "current_ratio": 325.85,
            "debt_ratio": 33.86,
            "inventory_turnover_ratio": 0.52,
            "account_receivable_turnover_ratio": null,
            "reinvestment_rate": null,
            "research_to_sale_ratio": null,
            "price_fair": 272.62,
            "eps_avg_yearly": 7.79,
            "eps_latest_yearly": 7.2,
            "eps_growth_yearly": 366.55
        },
        "20051": {
            "year_quarter": 20051,
            "year": 2005,
            "quarter": 1,
            "eps": 1.46,
            "eps_growth_year": -30.14,
            "eps_4q": 10.59,
            "eps_4q_growth_year": 50.42,
            "roe": 5.22,
            "roe_4q": 49.32,
            "gross_profit": 101047,
            "gross_margin": 48.85,
            "gross_margin_4q_avg": 53.04,
            "net_income": 57143,
            "revenue": 206860,
            "common_shares": 395556,
            "book_valuer_per_share": 28.97,
            "book_valuer_per_share_4q_avg": 25.81,
            "equity": 1145774,
            "current_ratio": 434.85,
            "debt_ratio": 25.3,
            "inventory_turnover_ratio": 0.46,
            "account_receivable_turnover_ratio": null,
            "reinvestment_rate": null,
            "research_to_sale_ratio": null,
            "price_fair": 266.93,
            "eps_avg_yearly": 7.63,
            "eps_latest_yearly": 5.84,
            "eps_growth_yearly": 329.71
        },
        "20052": {
            "year_quarter": 20052,
            "year": 2005,
            "quarter": 2,
            "eps": 1.34,
            "eps_growth_year": -70.16,
            "eps_4q": 6.38,
            "eps_4q_growth_year": -31.48,
            "roe": 6.31,
            "roe_4q": 32.599999999999994,
            "gross_profit": 105569,
            "gross_margin": 49.83,
            "gross_margin_4q_avg": 51.15,
            "net_income": 65480,
            "revenue": 211851,
            "common_shares": 395764,
            "book_valuer_per_share": 23.5,
            "book_valuer_per_share_4q_avg": 25.94,
            "equity": 930063,
            "current_ratio": 174.54,
            "debt_ratio": 41.04,
            "inventory_turnover_ratio": 0.51,
            "account_receivable_turnover_ratio": null,
            "reinvestment_rate": null,
            "research_to_sale_ratio": null,
            "price_fair": 260.83,
            "eps_avg_yearly": 7.45,
            "eps_latest_yearly": 5.36,
            "eps_growth_yearly": 301.82
        },
        "20053": {
            "year_quarter": 20053,
            "year": 2005,
            "quarter": 3,
            "eps": 1,
            "eps_growth_year": -69.14,
            "eps_4q": 4.91,
            "eps_4q_growth_year": -56.28,
            "roe": 5.07,
            "roe_4q": 23.47,
            "gross_profit": 99001,
            "gross_margin": 48.99,
            "gross_margin_4q_avg": 49.44,
            "net_income": 48792,
            "revenue": 202076,
            "common_shares": 492533,
            "book_valuer_per_share": 20.18,
            "book_valuer_per_share_4q_avg": 24.87,
            "equity": 994055,
            "current_ratio": 245.45,
            "debt_ratio": 32.14,
            "inventory_turnover_ratio": 0.51,
            "account_receivable_turnover_ratio": null,
            "reinvestment_rate": null,
            "research_to_sale_ratio": null,
            "price_fair": 252.2,
            "eps_avg_yearly": 7.21,
            "eps_latest_yearly": 4,
            "eps_growth_yearly": 273.01
        },
        "20054": {
            "year_quarter": 20054,
            "year": 2005,
            "quarter": 4,
            "eps": 1.44,
            "eps_growth_year": -20,
            "eps_4q": 4.93,
            "eps_4q_growth_year": -56.43,
            "roe": 6.68,
            "roe_4q": 23.279999999999998,
            "gross_profit": 143469,
            "gross_margin": 48.61,
            "gross_margin_4q_avg": 49.07,
            "net_income": 70751,
            "revenue": 295133,
            "common_shares": 504785,
            "book_valuer_per_share": 22.24,
            "book_valuer_per_share_4q_avg": 23.72,
            "equity": 1124497,
            "current_ratio": 229.66,
            "debt_ratio": 34.22,
            "inventory_turnover_ratio": 0.72,
            "account_receivable_turnover_ratio": null,
            "reinvestment_rate": 58.19,
            "research_to_sale_ratio": null,
            "price_fair": 248.83,
            "eps_avg_yearly": 7.11,
            "eps_latest_yearly": 5.76,
            "eps_growth_yearly": 266.54
        },
        "20061": {
            "year_quarter": 20061,
            "year": 2006,
            "quarter": 1,
            "eps": 1.64,
            "eps_growth_year": 12.33,
            "eps_4q": 5.29,
            "eps_4q_growth_year": -50,
            "roe": 7.09,
            "roe_4q": 25.15,
            "gross_profit": 149787,
            "gross_margin": 50.78,
            "gross_margin_4q_avg": 49.55,
            "net_income": 83053,
            "revenue": 294985,
            "common_shares": 507236,
            "book_valuer_per_share": 24.02,
            "book_valuer_per_share_4q_avg": 22.49,
            "equity": 1218220,
            "current_ratio": 244.94,
            "debt_ratio": 30.54,
            "inventory_turnover_ratio": 0.65,
            "account_receivable_turnover_ratio": null,
            "reinvestment_rate": 48.01,
            "research_to_sale_ratio": null,
            "price_fair": 247.63,
            "eps_avg_yearly": 7.08,
            "eps_latest_yearly": 6.56,
            "eps_growth_yearly": 253.36
        },
        "20062": {
            "year_quarter": 20062,
            "year": 2006,
            "quarter": 2,
            "eps": 1.72,
            "eps_growth_year": 28.36,
            "eps_4q": 5.32,
            "eps_4q_growth_year": -16.64,
            "roe": 7.7,
            "roe_4q": 26.54,
            "gross_profit": 174279,
            "gross_margin": 46.38,
            "gross_margin_4q_avg": 48.69,
            "net_income": 96733,
            "revenue": 375769,
            "common_shares": 508145,
            "book_valuer_per_share": 25.45,
            "book_valuer_per_share_4q_avg": 22.97,
            "equity": 1293334,
            "current_ratio": 202.68,
            "debt_ratio": 29.05,
            "inventory_turnover_ratio": 0.82,
            "account_receivable_turnover_ratio": null,
            "reinvestment_rate": 46.88,
            "research_to_sale_ratio": null,
            "price_fair": 253.05,
            "eps_avg_yearly": 7.23,
            "eps_latest_yearly": 6.88,
            "eps_growth_yearly": 237.91
        },
        "20063": {
            "year_quarter": 20063,
            "year": 2006,
            "quarter": 3,
            "eps": 1.89,
            "eps_growth_year": 89,
            "eps_4q": 6.34,
            "eps_4q_growth_year": 29.18,
            "roe": 7.91,
            "roe_4q": 29.38,
            "gross_profit": 183233,
            "gross_margin": 46.61,
            "gross_margin_4q_avg": 48.1,
            "net_income": 106476,
            "revenue": 393124,
            "common_shares": 564959,
            "book_valuer_per_share": 24.78,
            "book_valuer_per_share_4q_avg": 24.12,
            "equity": 1399810,
            "current_ratio": 175.97,
            "debt_ratio": 27.73,
            "inventory_turnover_ratio": 0.78,
            "account_receivable_turnover_ratio": null,
            "reinvestment_rate": 43.32,
            "research_to_sale_ratio": null,
            "price_fair": 249.46,
            "eps_avg_yearly": 7.13,
            "eps_latest_yearly": 7.56,
            "eps_growth_yearly": 213.11
        },
        "20064": {
            "year_quarter": 20064,
            "year": 2006,
            "quarter": 4,
            "eps": 1.81,
            "eps_growth_year": 25.69,
            "eps_4q": 6.87,
            "eps_4q_growth_year": 39.47,
            "roe": 7,
            "roe_4q": 29.7,
            "gross_profit": 185360,
            "gross_margin": 48.06,
            "gross_margin_4q_avg": 47.96,
            "net_income": 102312,
            "revenue": 385677,
            "common_shares": 564960,
            "book_valuer_per_share": 26.94,
            "book_valuer_per_share_4q_avg": 25.3,
            "equity": 1523149,
            "current_ratio": 169.53,
            "debt_ratio": 33.31,
            "inventory_turnover_ratio": 0.68,
            "account_receivable_turnover_ratio": null,
            "reinvestment_rate": 49.92,
            "research_to_sale_ratio": null,
            "price_fair": 255.68,
            "eps_avg_yearly": 7.31,
            "eps_latest_yearly": 7.24,
            "eps_growth_yearly": 225.09
        },
        "20071": {
            "year_quarter": 20071,
            "year": 2007,
            "quarter": 1,
            "eps": 1.96,
            "eps_growth_year": 19.51,
            "eps_4q": 7.36,
            "eps_4q_growth_year": 39.08,
            "roe": 6.97,
            "roe_4q": 29.58,
            "gross_profit": 159216,
            "gross_margin": 45.48,
            "gross_margin_4q_avg": 46.63,
            "net_income": 110847,
            "revenue": 350080,
            "common_shares": 564959,
            "book_valuer_per_share": 29.34,
            "book_valuer_per_share_4q_avg": 26.63,
            "equity": 1657378,
            "current_ratio": 170.61,
            "debt_ratio": 43.8,
            "inventory_turnover_ratio": 0.57,
            "account_receivable_turnover_ratio": null,
            "reinvestment_rate": 78.39,
            "research_to_sale_ratio": null,
            "price_fair": 271.25,
            "eps_avg_yearly": 7.75,
            "eps_latest_yearly": 7.84,
            "eps_growth_yearly": 248.08
        },
        "20072": {
            "year_quarter": 20072,
            "year": 2007,
            "quarter": 2,
            "eps": 1.42,
            "eps_growth_year": -17.44,
            "eps_4q": 6.48,
            "eps_4q_growth_year": 21.7,
            "roe": 5.55,
            "roe_4q": 27.43,
            "gross_profit": 198823,
            "gross_margin": 47.22,
            "gross_margin_4q_avg": 46.84,
            "net_income": 89751,
            "revenue": 421087,
            "common_shares": 565005,
            "book_valuer_per_share": 27.9,
            "book_valuer_per_share_4q_avg": 27.24,
            "equity": 1576500,
            "current_ratio": 152.24,
            "debt_ratio": 46.43,
            "inventory_turnover_ratio": 0.6,
            "account_receivable_turnover_ratio": null,
            "reinvestment_rate": 76.65,
            "research_to_sale_ratio": null,
            "price_fair": 189.77,
            "eps_avg_yearly": 7.65,
            "eps_latest_yearly": 5.68,
            "eps_growth_yearly": 14.8
        },
        "20073": {
            "year_quarter": 20073,
            "year": 2007,
            "quarter": 3,
            "eps": 1.9,
            "eps_growth_year": 0.53,
            "eps_4q": 6.69,
            "eps_4q_growth_year": 5.5,
            "roe": 7.2,
            "roe_4q": 26.72,
            "gross_profit": 191458,
            "gross_margin": 43.88,
            "gross_margin_4q_avg": 46.16,
            "net_income": 120253,
            "revenue": 436293,
            "common_shares": 636789,
            "book_valuer_per_share": 27.72,
            "book_valuer_per_share_4q_avg": 27.98,
            "equity": 1765211,
            "current_ratio": 236.66,
            "debt_ratio": 39.22,
            "inventory_turnover_ratio": 0.63,
            "account_receivable_turnover_ratio": null,
            "reinvestment_rate": 72.64,
            "research_to_sale_ratio": null,
            "price_fair": 271.6,
            "eps_avg_yearly": 7.76,
            "eps_latest_yearly": 7.6,
            "eps_growth_yearly": 27.95
        },
        "20074": {
            "year_quarter": 20074,
            "year": 2007,
            "quarter": 4,
            "eps": 1.57,
            "eps_growth_year": -13.26,
            "eps_4q": 6.65,
            "eps_4q_growth_year": -3.32,
            "roe": 5.45,
            "roe_4q": 25.169999999999998,
            "gross_profit": 202381,
            "gross_margin": 40.45,
            "gross_margin_4q_avg": 44.26,
            "net_income": 99239,
            "revenue": 500280,
            "common_shares": 637363,
            "book_valuer_per_share": 29.43,
            "book_valuer_per_share_4q_avg": 28.6,
            "equity": 1876265,
            "current_ratio": 228.98,
            "debt_ratio": 41.98,
            "inventory_turnover_ratio": 0.7,
            "account_receivable_turnover_ratio": null,
            "reinvestment_rate": 70.44,
            "research_to_sale_ratio": null,
            "price_fair": 210.09,
            "eps_avg_yearly": 7.69,
            "eps_latest_yearly": 6.28,
            "eps_growth_yearly": 17.31
        },
        "20081": {
            "year_quarter": 20081,
            "year": 2008,
            "quarter": 1,
            "eps": 1.01,
            "eps_growth_year": -48.47,
            "eps_4q": 5.87,
            "eps_4q_growth_year": -20.22,
            "roe": 3.4,
            "roe_4q": 21.6,
            "gross_profit": 219790,
            "gross_margin": 43.11,
            "gross_margin_4q_avg": 43.67,
            "net_income": 64187,
            "revenue": 509846,
            "common_shares": 637363,
            "book_valuer_per_share": 29.72,
            "book_valuer_per_share_4q_avg": 28.69,
            "equity": 1894419,
            "current_ratio": 226.03,
            "debt_ratio": 42.17,
            "inventory_turnover_ratio": 0.54,
            "account_receivable_turnover_ratio": null,
            "reinvestment_rate": 70.32,
            "research_to_sale_ratio": null,
            "price_fair": 111.31,
            "eps_avg_yearly": 7.42,
            "eps_latest_yearly": 4.04,
            "eps_growth_yearly": 5
        },
        "20082": {
            "year_quarter": 20082,
            "year": 2008,
            "quarter": 2,
            "eps": 1.32,
            "eps_growth_year": -7.04,
            "eps_4q": 5.36,
            "eps_4q_growth_year": -17.25,
            "roe": 5.03,
            "roe_4q": 21.08,
            "gross_profit": 267415,
            "gross_margin": 42.83,
            "gross_margin_4q_avg": 42.57,
            "net_income": 92813,
            "revenue": 624366,
            "common_shares": 637363,
            "book_valuer_per_share": 28.14,
            "book_valuer_per_share_4q_avg": 28.75,
            "equity": 1793458,
            "current_ratio": 186.99,
            "debt_ratio": 46.25,
            "inventory_turnover_ratio": 0.58,
            "account_receivable_turnover_ratio": null,
            "reinvestment_rate": 65.06,
            "research_to_sale_ratio": null,
            "price_fair": 19.89,
            "eps_avg_yearly": 6.63,
            "eps_latest_yearly": 5.28,
            "eps_growth_yearly": -16.04
        },
        "20083": {
            "year_quarter": 20083,
            "year": 2008,
            "quarter": 3,
            "eps": 0.58,
            "eps_growth_year": -69.47,
            "eps_4q": 4.27,
            "eps_4q_growth_year": -36.18,
            "roe": 2.22,
            "roe_4q": 16.1,
            "gross_profit": 201386,
            "gross_margin": 36.77,
            "gross_margin_4q_avg": 40.79,
            "net_income": 40433,
            "revenue": 547734,
            "common_shares": 711053,
            "book_valuer_per_share": 25.89,
            "book_valuer_per_share_4q_avg": 28.3,
            "equity": 1841221,
            "current_ratio": 219.06,
            "debt_ratio": 41.77,
            "inventory_turnover_ratio": 0.57,
            "account_receivable_turnover_ratio": null,
            "reinvestment_rate": 67.96,
            "research_to_sale_ratio": null,
            "price_fair": 17.9,
            "eps_avg_yearly": 5.97,
            "eps_latest_yearly": 2.32,
            "eps_growth_yearly": -23.09
        },
        "20084": {
            "year_quarter": 20084,
            "year": 2008,
            "quarter": 4,
            "eps": 0.85,
            "eps_growth_year": -45.86,
            "eps_4q": 3.62,
            "eps_4q_growth_year": -45.52,
            "roe": 3.22,
            "roe_4q": 13.870000000000001,
            "gross_profit": 183350,
            "gross_margin": 36.19,
            "gross_margin_4q_avg": 39.73,
            "net_income": 60690,
            "revenue": 506646,
            "common_shares": 711053,
            "book_valuer_per_share": 27.13,
            "book_valuer_per_share_4q_avg": 27.72,
            "equity": 1928811,
            "current_ratio": 229.91,
            "debt_ratio": 37.77,
            "inventory_turnover_ratio": 0.6,
            "account_receivable_turnover_ratio": 2.42,
            "reinvestment_rate": 63.41,
            "research_to_sale_ratio": null,
            "price_fair": 17.18,
            "eps_avg_yearly": 5.73,
            "eps_latest_yearly": 3.4,
            "eps_growth_yearly": -0.34
        },
        "20091": {
            "year_quarter": 20091,
            "year": 2009,
            "quarter": 1,
            "eps": -0.44,
            "eps_growth_year": -143.56,
            "eps_4q": 2.3,
            "eps_4q_growth_year": -60.89,
            "roe": -1.65,
            "roe_4q": 8.82,
            "gross_profit": 84318,
            "gross_margin": 27.37,
            "gross_margin_4q_avg": 35.79,
            "net_income": -31705,
            "revenue": 308086,
            "common_shares": 711053,
            "book_valuer_per_share": 26.88,
            "book_valuer_per_share_4q_avg": 27.01,
            "equity": 1910990,
            "current_ratio": 199.66,
            "debt_ratio": 35.45,
            "inventory_turnover_ratio": 0.5,
            "account_receivable_turnover_ratio": 0.83,
            "reinvestment_rate": 67.45,
            "research_to_sale_ratio": null,
            "price_fair": 83.91,
            "eps_avg_yearly": 5.72,
            "eps_latest_yearly": 3.4,
            "eps_growth_yearly": 4.67
        },
        "20092": {
            "year_quarter": 20092,
            "year": 2009,
            "quarter": 2,
            "eps": -0.24,
            "eps_growth_year": -118.18,
            "eps_4q": 0.74,
            "eps_4q_growth_year": -86.18,
            "roe": -0.95,
            "roe_4q": 2.8400000000000007,
            "gross_profit": 130066,
            "gross_margin": 34.89,
            "gross_margin_4q_avg": 33.81,
            "net_income": -17923,
            "revenue": 372750,
            "common_shares": 711053,
            "book_valuer_per_share": 26.2,
            "book_valuer_per_share_4q_avg": 26.53,
            "equity": 1864149,
            "current_ratio": 179.08,
            "debt_ratio": 37.62,
            "inventory_turnover_ratio": 0.55,
            "account_receivable_turnover_ratio": 1.04,
            "reinvestment_rate": 67.4,
            "research_to_sale_ratio": null,
            "price_fair": 99.7,
            "eps_avg_yearly": 5.75,
            "eps_latest_yearly": 3.4,
            "eps_growth_yearly": 7.35
        },
        "20093": {
            "year_quarter": 20093,
            "year": 2009,
            "quarter": 3,
            "eps": 0.2,
            "eps_growth_year": -65.52,
            "eps_4q": 0.37,
            "eps_4q_growth_year": -91.35,
            "roe": 0.76,
            "roe_4q": 1.3800000000000003,
            "gross_profit": 139875,
            "gross_margin": 34.14,
            "gross_margin_4q_avg": 33.15,
            "net_income": 14255,
            "revenue": 409754,
            "common_shares": 733111,
            "book_valuer_per_share": 25.61,
            "book_valuer_per_share_4q_avg": 26.46,
            "equity": 1877147,
            "current_ratio": 162.9,
            "debt_ratio": 40.95,
            "inventory_turnover_ratio": 0.54,
            "account_receivable_turnover_ratio": 0.95,
            "reinvestment_rate": 62.83,
            "research_to_sale_ratio": null,
            "price_fair": 151.26,
            "eps_avg_yearly": 5.88,
            "eps_latest_yearly": 3.4,
            "eps_growth_yearly": 15.72
        },
        "20094": {
            "year_quarter": 20094,
            "year": 2009,
            "quarter": 4,
            "eps": 0.24,
            "eps_growth_year": -71.76,
            "eps_4q": -0.22,
            "eps_4q_growth_year": -106.13,
            "roe": 0.88,
            "roe_4q": -0.9599999999999997,
            "gross_profit": 200797,
            "gross_margin": 40.72,
            "gross_margin_4q_avg": 34.28,
            "net_income": 16994,
            "revenue": 493107,
            "common_shares": 740841,
            "book_valuer_per_share": 26.74,
            "book_valuer_per_share_4q_avg": 26.36,
            "equity": 1981253,
            "current_ratio": 158.5,
            "debt_ratio": 42.78,
            "inventory_turnover_ratio": 0.47,
            "account_receivable_turnover_ratio": 2.26,
            "reinvestment_rate": 81.39,
            "research_to_sale_ratio": null,
            "price_fair": 101.07,
            "eps_avg_yearly": 5.51,
            "eps_latest_yearly": 0.96,
            "eps_growth_yearly": 8.34
        },
        "20101": {
            "year_quarter": 20101,
            "year": 2010,
            "quarter": 1,
            "eps": 0.89,
            "eps_growth_year": null,
            "eps_4q": 1.07,
            "eps_4q_growth_year": -53.36,
            "roe": 3.18,
            "roe_4q": 3.87,
            "gross_profit": 221270,
            "gross_margin": 37.89,
            "gross_margin_4q_avg": 36.91,
            "net_income": 67934,
            "revenue": 584000,
            "common_shares": 774486,
            "book_valuer_per_share": 29.53,
            "book_valuer_per_share_4q_avg": 27.02,
            "equity": 2286864,
            "current_ratio": 165.62,
            "debt_ratio": 44.24,
            "inventory_turnover_ratio": 0.39,
            "account_receivable_turnover_ratio": 1.16,
            "reinvestment_rate": 84.5,
            "research_to_sale_ratio": 11.85,
            "price_fair": 184.8,
            "eps_avg_yearly": 5.28,
            "eps_latest_yearly": 3.56,
            "eps_growth_yearly": 87.4
        },
        "20102": {
            "year_quarter": 20102,
            "year": 2010,
            "quarter": 2,
            "eps": 2.25,
            "eps_growth_year": null,
            "eps_4q": 3.54,
            "eps_4q_growth_year": 377.6,
            "roe": 7.31,
            "roe_4q": 12.13,
            "gross_profit": 356699,
            "gross_margin": 38.64,
            "gross_margin_4q_avg": 37.85,
            "net_income": 174385,
            "revenue": 923016,
            "common_shares": 776291,
            "book_valuer_per_share": 31.96,
            "book_valuer_per_share_4q_avg": 28.46,
            "equity": 2481196,
            "current_ratio": 149.85,
            "debt_ratio": 50.38,
            "inventory_turnover_ratio": 0.41,
            "account_receivable_turnover_ratio": 1.26,
            "reinvestment_rate": 73.11,
            "research_to_sale_ratio": 8.07,
            "price_fair": 190.51,
            "eps_avg_yearly": 5.44,
            "eps_latest_yearly": 9,
            "eps_growth_yearly": 132.92
        },
        "20103": {
            "year_quarter": 20103,
            "year": 2010,
            "quarter": 3,
            "eps": 3.51,
            "eps_growth_year": 1654.53,
            "eps_4q": 6.86,
            "eps_4q_growth_year": 1758.12,
            "roe": 10.41,
            "roe_4q": 21.779999999999998,
            "gross_profit": 529661,
            "gross_margin": 44.5,
            "gross_margin_4q_avg": 40.44,
            "net_income": 272643,
            "revenue": 1190184,
            "common_shares": 776970,
            "book_valuer_per_share": 35.5,
            "book_valuer_per_share_4q_avg": 30.93,
            "equity": 2757930,
            "current_ratio": 146.81,
            "debt_ratio": 52.92,
            "inventory_turnover_ratio": 0.37,
            "account_receivable_turnover_ratio": 1.28,
            "reinvestment_rate": 65.93,
            "research_to_sale_ratio": 7.29,
            "price_fair": 207.95,
            "eps_avg_yearly": 5.94,
            "eps_latest_yearly": 14.04,
            "eps_growth_yearly": 147.11
        },
        "20104": {
            "year_quarter": 20104,
            "year": 2010,
            "quarter": 4,
            "eps": 2.98,
            "eps_growth_year": 1143,
            "eps_4q": 9.59,
            "eps_4q_growth_year": null,
            "roe": 8.05,
            "roe_4q": 28.95,
            "gross_profit": 557111,
            "gross_margin": 45.01,
            "gross_margin_4q_avg": 41.51,
            "net_income": 232495,
            "revenue": 1237620,
            "common_shares": 779854,
            "book_valuer_per_share": 38.47,
            "book_valuer_per_share_4q_avg": 33.87,
            "equity": 3016008,
            "current_ratio": 160.07,
            "debt_ratio": 51.35,
            "inventory_turnover_ratio": 0.35,
            "account_receivable_turnover_ratio": 1.35,
            "reinvestment_rate": 31.14,
            "research_to_sale_ratio": 9.37,
            "price_fair": 220.55,
            "eps_avg_yearly": 6.3,
            "eps_latest_yearly": 11.92,
            "eps_growth_yearly": 143.76
        },
        "20111": {
            "year_quarter": 20111,
            "year": 2011,
            "quarter": 1,
            "eps": 2.65,
            "eps_growth_year": 197.75,
            "eps_4q": 11.32,
            "eps_4q_growth_year": 956.45,
            "roe": 6.61,
            "roe_4q": 32.38,
            "gross_profit": 466894,
            "gross_margin": 43.49,
            "gross_margin_4q_avg": 42.91,
            "net_income": 207763,
            "revenue": 1073542,
            "common_shares": 784644,
            "book_valuer_per_share": 41.44,
            "book_valuer_per_share_4q_avg": 36.84,
            "equity": 3272303,
            "current_ratio": 182.36,
            "debt_ratio": 44.95,
            "inventory_turnover_ratio": 0.33,
            "account_receivable_turnover_ratio": 1.35,
            "reinvestment_rate": 2.66,
            "research_to_sale_ratio": 9.01,
            "price_fair": 227.98,
            "eps_avg_yearly": 6.51,
            "eps_latest_yearly": 10.6,
            "eps_growth_yearly": 137.81
        },
        "20112": {
            "year_quarter": 20112,
            "year": 2011,
            "quarter": 2,
            "eps": 2.47,
            "eps_growth_year": 10.05,
            "eps_4q": 11.56,
            "eps_4q_growth_year": 226.69,
            "roe": 6.17,
            "roe_4q": 31.240000000000002,
            "gross_profit": 478307,
            "gross_margin": 41.85,
            "gross_margin_4q_avg": 43.71,
            "net_income": 193936,
            "revenue": 1142962,
            "common_shares": 785494,
            "book_valuer_per_share": 38.14,
            "book_valuer_per_share_4q_avg": 38.39,
            "equity": 3015362,
            "current_ratio": 163.18,
            "debt_ratio": 49.61,
            "inventory_turnover_ratio": 0.37,
            "account_receivable_turnover_ratio": 1.61,
            "reinvestment_rate": -0.16,
            "research_to_sale_ratio": 9.54,
            "price_fair": 239.29,
            "eps_avg_yearly": 6.84,
            "eps_latest_yearly": 9.88,
            "eps_growth_yearly": 144.19
        },
        "20113": {
            "year_quarter": 20113,
            "year": 2011,
            "quarter": 3,
            "eps": 2.4,
            "eps_growth_year": -31.59,
            "eps_4q": 10.61,
            "eps_4q_growth_year": 54.7,
            "roe": 6.03,
            "roe_4q": 26.86,
            "gross_profit": 427112,
            "gross_margin": 40.03,
            "gross_margin_4q_avg": 42.6,
            "net_income": 185021,
            "revenue": 1066983,
            "common_shares": 785904,
            "book_valuer_per_share": 40.11,
            "book_valuer_per_share_4q_avg": 39.54,
            "equity": 3122938,
            "current_ratio": 192.78,
            "debt_ratio": 40.09,
            "inventory_turnover_ratio": 0.37,
            "account_receivable_turnover_ratio": 1.48,
            "reinvestment_rate": 4.01,
            "research_to_sale_ratio": 11.11,
            "price_fair": 244.68,
            "eps_avg_yearly": 6.99,
            "eps_latest_yearly": 9.6,
            "eps_growth_yearly": 132.92
        },
        "20114": {
            "year_quarter": 20114,
            "year": 2011,
            "quarter": 4,
            "eps": 0.59,
            "eps_growth_year": -80.18,
            "eps_4q": 8.27,
            "eps_4q_growth_year": -13.74,
            "roe": 1.42,
            "roe_4q": 20.23,
            "gross_profit": 350715,
            "gross_margin": 43.89,
            "gross_margin_4q_avg": 42.32,
            "net_income": 44132,
            "revenue": 799100,
            "common_shares": 786024,
            "book_valuer_per_share": 40.36,
            "book_valuer_per_share_4q_avg": 40.01,
            "equity": 3109762,
            "current_ratio": 210.31,
            "debt_ratio": 35.3,
            "inventory_turnover_ratio": 0.28,
            "account_receivable_turnover_ratio": 1.18,
            "reinvestment_rate": 2.01,
            "research_to_sale_ratio": 14.39,
            "price_fair": 234.12,
            "eps_avg_yearly": 6.69,
            "eps_latest_yearly": 2.36,
            "eps_growth_yearly": 115.06
        },
        "20121": {
            "year_quarter": 20121,
            "year": 2012,
            "quarter": 1,
            "eps": -0.09,
            "eps_growth_year": -103.4,
            "eps_4q": 5.48,
            "eps_4q_growth_year": -51.6,
            "roe": -0.22,
            "roe_4q": 13.4,
            "gross_profit": 213825,
            "gross_margin": 39.82,
            "gross_margin_4q_avg": 41.4,
            "net_income": -6961,
            "revenue": 537007,
            "common_shares": 786054,
            "book_valuer_per_share": 40.24,
            "book_valuer_per_share_4q_avg": 39.71,
            "equity": 3104356,
            "current_ratio": 223.31,
            "debt_ratio": 31.97,
            "inventory_turnover_ratio": 0.22,
            "account_receivable_turnover_ratio": 0.95,
            "reinvestment_rate": 8.5,
            "research_to_sale_ratio": 18.89,
            "price_fair": 241.85,
            "eps_avg_yearly": 6.91,
            "eps_latest_yearly": 2.36,
            "eps_growth_yearly": 136.54
        },
        "20122": {
            "year_quarter": 20122,
            "year": 2012,
            "quarter": 2,
            "eps": 1.66,
            "eps_growth_year": -32.94,
            "eps_4q": 4.6,
            "eps_4q_growth_year": -60.17,
            "roe": 4.2,
            "roe_4q": 11.43,
            "gross_profit": 389183,
            "gross_margin": 50.09,
            "gross_margin_4q_avg": 43.46,
            "net_income": 125700,
            "revenue": 777027,
            "common_shares": 786104,
            "book_valuer_per_share": 37.4,
            "book_valuer_per_share_4q_avg": 39.53,
            "equity": 2885696,
            "current_ratio": 177.42,
            "debt_ratio": 38.46,
            "inventory_turnover_ratio": 0.27,
            "account_receivable_turnover_ratio": 1.32,
            "reinvestment_rate": 16.2,
            "research_to_sale_ratio": 20.12,
            "price_fair": 247.04,
            "eps_avg_yearly": 7.06,
            "eps_latest_yearly": 2.36,
            "eps_growth_yearly": 137.79
        },
        "20123": {
            "year_quarter": 20123,
            "year": 2012,
            "quarter": 3,
            "eps": 0.73,
            "eps_growth_year": -69.42,
            "eps_4q": 2.91,
            "eps_4q_growth_year": -72.54,
            "roe": 1.88,
            "roe_4q": 7.28,
            "gross_profit": 319722,
            "gross_margin": 43.47,
            "gross_margin_4q_avg": 44.32,
            "net_income": 54827,
            "revenue": 735583,
            "common_shares": 786104,
            "book_valuer_per_share": 38.12,
            "book_valuer_per_share_4q_avg": 39.03,
            "equity": 2939321,
            "current_ratio": 172.07,
            "debt_ratio": 39.37,
            "inventory_turnover_ratio": 0.27,
            "account_receivable_turnover_ratio": 1.17,
            "reinvestment_rate": 19.43,
            "research_to_sale_ratio": 17.5,
            "price_fair": 248.95,
            "eps_avg_yearly": 7.11,
            "eps_latest_yearly": 2.92,
            "eps_growth_yearly": 137.8
        },
        "20124": {
            "year_quarter": 20124,
            "year": 2012,
            "quarter": 4,
            "eps": 1.37,
            "eps_growth_year": 132.26,
            "eps_4q": 3.7,
            "eps_4q_growth_year": -55.34,
            "roe": 3.42,
            "roe_4q": 9.28,
            "gross_profit": 403075,
            "gross_margin": 49.42,
            "gross_margin_4q_avg": 45.7,
            "net_income": 101985,
            "revenue": 815595,
            "common_shares": 786104,
            "book_valuer_per_share": 39.26,
            "book_valuer_per_share_4q_avg": 38.76,
            "equity": 3024561,
            "current_ratio": 175.91,
            "debt_ratio": 37.29,
            "inventory_turnover_ratio": 0.26,
            "account_receivable_turnover_ratio": 1.23,
            "reinvestment_rate": 24.15,
            "research_to_sale_ratio": 18.48,
            "price_fair": 255.56,
            "eps_avg_yearly": 7.3,
            "eps_latest_yearly": 5.48,
            "eps_growth_yearly": 152.75
        },
        "20131": {
            "year_quarter": 20131,
            "year": 2013,
            "quarter": 1,
            "eps": 1.06,
            "eps_growth_year": null,
            "eps_4q": 4.83,
            "eps_4q_growth_year": -11.86,
            "roe": 2.63,
            "roe_4q": 12.129999999999999,
            "gross_profit": 339117,
            "gross_margin": 46.17,
            "gross_margin_4q_avg": 47.29,
            "net_income": 79981,
            "revenue": 734504,
            "common_shares": 786104,
            "book_valuer_per_share": 39.84,
            "book_valuer_per_share_4q_avg": 38.66,
            "equity": 3066772,
            "current_ratio": 194.82,
            "debt_ratio": 32.94,
            "inventory_turnover_ratio": 0.26,
            "account_receivable_turnover_ratio": 1.15,
            "reinvestment_rate": 22.07,
            "research_to_sale_ratio": 15.9,
            "price_fair": 246.63,
            "eps_avg_yearly": 7.05,
            "eps_latest_yearly": 4.24,
            "eps_growth_yearly": 132.48
        },
        "20132": {
            "year_quarter": 20132,
            "year": 2013,
            "quarter": 2,
            "eps": 0.93,
            "eps_growth_year": -43.91,
            "eps_4q": 4.1,
            "eps_4q_growth_year": -10.97,
            "roe": 2.38,
            "roe_4q": 10.309999999999999,
            "gross_profit": 365115,
            "gross_margin": 46.32,
            "gross_margin_4q_avg": 46.35,
            "net_income": 71649,
            "revenue": 788160,
            "common_shares": 786124,
            "book_valuer_per_share": 38.31,
            "book_valuer_per_share_4q_avg": 38.88,
            "equity": 2949649,
            "current_ratio": 178.24,
            "debt_ratio": 35.45,
            "inventory_turnover_ratio": 0.3,
            "account_receivable_turnover_ratio": 1.28,
            "reinvestment_rate": 21.91,
            "research_to_sale_ratio": 16.38,
            "price_fair": 237.68,
            "eps_avg_yearly": 6.79,
            "eps_latest_yearly": 3.72,
            "eps_growth_yearly": 118.52
        },
        "20133": {
            "year_quarter": 20133,
            "year": 2013,
            "quarter": 3,
            "eps": 1.27,
            "eps_growth_year": 73.02,
            "eps_4q": 4.64,
            "eps_4q_growth_year": 59.28,
            "roe": 3.26,
            "roe_4q": 11.69,
            "gross_profit": 388327,
            "gross_margin": 49.54,
            "gross_margin_4q_avg": 47.86,
            "net_income": 97609,
            "revenue": 783814,
            "common_shares": 786124,
            "book_valuer_per_share": 39.56,
            "book_valuer_per_share_4q_avg": 39.24,
            "equity": 3046102,
            "current_ratio": 190.86,
            "debt_ratio": 33.08,
            "inventory_turnover_ratio": 0.28,
            "account_receivable_turnover_ratio": 1.1,
            "reinvestment_rate": 23.38,
            "research_to_sale_ratio": 18.67,
            "price_fair": 233.4,
            "eps_avg_yearly": 6.67,
            "eps_latest_yearly": 5.08,
            "eps_growth_yearly": 120.5
        },
        "20134": {
            "year_quarter": 20134,
            "year": 2013,
            "quarter": 4,
            "eps": 0.27,
            "eps_growth_year": -80.24,
            "eps_4q": 3.54,
            "eps_4q_growth_year": -4.26,
            "roe": 0.71,
            "roe_4q": 8.98,
            "gross_profit": 311762,
            "gross_margin": 42.75,
            "gross_margin_4q_avg": 46.2,
            "net_income": 21694,
            "revenue": 729300,
            "common_shares": 786124,
            "book_valuer_per_share": 39.88,
            "book_valuer_per_share_4q_avg": 39.4,
            "equity": 3072639,
            "current_ratio": 182.43,
            "debt_ratio": 34.84,
            "inventory_turnover_ratio": 0.28,
            "account_receivable_turnover_ratio": 1.11,
            "reinvestment_rate": 11.9,
            "research_to_sale_ratio": 21.66,
            "price_fair": 233.7,
            "eps_avg_yearly": 6.68,
            "eps_latest_yearly": 1.08,
            "eps_growth_yearly": 92.29
        },
        "20141": {
            "year_quarter": 20141,
            "year": 2014,
            "quarter": 1,
            "eps": 0.71,
            "eps_growth_year": -33.02,
            "eps_4q": 3.1,
            "eps_4q_growth_year": -35.71,
            "roe": 1.7,
            "roe_4q": 8.05,
            "gross_profit": 359870,
            "gross_margin": 49.73,
            "gross_margin_4q_avg": 47.09,
            "net_income": 54339,
            "revenue": 723713,
            "common_shares": 786124,
            "book_valuer_per_share": 41.92,
            "book_valuer_per_share_4q_avg": 39.92,
            "equity": 3312652,
            "current_ratio": 191.44,
            "debt_ratio": 33.06,
            "inventory_turnover_ratio": 0.23,
            "account_receivable_turnover_ratio": 1.35,
            "reinvestment_rate": 15.33,
            "research_to_sale_ratio": 19.33,
            "price_fair": 231.9,
            "eps_avg_yearly": 6.63,
            "eps_latest_yearly": 2.84,
            "eps_growth_yearly": 61.47
        },
        "20142": {
            "year_quarter": 20142,
            "year": 2014,
            "quarter": 2,
            "eps": 1.39,
            "eps_growth_year": 49.46,
            "eps_4q": 3.59,
            "eps_4q_growth_year": -12.52,
            "roe": 3.34,
            "roe_4q": 9.01,
            "gross_profit": 447369,
            "gross_margin": 49.14,
            "gross_margin_4q_avg": 47.79,
            "net_income": 109541,
            "revenue": 910471,
            "common_shares": 786124,
            "book_valuer_per_share": 41.13,
            "book_valuer_per_share_4q_avg": 40.62,
            "equity": 3251337,
            "current_ratio": 162.92,
            "debt_ratio": 38.75,
            "inventory_turnover_ratio": 0.27,
            "account_receivable_turnover_ratio": 1.42,
            "reinvestment_rate": 20.9,
            "research_to_sale_ratio": 19.5,
            "price_fair": 223.3,
            "eps_avg_yearly": 6.38,
            "eps_latest_yearly": 5.56,
            "eps_growth_yearly": 45.17
        },
        "20143": {
            "year_quarter": 20143,
            "year": 2014,
            "quarter": 3,
            "eps": 3.03,
            "eps_growth_year": 138.58,
            "eps_4q": 5.37,
            "eps_4q_growth_year": 15.83,
            "roe": 7.04,
            "roe_4q": 12.79,
            "gross_profit": 621806,
            "gross_margin": 47.01,
            "gross_margin_4q_avg": 47.16,
            "net_income": 237490,
            "revenue": 1322674,
            "common_shares": 786124,
            "book_valuer_per_share": 44.27,
            "book_valuer_per_share_4q_avg": 41.8,
            "equity": 3497309,
            "current_ratio": 158.5,
            "debt_ratio": 39.99,
            "inventory_turnover_ratio": 0.39,
            "account_receivable_turnover_ratio": 1.58,
            "reinvestment_rate": 25.56,
            "research_to_sale_ratio": 14.51,
            "price_fair": 218.5,
            "eps_avg_yearly": 6.24,
            "eps_latest_yearly": 12.12,
            "eps_growth_yearly": 62.88
        },
        "20144": {
            "year_quarter": 20144,
            "year": 2014,
            "quarter": 4,
            "eps": 1.46,
            "eps_growth_year": 437.02,
            "eps_4q": 6.51,
            "eps_4q_growth_year": 83.97,
            "roe": 3.2,
            "roe_4q": 15.28,
            "gross_profit": 507474,
            "gross_margin": 42.32,
            "gross_margin_4q_avg": 47.05,
            "net_income": 115928,
            "revenue": 1199274,
            "common_shares": 795364,
            "book_valuer_per_share": 46.84,
            "book_valuer_per_share_4q_avg": 43.54,
            "equity": 3742863,
            "current_ratio": 182.3,
            "debt_ratio": 41.4,
            "inventory_turnover_ratio": 0.39,
            "account_receivable_turnover_ratio": 1.47,
            "reinvestment_rate": 64.8,
            "research_to_sale_ratio": 18.31,
            "price_fair": 203.3,
            "eps_avg_yearly": 5.81,
            "eps_latest_yearly": 5.84,
            "eps_growth_yearly": 52.39
        },
        "20151": {
            "year_quarter": 20151,
            "year": 2015,
            "quarter": 1,
            "eps": 1.2,
            "eps_growth_year": 69.01,
            "eps_4q": 7.02,
            "eps_4q_growth_year": 126.12,
            "roe": 2.53,
            "roe_4q": 16.11,
            "gross_profit": 431812,
            "gross_margin": 46.37,
            "gross_margin_4q_avg": 46.21,
            "net_income": 95597,
            "revenue": 931288,
            "common_shares": 796054,
            "book_valuer_per_share": 47.74,
            "book_valuer_per_share_4q_avg": 45,
            "equity": 3817158,
            "current_ratio": 187.34,
            "debt_ratio": 39.44,
            "inventory_turnover_ratio": 0.28,
            "account_receivable_turnover_ratio": 1.24,
            "reinvestment_rate": 75.01,
            "research_to_sale_ratio": 19.28,
            "price_fair": 188.8,
            "eps_avg_yearly": 5.39,
            "eps_latest_yearly": 4.8,
            "eps_growth_yearly": 50.47
        },
        "20152": {
            "year_quarter": 20152,
            "year": 2015,
            "quarter": 2,
            "eps": 1.02,
            "eps_growth_year": -26.62,
            "eps_4q": 6.66,
            "eps_4q_growth_year": 85.84,
            "roe": 2.18,
            "roe_4q": 14.95,
            "gross_profit": 476112,
            "gross_margin": 46.7,
            "gross_margin_4q_avg": 45.6,
            "net_income": 80582,
            "revenue": 1019405,
            "common_shares": 796054,
            "book_valuer_per_share": 44.63,
            "book_valuer_per_share_4q_avg": 45.87,
            "equity": 3569021,
            "current_ratio": 164.36,
            "debt_ratio": 42.43,
            "inventory_turnover_ratio": 0.3,
            "account_receivable_turnover_ratio": 1.32,
            "reinvestment_rate": 90.74,
            "research_to_sale_ratio": 19.5,
            "price_fair": 174.3,
            "eps_avg_yearly": 4.98,
            "eps_latest_yearly": 4.08,
            "eps_growth_yearly": 48.12
        },
        "20153": {
            "year_quarter": 20153,
            "year": 2015,
            "quarter": 3,
            "eps": 1.25,
            "eps_growth_year": -58.75,
            "eps_4q": 4.94,
            "eps_4q_growth_year": -8.12,
            "roe": 2.75,
            "roe_4q": 10.66,
            "gross_profit": 480918,
            "gross_margin": 45.42,
            "gross_margin_4q_avg": 45.2,
            "net_income": 99625,
            "revenue": 1058920,
            "common_shares": 796054,
            "book_valuer_per_share": 46.2,
            "book_valuer_per_share_4q_avg": 46.35,
            "equity": 3680975,
            "current_ratio": 155.53,
            "debt_ratio": 44.73,
            "inventory_turnover_ratio": 0.33,
            "account_receivable_turnover_ratio": 1.3,
            "reinvestment_rate": 117.95,
            "research_to_sale_ratio": 20.86,
            "price_fair": 162.8,
            "eps_avg_yearly": 4.65,
            "eps_latest_yearly": 5,
            "eps_growth_yearly": 55.37
        },
        "20154": {
            "year_quarter": 20154,
            "year": 2015,
            "quarter": 4,
            "eps": 0.24,
            "eps_growth_year": -83.44,
            "eps_4q": 3.73,
            "eps_4q_growth_year": -42.66,
            "roe": 0.5,
            "roe_4q": 7.959999999999999,
            "gross_profit": 407270,
            "gross_margin": 40.58,
            "gross_margin_4q_avg": 44.77,
            "net_income": 18337,
            "revenue": 1003557,
            "common_shares": 796054,
            "book_valuer_per_share": 45.98,
            "book_valuer_per_share_4q_avg": 46.14,
            "equity": 3648428,
            "current_ratio": 115.91,
            "debt_ratio": 45.15,
            "inventory_turnover_ratio": 0.36,
            "account_receivable_turnover_ratio": 1.16,
            "reinvestment_rate": 124.68,
            "research_to_sale_ratio": 21.95,
            "price_fair": 159.3,
            "eps_avg_yearly": 4.55,
            "eps_latest_yearly": 0.96,
            "eps_growth_yearly": 53.84
        },
        "20161": {
            "year_quarter": 20161,
            "year": 2016,
            "quarter": 1,
            "eps": 0.69,
            "eps_growth_year": -42.5,
            "eps_4q": 3.19,
            "eps_4q_growth_year": -54.56,
            "roe": 1.45,
            "roe_4q": 6.880000000000001,
            "gross_profit": 403841,
            "gross_margin": 44.46,
            "gross_margin_4q_avg": 44.29,
            "net_income": 53547,
            "revenue": 908246,
            "common_shares": 796054,
            "book_valuer_per_share": 46.88,
            "book_valuer_per_share_4q_avg": 45.92,
            "equity": 3746476,
            "current_ratio": 117.58,
            "debt_ratio": 46.3,
            "inventory_turnover_ratio": 0.29,
            "account_receivable_turnover_ratio": 1.15,
            "reinvestment_rate": 117.43,
            "research_to_sale_ratio": 19.85,
            "price_fair": 155.12,
            "eps_avg_yearly": 4.43,
            "eps_latest_yearly": 2.76,
            "eps_growth_yearly": 100.25
        },
        "20162": {
            "year_quarter": 20162,
            "year": 2016,
            "quarter": 2,
            "eps": 1.86,
            "eps_growth_year": 82.35,
            "eps_4q": 4.04,
            "eps_4q_growth_year": -39.39,
            "roe": 3.99,
            "roe_4q": 8.690000000000001,
            "gross_profit": 602927,
            "gross_margin": 46.66,
            "gross_margin_4q_avg": 44.28,
            "net_income": 147310,
            "revenue": 1292306,
            "common_shares": 796054,
            "book_valuer_per_share": 45.48,
            "book_valuer_per_share_4q_avg": 46.14,
            "equity": 3634329,
            "current_ratio": 112.72,
            "debt_ratio": 51.19,
            "inventory_turnover_ratio": 0.35,
            "account_receivable_turnover_ratio": 1.47,
            "reinvestment_rate": 104.72,
            "research_to_sale_ratio": 19.12,
            "price_fair": 161.7,
            "eps_avg_yearly": 4.62,
            "eps_latest_yearly": 7.44,
            "eps_growth_yearly": 136.37
        },
        "20163": {
            "year_quarter": 20163,
            "year": 2016,
            "quarter": 3,
            "eps": 2.59,
            "eps_growth_year": 107.2,
            "eps_4q": 5.38,
            "eps_4q_growth_year": 8.91,
            "roe": 5.49,
            "roe_4q": 11.43,
            "gross_profit": 632103,
            "gross_margin": 44,
            "gross_margin_4q_avg": 43.93,
            "net_income": 204675,
            "revenue": 1436629,
            "common_shares": 796054,
            "book_valuer_per_share": 47.8,
            "book_valuer_per_share_4q_avg": 46.54,
            "equity": 3817370,
            "current_ratio": 121.2,
            "debt_ratio": 47.87,
            "inventory_turnover_ratio": 0.41,
            "account_receivable_turnover_ratio": 1.38,
            "reinvestment_rate": 87.42,
            "research_to_sale_ratio": 13.75,
            "price_fair": 177.98,
            "eps_avg_yearly": 5.09,
            "eps_latest_yearly": 10.36,
            "eps_growth_yearly": 160.19
        },
        "20164": {
            "year_quarter": 20164,
            "year": 2016,
            "quarter": 4,
            "eps": 1.94,
            "eps_growth_year": 702.47,
            "eps_4q": 7.08,
            "eps_4q_growth_year": 89.62,
            "roe": 3.99,
            "roe_4q": 14.92,
            "gross_profit": 657991,
            "gross_margin": 49.68,
            "gross_margin_4q_avg": 46.2,
            "net_income": 155306,
            "revenue": 1324574,
            "common_shares": 796054,
            "book_valuer_per_share": 49.58,
            "book_valuer_per_share_4q_avg": 47.44,
            "equity": 3959782,
            "current_ratio": 123.15,
            "debt_ratio": 45.5,
            "inventory_turnover_ratio": 0.35,
            "account_receivable_turnover_ratio": 1.44,
            "reinvestment_rate": 81.97,
            "research_to_sale_ratio": 16.89,
            "price_fair": 182.96,
            "eps_avg_yearly": 5.23,
            "eps_latest_yearly": 7.76,
            "eps_growth_yearly": 132
        },
        "20171": {
            "year_quarter": 20171,
            "year": 2017,
            "quarter": 1,
            "eps": 1.34,
            "eps_growth_year": 94.2,
            "eps_4q": 7.73,
            "eps_4q_growth_year": 142.32,
            "roe": 2.65,
            "roe_4q": 16.12,
            "gross_profit": 471996,
            "gross_margin": 41.84,
            "gross_margin_4q_avg": 45.55,
            "net_income": 106004,
            "revenue": 1127998,
            "common_shares": 796054,
            "book_valuer_per_share": 50.51,
            "book_valuer_per_share_4q_avg": 48.34,
            "equity": 4032971,
            "current_ratio": 127.61,
            "debt_ratio": 43.64,
            "inventory_turnover_ratio": 0.32,
            "account_receivable_turnover_ratio": 1.45,
            "reinvestment_rate": 86.21,
            "research_to_sale_ratio": 14.29,
            "price_fair": 185.41,
            "eps_avg_yearly": 5.3,
            "eps_latest_yearly": 5.36,
            "eps_growth_yearly": 129.92
        },
        "20172": {
            "year_quarter": 20172,
            "year": 2017,
            "quarter": 2,
            "eps": 0.66,
            "eps_growth_year": -64.52,
            "eps_4q": 6.5,
            "eps_4q_growth_year": 60.98,
            "roe": 1.4,
            "roe_4q": 13.53,
            "gross_profit": 455479,
            "gross_margin": 41.12,
            "gross_margin_4q_avg": 44.16,
            "net_income": 54625,
            "revenue": 1107580,
            "common_shares": 799014,
            "book_valuer_per_share": 47.24,
            "book_valuer_per_share_4q_avg": 48.78,
            "equity": 3788650,
            "current_ratio": 116.53,
            "debt_ratio": 48.51,
            "inventory_turnover_ratio": 0.3,
            "account_receivable_turnover_ratio": 1.54,
            "reinvestment_rate": 90.76,
            "research_to_sale_ratio": 16.7,
            "price_fair": 183.05,
            "eps_avg_yearly": 5.23,
            "eps_latest_yearly": 2.64,
            "eps_growth_yearly": 120.3
        },
        "20173": {
            "year_quarter": 20173,
            "year": 2017,
            "quarter": 3,
            "eps": 0.34,
            "eps_growth_year": -86.87,
            "eps_4q": 4.26,
            "eps_4q_growth_year": -20.79,
            "roe": 0.76,
            "roe_4q": 8.8,
            "gross_profit": 389242,
            "gross_margin": 36.8,
            "gross_margin_4q_avg": 42.36,
            "net_income": 28989,
            "revenue": 1057757,
            "common_shares": 799014,
            "book_valuer_per_share": 47.68,
            "book_valuer_per_share_4q_avg": 48.75,
            "equity": 3826164,
            "current_ratio": 115.62,
            "debt_ratio": 50.87,
            "inventory_turnover_ratio": 0.28,
            "account_receivable_turnover_ratio": 1.41,
            "reinvestment_rate": 96.28,
            "research_to_sale_ratio": 17.86,
            "price_fair": 174.91,
            "eps_avg_yearly": 5,
            "eps_latest_yearly": 1.36,
            "eps_growth_yearly": 99.04
        },
        "20174": {
            "year_quarter": 20174,
            "year": 2017,
            "quarter": 4,
            "eps": -0.51,
            "eps_growth_year": -126.09,
            "eps_4q": 1.82,
            "eps_4q_growth_year": -74.22,
            "roe": -1.06,
            "roe_4q": 3.75,
            "gross_profit": 443469,
            "gross_margin": 38.39,
            "gross_margin_4q_avg": 39.54,
            "net_income": -40350,
            "revenue": 1155119,
            "common_shares": 799014,
            "book_valuer_per_share": 47.16,
            "book_valuer_per_share_4q_avg": 48.15,
            "equity": 3784901,
            "current_ratio": 124.47,
            "debt_ratio": 50.89,
            "inventory_turnover_ratio": 0.3,
            "account_receivable_turnover_ratio": 1.32,
            "reinvestment_rate": 104.32,
            "research_to_sale_ratio": 23.23,
            "price_fair": 184.05,
            "eps_avg_yearly": 5.26,
            "eps_latest_yearly": 1.36,
            "eps_growth_yearly": 126.64
        },
        "20181": {
            "year_quarter": 20181,
            "year": 2018,
            "quarter": 1,
            "eps": 0.89,
            "eps_growth_year": -33.58,
            "eps_4q": 1.38,
            "eps_4q_growth_year": -82.16,
            "roe": 1.83,
            "roe_4q": 2.9299999999999997,
            "gross_profit": 443194,
            "gross_margin": 40.6,
            "gross_margin_4q_avg": 39.23,
            "net_income": 69912,
            "revenue": 1091690,
            "common_shares": 799014,
            "book_valuer_per_share": 48.16,
            "book_valuer_per_share_4q_avg": 47.56,
            "equity": 3863687,
            "current_ratio": 124.59,
            "debt_ratio": 51.34,
            "inventory_turnover_ratio": 0.27,
            "account_receivable_turnover_ratio": 1.26,
            "reinvestment_rate": 97.73,
            "research_to_sale_ratio": 17.05,
            "price_fair": 190.1,
            "eps_avg_yearly": 5.43,
            "eps_latest_yearly": 1.36,
            "eps_growth_yearly": 89.13
        },
        "20182": {
            "year_quarter": 20182,
            "year": 2018,
            "quarter": 2,
            "eps": -0.3,
            "eps_growth_year": -145.45,
            "eps_4q": 0.42,
            "eps_4q_growth_year": -93.57,
            "roe": -0.57,
            "roe_4q": 0.9600000000000002,
            "gross_profit": 379208,
            "gross_margin": 34.37,
            "gross_margin_4q_avg": 37.54,
            "net_income": -21661,
            "revenue": 1103387,
            "common_shares": 799014,
            "book_valuer_per_share": 47.3,
            "book_valuer_per_share_4q_avg": 47.58,
            "equity": 3796930,
            "current_ratio": 120.51,
            "debt_ratio": 52.97,
            "inventory_turnover_ratio": 0.27,
            "account_receivable_turnover_ratio": 1.33,
            "reinvestment_rate": 98.83,
            "research_to_sale_ratio": 16.75,
            "price_fair": 189.75,
            "eps_avg_yearly": 5.42,
            "eps_latest_yearly": 1.36,
            "eps_growth_yearly": 66.51
        },
        "20183": {
            "year_quarter": 20183,
            "year": 2018,
            "quarter": 3,
            "eps": 1.61,
            "eps_growth_year": 373.53,
            "eps_4q": 1.7,
            "eps_4q_growth_year": -60.18,
            "roe": 3.35,
            "roe_4q": 3.5500000000000003,
            "gross_profit": 639584,
            "gross_margin": 40.82,
            "gross_margin_4q_avg": 38.55,
            "net_income": 130102,
            "revenue": 1566964,
            "common_shares": 799014,
            "book_valuer_per_share": 49.51,
            "book_valuer_per_share_4q_avg": 48.03,
            "equity": 3974769,
            "current_ratio": 153.83,
            "debt_ratio": 50.76,
            "inventory_turnover_ratio": 0.34,
            "account_receivable_turnover_ratio": 1.64,
            "reinvestment_rate": 90.43,
            "research_to_sale_ratio": 15.35,
            "price_fair": 170.22,
            "eps_avg_yearly": 4.86,
            "eps_latest_yearly": 1.36,
            "eps_growth_yearly": 32.73
        },
        "20184": {
            "year_quarter": 20184,
            "year": 2018,
            "quarter": 4,
            "eps": 1.99,
            "eps_growth_year": null,
            "eps_4q": 4.19,
            "eps_4q_growth_year": 129.52,
            "roe": 3.94,
            "roe_4q": 8.55,
            "gross_profit": 678265,
            "gross_margin": 41.76,
            "gross_margin_4q_avg": 39.39,
            "net_income": 159275,
            "revenue": 1624315,
            "common_shares": 799014,
            "book_valuer_per_share": 51.4,
            "book_valuer_per_share_4q_avg": 49.09,
            "equity": 4116931,
            "current_ratio": 159.83,
            "debt_ratio": 49.73,
            "inventory_turnover_ratio": 0.36,
            "account_receivable_turnover_ratio": 1.57,
            "reinvestment_rate": 53.66,
            "research_to_sale_ratio": 16.89,
            "price_fair": 176.4,
            "eps_avg_yearly": 5.04,
            "eps_latest_yearly": 7.96,
            "eps_growth_yearly": 57.87
        },
        "20191": {
            "year_quarter": 20191,
            "year": 2019,
            "quarter": 1,
            "eps": 1.15,
            "eps_growth_year": 29.21,
            "eps_4q": 4.45,
            "eps_4q_growth_year": 222.8,
            "roe": 2.21,
            "roe_4q": 8.93,
            "gross_profit": 486465,
            "gross_margin": 39.57,
            "gross_margin_4q_avg": 39.13,
            "net_income": 92038,
            "revenue": 1229404,
            "common_shares": 799014,
            "book_valuer_per_share": 52.72,
            "book_valuer_per_share_4q_avg": 50.23,
            "equity": 4222337,
            "current_ratio": 172.64,
            "debt_ratio": 46.99,
            "inventory_turnover_ratio": 0.29,
            "account_receivable_turnover_ratio": 1.22,
            "reinvestment_rate": 36.81,
            "research_to_sale_ratio": 14.1,
            "price_fair": 175.82,
            "eps_avg_yearly": 5.02,
            "eps_latest_yearly": 4.6,
            "eps_growth_yearly": 49.73
        },
        "20192": {
            "year_quarter": 20192,
            "year": 2019,
            "quarter": 2,
            "eps": 0.56,
            "eps_growth_year": null,
            "eps_4q": 5.31,
            "eps_4q_growth_year": 1169.84,
            "roe": 1.08,
            "roe_4q": 10.58,
            "gross_profit": 483782,
            "gross_margin": 37.23,
            "gross_margin_4q_avg": 39.85,
            "net_income": 44761,
            "revenue": 1299558,
            "common_shares": 799154,
            "book_valuer_per_share": 51.22,
            "book_valuer_per_share_4q_avg": 51.21,
            "equity": 4103327,
            "current_ratio": 170.53,
            "debt_ratio": 47.63,
            "inventory_turnover_ratio": 0.33,
            "account_receivable_turnover_ratio": 1.24,
            "reinvestment_rate": 20.35,
            "research_to_sale_ratio": 14.28,
            "price_fair": 170.45,
            "eps_avg_yearly": 4.87,
            "eps_latest_yearly": 2.24,
            "eps_growth_yearly": 37.63
        },
        "20193": {
            "year_quarter": 20193,
            "year": 2019,
            "quarter": 3,
            "eps": 1.79,
            "eps_growth_year": 11.18,
            "eps_4q": 5.49,
            "eps_4q_growth_year": 223.58,
            "roe": 3.42,
            "roe_4q": 10.65,
            "gross_profit": 600771,
            "gross_margin": 40.94,
            "gross_margin_4q_avg": 39.88,
            "net_income": 142734,
            "revenue": 1467362,
            "common_shares": 799154,
            "book_valuer_per_share": 52.86,
            "book_valuer_per_share_4q_avg": 52.05,
            "equity": 4233751,
            "current_ratio": 179.71,
            "debt_ratio": 45.37,
            "inventory_turnover_ratio": 0.37,
            "account_receivable_turnover_ratio": 1.29,
            "reinvestment_rate": -9.21,
            "research_to_sale_ratio": 11.86,
            "price_fair": 176.75,
            "eps_avg_yearly": 5.05,
            "eps_latest_yearly": 7.16,
            "eps_growth_yearly": 103.33
        },
        "20194": {
            "year_quarter": 20194,
            "year": 2019,
            "quarter": 4,
            "eps": 1.86,
            "eps_growth_year": -6.53,
            "eps_4q": 5.36,
            "eps_4q_growth_year": 27.95,
            "roe": 3.45,
            "roe_4q": 10.16,
            "gross_profit": 657883,
            "gross_margin": 43.31,
            "gross_margin_4q_avg": 40.26,
            "net_income": 148451,
            "revenue": 1518876,
            "common_shares": 799587,
            "book_valuer_per_share": 54.66,
            "book_valuer_per_share_4q_avg": 52.87,
            "equity": 4379845,
            "current_ratio": 181.98,
            "debt_ratio": 46.45,
            "inventory_turnover_ratio": 0.38,
            "account_receivable_turnover_ratio": 1.22,
            "reinvestment_rate": -9.6,
            "research_to_sale_ratio": 11.7,
            "price_fair": 195.65,
            "eps_avg_yearly": 5.59,
            "eps_latest_yearly": 7.44,
            "eps_growth_yearly": 131.57
        },
        "20201": {
            "year_quarter": 20201,
            "year": 2020,
            "quarter": 1,
            "eps": 1.8,
            "eps_growth_year": 56.52,
            "eps_4q": 6,
            "eps_4q_growth_year": 34.93,
            "roe": 3.23,
            "roe_4q": 11.18,
            "gross_profit": 565558,
            "gross_margin": 41.57,
            "gross_margin_4q_avg": 40.76,
            "net_income": 143799,
            "revenue": 1360580,
            "common_shares": 799587,
            "book_valuer_per_share": 56.39,
            "book_valuer_per_share_4q_avg": 53.78,
            "equity": 4518063,
            "current_ratio": 203.46,
            "debt_ratio": 44.19,
            "inventory_turnover_ratio": 0.35,
            "account_receivable_turnover_ratio": 1.04,
            "reinvestment_rate": -13.23,
            "research_to_sale_ratio": 11.5,
            "price_fair": 208.6,
            "eps_avg_yearly": 5.96,
            "eps_latest_yearly": 7.2,
            "eps_growth_yearly": 67.99
        },
        "20202": {
            "year_quarter": 20202,
            "year": 2020,
            "quarter": 2,
            "eps": 2.78,
            "eps_growth_year": 396.43,
            "eps_4q": 8.18,
            "eps_4q_growth_year": 54.04,
            "roe": 4.9,
            "roe_4q": 15.000000000000002,
            "gross_profit": 698763,
            "gross_margin": 44.97,
            "gross_margin_4q_avg": 42.7,
            "net_income": 221799,
            "revenue": 1553870,
            "common_shares": 802940,
            "book_valuer_per_share": 56.36,
            "book_valuer_per_share_4q_avg": 55.07,
            "equity": 4534237,
            "current_ratio": 195.71,
            "debt_ratio": 45.57,
            "inventory_turnover_ratio": 0.38,
            "account_receivable_turnover_ratio": 1.25,
            "reinvestment_rate": -4.21,
            "research_to_sale_ratio": 10.66,
            "price_fair": 219.33,
            "eps_avg_yearly": 6.27,
            "eps_latest_yearly": 11.12,
            "eps_growth_yearly": 29.62
        },
        "20203": {
            "year_quarter": 20203,
            "year": 2020,
            "quarter": 3,
            "eps": 2.5,
            "eps_growth_year": 39.66,
            "eps_4q": 8.07,
            "eps_4q_growth_year": 47.1,
            "roe": 4.43,
            "roe_4q": 16.01,
            "gross_profit": 681529,
            "gross_margin": 45.27,
            "gross_margin_4q_avg": 43.78,
            "net_income": 221163,
            "revenue": 1505440,
            "common_shares": 910684,
            "book_valuer_per_share": 59.77,
            "book_valuer_per_share_4q_avg": 56.8,
            "equity": 5451343,
            "current_ratio": 226.86,
            "debt_ratio": 34.53,
            "inventory_turnover_ratio": 0.35,
            "account_receivable_turnover_ratio": 1.26,
            "reinvestment_rate": 1.1,
            "research_to_sale_ratio": 11.57,
            "price_fair": 144.55,
            "eps_avg_yearly": 6.24,
            "eps_latest_yearly": 10,
            "eps_growth_yearly": 13.18
        },
        "20204": {
            "year_quarter": 20204,
            "year": 2020,
            "quarter": 4,
            "eps": 1.39,
            "eps_growth_year": -25.33,
            "eps_4q": 7.76,
            "eps_4q_growth_year": 44.83,
            "roe": 2.3,
            "roe_4q": 14.86,
            "gross_profit": 639715,
            "gross_margin": 42.49,
            "gross_margin_4q_avg": 43.58,
            "net_income": 127460,
            "revenue": 1505711,
            "common_shares": 920802,
            "book_valuer_per_share": 61.25,
            "book_valuer_per_share_4q_avg": 58.44,
            "equity": 5648918,
            "current_ratio": 211.53,
            "debt_ratio": 37.07,
            "inventory_turnover_ratio": 0.36,
            "account_receivable_turnover_ratio": 1.3,
            "reinvestment_rate": 8.39,
            "research_to_sale_ratio": 12.36,
            "price_fair": 101.35,
            "eps_avg_yearly": 6.05,
            "eps_latest_yearly": 5.56,
            "eps_growth_yearly": 6.74
        },
        "20211": {
            "year_quarter": 20211,
            "year": 2021,
            "quarter": 1,
            "eps": 1.5,
            "eps_growth_year": -16.67,
            "eps_4q": 7.68,
            "eps_4q_growth_year": 27.89,
            "roe": 2.42,
            "roe_4q": 14.049999999999999,
            "gross_profit": 587873,
            "gross_margin": 41.28,
            "gross_margin_4q_avg": 43.5,
            "net_income": 138526,
            "revenue": 1424166,
            "common_shares": 923814,
            "book_valuer_per_share": 62.77,
            "book_valuer_per_share_4q_avg": 60.04,
            "equity": 5807573,
            "current_ratio": 228.01,
            "debt_ratio": 34.8,
            "inventory_turnover_ratio": 0.34,
            "account_receivable_turnover_ratio": 1.29,
            "reinvestment_rate": 6.19,
            "research_to_sale_ratio": 12.59,
            "price_fair": 181.31,
            "eps_avg_yearly": 6.11,
            "eps_latest_yearly": 6,
            "eps_growth_yearly": 19.69
        },
        "20212": {
            "year_quarter": 20212,
            "year": 2021,
            "quarter": 2,
            "eps": 1.69,
            "eps_growth_year": -39.21,
            "eps_4q": 6.93,
            "eps_4q_growth_year": -15.31,
            "roe": 2.77,
            "roe_4q": 11.919999999999998,
            "gross_profit": 678846,
            "gross_margin": 43.06,
            "gross_margin_4q_avg": 43.03,
            "net_income": 157752,
            "revenue": 1576638,
            "common_shares": 930001,
            "book_valuer_per_share": 59.97,
            "book_valuer_per_share_4q_avg": 60.94,
            "equity": 5586313,
            "current_ratio": 197.33,
            "debt_ratio": 38.63,
            "inventory_turnover_ratio": 0.36,
            "account_receivable_turnover_ratio": 1.35,
            "reinvestment_rate": 8.71,
            "research_to_sale_ratio": 11.31,
            "price_fair": 225.75,
            "eps_avg_yearly": 6.45,
            "eps_latest_yearly": 6.76,
            "eps_growth_yearly": 40.83
        },
        "20213": {
            "year_quarter": 20213,
            "year": 2021,
            "quarter": 3,
            "eps": 1.88,
            "eps_growth_year": -24.8,
            "eps_4q": 6.38,
            "eps_4q_growth_year": -20.96,
            "roe": 3.11,
            "roe_4q": 10.600000000000001,
            "gross_profit": 682266,
            "gross_margin": 41.53,
            "gross_margin_4q_avg": 42.09,
            "net_income": 177719,
            "revenue": 1642671,
            "common_shares": 940738,
            "book_valuer_per_share": 61.86,
            "book_valuer_per_share_4q_avg": 61.46,
            "equity": 5828683,
            "current_ratio": 188.5,
            "debt_ratio": 38.79,
            "inventory_turnover_ratio": 0.37,
            "account_receivable_turnover_ratio": 1.24,
            "reinvestment_rate": 11.51,
            "research_to_sale_ratio": 11.12,
            "price_fair": 243.72,
            "eps_avg_yearly": 6.96,
            "eps_latest_yearly": 7.52,
            "eps_growth_yearly": 60.74
        },
        "20214": {
            "year_quarter": 20214,
            "year": 2021,
            "quarter": 4,
            "eps": 2.35,
            "eps_growth_year": 69.6,
            "eps_4q": 7.38,
            "eps_4q_growth_year": -4.95,
            "roe": 3.73,
            "roe_4q": 12.03,
            "gross_profit": 794431,
            "gross_margin": 42.59,
            "gross_margin_4q_avg": 42.12,
            "net_income": 221461,
            "revenue": 1865250,
            "common_shares": 940738,
            "book_valuer_per_share": 64.19,
            "book_valuer_per_share_4q_avg": 62.2,
            "equity": 6047802,
            "current_ratio": 213.94,
            "debt_ratio": 38.65,
            "inventory_turnover_ratio": 0.41,
            "account_receivable_turnover_ratio": 1.36,
            "reinvestment_rate": 9.57,
            "research_to_sale_ratio": 10.96,
            "price_fair": 250.28,
            "eps_avg_yearly": 7.15,
            "eps_latest_yearly": 9.4,
            "eps_growth_yearly": 63.76
        },
        "20221": {
            "year_quarter": 20221,
            "year": 2022,
            "quarter": 1,
            "eps": 3.25,
            "eps_growth_year": 116.67,
            "eps_4q": 9.16,
            "eps_4q_growth_year": 19.27,
            "roe": 4.93,
            "roe_4q": 14.54,
            "gross_profit": 785840,
            "gross_margin": 45.68,
            "gross_margin_4q_avg": 43.22,
            "net_income": 306230,
            "revenue": 1720155,
            "common_shares": 940784,
            "book_valuer_per_share": 67.68,
            "book_valuer_per_share_4q_avg": 63.43,
            "equity": 6376562,
            "current_ratio": 233.74,
            "debt_ratio": 36.46,
            "inventory_turnover_ratio": 0.36,
            "account_receivable_turnover_ratio": 1.2,
            "reinvestment_rate": 7.78,
            "research_to_sale_ratio": 10.07,
            "price_fair": 264.9,
            "eps_avg_yearly": 7.57,
            "eps_latest_yearly": 13,
            "eps_growth_yearly": 70.15
        },
        "20222": {
            "year_quarter": 20222,
            "year": 2022,
            "quarter": 2,
            "eps": 3.21,
            "eps_growth_year": 89.94,
            "eps_4q": 10.69,
            "eps_4q_growth_year": 54.27,
            "roe": 4.76,
            "roe_4q": 16.53,
            "gross_profit": 842388,
            "gross_margin": 44.72,
            "gross_margin_4q_avg": 43.63,
            "net_income": 301558,
            "revenue": 1883877,
            "common_shares": 940784,
            "book_valuer_per_share": 66.73,
            "book_valuer_per_share_4q_avg": 65.12,
            "equity": 6286765,
            "current_ratio": 210.87,
            "debt_ratio": 39.56,
            "inventory_turnover_ratio": 0.39,
            "account_receivable_turnover_ratio": 1.26,
            "reinvestment_rate": 13.61,
            "research_to_sale_ratio": 9.63,
            "price_fair": 277.2,
            "eps_avg_yearly": 7.92,
            "eps_latest_yearly": 12.84,
            "eps_growth_yearly": 65.14
        },
        "20223": {
            "year_quarter": 20223,
            "year": 2022,
            "quarter": 3,
            "eps": 3.88,
            "eps_growth_year": 106.38,
            "eps_4q": 12.67,
            "eps_4q_growth_year": 98.58,
            "roe": 5.64,
            "roe_4q": 19.06,
            "gross_profit": 899929,
            "gross_margin": 46.48,
            "gross_margin_4q_avg": 44.87,
            "net_income": 365073,
            "revenue": 1936298,
            "common_shares": 942311,
            "book_valuer_per_share": 70.55,
            "book_valuer_per_share_4q_avg": 67.29,
            "equity": 6656454,
            "current_ratio": 232.72,
            "debt_ratio": 36.52,
            "inventory_turnover_ratio": 0.38,
            "account_receivable_turnover_ratio": 1.33,
            "reinvestment_rate": 11.22,
            "research_to_sale_ratio": 10.15,
            "price_fair": 293.83,
            "eps_avg_yearly": 8.4,
            "eps_latest_yearly": 15.52,
            "eps_growth_yearly": 66.29
        },
        "20224": {
            "year_quarter": 20224,
            "year": 2022,
            "quarter": 4,
            "eps": 2.55,
            "eps_growth_year": 8.61,
            "eps_4q": 12.88,
            "eps_4q_growth_year": 74.62,
            "roe": 3.53,
            "roe_4q": 18.86,
            "gross_profit": 879922,
            "gross_margin": 46.34,
            "gross_margin_4q_avg": 45.81,
            "net_income": 239401,
            "revenue": 1898845,
            "common_shares": 942311,
            "book_valuer_per_share": 73.07,
            "book_valuer_per_share_4q_avg": 69.51,
            "equity": 6893993,
            "current_ratio": 229.37,
            "debt_ratio": 36.77,
            "inventory_turnover_ratio": 0.37,
            "account_receivable_turnover_ratio": 1.5,
            "reinvestment_rate": 13.01,
            "research_to_sale_ratio": 10.35,
            "price_fair": 298.73,
            "eps_avg_yearly": 8.54,
            "eps_latest_yearly": 10.2,
            "eps_growth_yearly": 51.82
        },
        "20231": {
            "year_quarter": 20231,
            "year": 2023,
            "quarter": 1,
            "eps": 2.98,
            "eps_growth_year": -8.31,
            "eps_4q": 12.61,
            "eps_4q_growth_year": 37.64,
            "roe": 3.97,
            "roe_4q": 17.9,
            "gross_profit": 844191,
            "gross_margin": 47.33,
            "gross_margin_4q_avg": 46.22,
            "net_income": 279721,
            "revenue": 1783537,
            "common_shares": 942311,
            "book_valuer_per_share": 76.38,
            "book_valuer_per_share_4q_avg": 71.68,
            "equity": 7204582,
            "current_ratio": 250.09,
            "debt_ratio": 34.26,
            "inventory_turnover_ratio": 0.34,
            "account_receivable_turnover_ratio": 1.55,
            "reinvestment_rate": 15.3,
            "research_to_sale_ratio": 10.02,
            "price_fair": 314.74,
            "eps_avg_yearly": 8.99,
            "eps_latest_yearly": 11.92,
            "eps_growth_yearly": 66.59
        },
        "20232": {
            "year_quarter": 20232,
            "year": 2023,
            "quarter": 2,
            "eps": 3.64,
            "eps_growth_year": 13.4,
            "eps_4q": 13.05,
            "eps_4q_growth_year": 22.02,
            "roe": 4.85,
            "roe_4q": 17.99,
            "gross_profit": 977623,
            "gross_margin": 48.45,
            "gross_margin_4q_avg": 47.15,
            "net_income": 342955,
            "revenue": 2017833,
            "common_shares": 942311,
            "book_valuer_per_share": 73.41,
            "book_valuer_per_share_4q_avg": 73.35,
            "equity": 6924790,
            "current_ratio": 173.61,
            "debt_ratio": 41.14,
            "inventory_turnover_ratio": 0.37,
            "account_receivable_turnover_ratio": 1.58,
            "reinvestment_rate": 15.73,
            "research_to_sale_ratio": 10.08,
            "price_fair": 341.69,
            "eps_avg_yearly": 9.76,
            "eps_latest_yearly": 14.56,
            "eps_growth_yearly": 84.95
        }
    },
    "months": {
        "2003-01": {
            "month": "2003-01",
            "price": "50.48",
            "revenue": 30292
        },
        "2003-02": {
            "month": "2003-02",
            "price": "49.98",
            "revenue": 22596
        },
        "2003-03": {
            "month": "2003-03",
            "price": "48.23",
            "revenue": 34507
        },
        "2003-04": {
            "month": "2003-04",
            "price": "46.06",
            "revenue": 46357
        },
        "2003-05": {
            "month": "2003-05",
            "price": "43.24",
            "revenue": 31610
        },
        "2003-06": {
            "month": "2003-06",
            "price": "44.63",
            "revenue": 51035
        },
        "2003-07": {
            "month": "2003-07",
            "price": "46.07",
            "revenue": 33112
        },
        "2003-08": {
            "month": "2003-08",
            "price": "45.13",
            "revenue": 31832
        },
        "2003-09": {
            "month": "2003-09",
            "price": "47.28",
            "revenue": 39896
        },
        "2003-10": {
            "month": "2003-10",
            "price": "53.89",
            "revenue": 50123
        },
        "2003-11": {
            "month": "2003-11",
            "price": "54.95",
            "revenue": 57443
        },
        "2003-12": {
            "month": "2003-12",
            "price": "55.59",
            "revenue": 75114
        },
        "2004-01": {
            "month": "2004-01",
            "price": "62.33",
            "revenue": 57524
        },
        "2004-02": {
            "month": "2004-02",
            "price": "81.25",
            "revenue": 53730
        },
        "2004-03": {
            "month": "2004-03",
            "price": "75.48",
            "revenue": 69897
        },
        "2004-04": {
            "month": "2004-04",
            "price": "94.16",
            "revenue": 101779
        },
        "2004-05": {
            "month": "2004-05",
            "price": "93.45",
            "revenue": 114443
        },
        "2004-06": {
            "month": "2004-06",
            "price": "86.00",
            "revenue": 118894
        },
        "2004-07": {
            "month": "2004-07",
            "price": "82.23",
            "revenue": 90837
        },
        "2004-08": {
            "month": "2004-08",
            "price": "76.58",
            "revenue": 101186
        },
        "2004-09": {
            "month": "2004-09",
            "price": "91.26",
            "revenue": 114768
        },
        "2004-10": {
            "month": "2004-10",
            "price": "85.95",
            "revenue": 107297
        },
        "2004-11": {
            "month": "2004-11",
            "price": "82.48",
            "revenue": 100129
        },
        "2004-12": {
            "month": "2004-12",
            "price": "79.91",
            "revenue": 60119
        },
        "2005-01": {
            "month": "2005-01",
            "price": "74.05",
            "revenue": 80337
        },
        "2005-02": {
            "month": "2005-02",
            "price": "84.08",
            "revenue": 51520
        },
        "2005-03": {
            "month": "2005-03",
            "price": "89.39",
            "revenue": 75237
        },
        "2005-04": {
            "month": "2005-04",
            "price": "85.07",
            "revenue": 74571
        },
        "2005-05": {
            "month": "2005-05",
            "price": "78.03",
            "revenue": 73328
        },
        "2005-06": {
            "month": "2005-06",
            "price": "81.37",
            "revenue": 68421
        },
        "2005-07": {
            "month": "2005-07",
            "price": "84.53",
            "revenue": 60994
        },
        "2005-08": {
            "month": "2005-08",
            "price": "71.55",
            "revenue": 62072
        },
        "2005-09": {
            "month": "2005-09",
            "price": "64.35",
            "revenue": 79010
        },
        "2005-10": {
            "month": "2005-10",
            "price": "64.40",
            "revenue": 93634
        },
        "2005-11": {
            "month": "2005-11",
            "price": "64.19",
            "revenue": 102920
        },
        "2005-12": {
            "month": "2005-12",
            "price": "82.42",
            "revenue": 98365
        },
        "2006-01": {
            "month": "2006-01",
            "price": "89.17",
            "revenue": 103657
        },
        "2006-02": {
            "month": "2006-02",
            "price": "84.37",
            "revenue": 80506
        },
        "2006-03": {
            "month": "2006-03",
            "price": "88.95",
            "revenue": 110822
        },
        "2006-04": {
            "month": "2006-04",
            "price": "110.43",
            "revenue": 120428
        },
        "2006-05": {
            "month": "2006-05",
            "price": "117.21",
            "revenue": 125161
        },
        "2006-06": {
            "month": "2006-06",
            "price": "103.30",
            "revenue": 130181
        },
        "2006-07": {
            "month": "2006-07",
            "price": "88.17",
            "revenue": 132073
        },
        "2006-08": {
            "month": "2006-08",
            "price": "88.01",
            "revenue": 130981
        },
        "2006-09": {
            "month": "2006-09",
            "price": "86.66",
            "revenue": 130070
        },
        "2006-10": {
            "month": "2006-10",
            "price": "82.93",
            "revenue": 127166
        },
        "2006-11": {
            "month": "2006-11",
            "price": "79.40",
            "revenue": 129983
        },
        "2006-12": {
            "month": "2006-12",
            "price": "90.84",
            "revenue": 127912
        },
        "2007-01": {
            "month": "2007-01",
            "price": "106.92",
            "revenue": 120420
        },
        "2007-02": {
            "month": "2007-02",
            "price": "117.21",
            "revenue": 99208
        },
        "2007-03": {
            "month": "2007-03",
            "price": "118.74",
            "revenue": 130459
        },
        "2007-04": {
            "month": "2007-04",
            "price": "112.00",
            "revenue": 140410
        },
        "2007-05": {
            "month": "2007-05",
            "price": "111.93",
            "revenue": 145260
        },
        "2007-06": {
            "month": "2007-06",
            "price": "131.70",
            "revenue": 135416
        },
        "2007-07": {
            "month": "2007-07",
            "price": "151.93",
            "revenue": 146201
        },
        "2007-08": {
            "month": "2007-08",
            "price": "137.67",
            "revenue": 148089
        },
        "2007-09": {
            "month": "2007-09",
            "price": "122.69",
            "revenue": 142002
        },
        "2007-10": {
            "month": "2007-10",
            "price": "113.82",
            "revenue": 165414
        },
        "2007-11": {
            "month": "2007-11",
            "price": "103.29",
            "revenue": 174736
        },
        "2007-12": {
            "month": "2007-12",
            "price": "101.95",
            "revenue": 160130
        },
        "2008-01": {
            "month": "2008-01",
            "price": "76.53",
            "revenue": 155018
        },
        "2008-02": {
            "month": "2008-02",
            "price": "73.46",
            "revenue": 129220
        },
        "2008-03": {
            "month": "2008-03",
            "price": "77.23",
            "revenue": 165095
        },
        "2008-04": {
            "month": "2008-04",
            "price": "89.23",
            "revenue": 186775
        },
        "2008-05": {
            "month": "2008-05",
            "price": "96.54",
            "revenue": 190514
        },
        "2008-06": {
            "month": "2008-06",
            "price": "87.73",
            "revenue": 192077
        },
        "2008-07": {
            "month": "2008-07",
            "price": "75.39",
            "revenue": 175252
        },
        "2008-08": {
            "month": "2008-08",
            "price": "71.35",
            "revenue": 158593
        },
        "2008-09": {
            "month": "2008-09",
            "price": "44.65",
            "revenue": 150210
        },
        "2008-10": {
            "month": "2008-10",
            "price": "34.18",
            "revenue": 162046
        },
        "2008-11": {
            "month": "2008-11",
            "price": "22.66",
            "revenue": 148146
        },
        "2008-12": {
            "month": "2008-12",
            "price": "21.17",
            "revenue": 132659
        },
        "2009-01": {
            "month": "2009-01",
            "price": "20.99",
            "revenue": 84617
        },
        "2009-02": {
            "month": "2009-02",
            "price": "24.01",
            "revenue": 73272
        },
        "2009-03": {
            "month": "2009-03",
            "price": "27.92",
            "revenue": 104237
        },
        "2009-04": {
            "month": "2009-04",
            "price": "34.32",
            "revenue": 112077
        },
        "2009-05": {
            "month": "2009-05",
            "price": "38.78",
            "revenue": 119100
        },
        "2009-06": {
            "month": "2009-06",
            "price": "38.09",
            "revenue": 103271
        },
        "2009-07": {
            "month": "2009-07",
            "price": "38.73",
            "revenue": 113190
        },
        "2009-08": {
            "month": "2009-08",
            "price": "35.21",
            "revenue": 120046
        },
        "2009-09": {
            "month": "2009-09",
            "price": "35.85",
            "revenue": 131550
        },
        "2009-10": {
            "month": "2009-10",
            "price": "42.18",
            "revenue": 140140
        },
        "2009-11": {
            "month": "2009-11",
            "price": "57.07",
            "revenue": 140459
        },
        "2009-12": {
            "month": "2009-12",
            "price": "82.33",
            "revenue": 144077
        },
        "2010-01": {
            "month": "2010-01",
            "price": "101.84",
            "revenue": 154211
        },
        "2010-02": {
            "month": "2010-02",
            "price": "102.31",
            "revenue": 160309
        },
        "2010-03": {
            "month": "2010-03",
            "price": "117.17",
            "revenue": 199735
        },
        "2010-04": {
            "month": "2010-04",
            "price": "108.00",
            "revenue": 281273
        },
        "2010-05": {
            "month": "2010-05",
            "price": "118.36",
            "revenue": 269791
        },
        "2010-06": {
            "month": "2010-06",
            "price": "115.24",
            "revenue": 284255
        },
        "2010-07": {
            "month": "2010-07",
            "price": "115.09",
            "revenue": 345421
        },
        "2010-08": {
            "month": "2010-08",
            "price": "107.64",
            "revenue": 360378
        },
        "2010-09": {
            "month": "2010-09",
            "price": "96.27",
            "revenue": 373744
        },
        "2010-10": {
            "month": "2010-10",
            "price": "98.10",
            "revenue": 402946
        },
        "2010-11": {
            "month": "2010-11",
            "price": "94.76",
            "revenue": 393417
        },
        "2010-12": {
            "month": "2010-12",
            "price": "102.08",
            "revenue": 354236
        },
        "2011-01": {
            "month": "2011-01",
            "price": "117.22",
            "revenue": 365511
        },
        "2011-02": {
            "month": "2011-02",
            "price": "118.18",
            "revenue": 310280
        },
        "2011-03": {
            "month": "2011-03",
            "price": "125.61",
            "revenue": 335987
        },
        "2011-04": {
            "month": "2011-04",
            "price": "108.45",
            "revenue": 374553
        },
        "2011-05": {
            "month": "2011-05",
            "price": "108.31",
            "revenue": 355249
        },
        "2011-06": {
            "month": "2011-06",
            "price": "112.07",
            "revenue": 348605
        },
        "2011-07": {
            "month": "2011-07",
            "price": "99.30",
            "revenue": 341086
        },
        "2011-08": {
            "month": "2011-08",
            "price": "78.50",
            "revenue": 328620
        },
        "2011-09": {
            "month": "2011-09",
            "price": "80.42",
            "revenue": 321179
        },
        "2011-10": {
            "month": "2011-10",
            "price": "83.68",
            "revenue": 300572
        },
        "2011-11": {
            "month": "2011-11",
            "price": "79.13",
            "revenue": 241480
        },
        "2011-12": {
            "month": "2011-12",
            "price": "65.67",
            "revenue": 203044
        },
        "2012-01": {
            "month": "2012-01",
            "price": "67.01",
            "revenue": 112356
        },
        "2012-02": {
            "month": "2012-02",
            "price": "79.88",
            "revenue": 129154
        },
        "2012-03": {
            "month": "2012-03",
            "price": "79.81",
            "revenue": 233520
        },
        "2012-04": {
            "month": "2012-04",
            "price": "70.44",
            "revenue": 216549
        },
        "2012-05": {
            "month": "2012-05",
            "price": "63.20",
            "revenue": 242223
        },
        "2012-06": {
            "month": "2012-06",
            "price": "57.47",
            "revenue": 288633
        },
        "2012-07": {
            "month": "2012-07",
            "price": "59.50",
            "revenue": 192348
        },
        "2012-08": {
            "month": "2012-08",
            "price": "62.15",
            "revenue": 229691
        },
        "2012-09": {
            "month": "2012-09",
            "price": "63.60",
            "revenue": 241429
        },
        "2012-10": {
            "month": "2012-10",
            "price": "54.37",
            "revenue": 291952
        },
        "2012-11": {
            "month": "2012-11",
            "price": "44.76",
            "revenue": 237182
        },
        "2012-12": {
            "month": "2012-12",
            "price": "54.21",
            "revenue": 263444
        },
        "2013-01": {
            "month": "2013-01",
            "price": "56.11",
            "revenue": 279056
        },
        "2013-02": {
            "month": "2013-02",
            "price": "59.48",
            "revenue": 217605
        },
        "2013-03": {
            "month": "2013-03",
            "price": "66.50",
            "revenue": 238336
        },
        "2013-04": {
            "month": "2013-04",
            "price": "70.73",
            "revenue": 215347
        },
        "2013-05": {
            "month": "2013-05",
            "price": "64.84",
            "revenue": 270784
        },
        "2013-06": {
            "month": "2013-06",
            "price": "66.16",
            "revenue": 302669
        },
        "2013-07": {
            "month": "2013-07",
            "price": "68.70",
            "revenue": 280391
        },
        "2013-08": {
            "month": "2013-08",
            "price": "58.44",
            "revenue": 249107
        },
        "2013-09": {
            "month": "2013-09",
            "price": "53.06",
            "revenue": 257067
        },
        "2013-10": {
            "month": "2013-10",
            "price": "50.25",
            "revenue": 266216
        },
        "2013-11": {
            "month": "2013-11",
            "price": "54.19",
            "revenue": 245783
        },
        "2013-12": {
            "month": "2013-12",
            "price": "60.05",
            "revenue": 214200
        },
        "2014-01": {
            "month": "2014-01",
            "price": "69.19",
            "revenue": 209106
        },
        "2014-02": {
            "month": "2014-02",
            "price": "82.17",
            "revenue": 206995
        },
        "2014-03": {
            "month": "2014-03",
            "price": "95.23",
            "revenue": 321076
        },
        "2014-04": {
            "month": "2014-04",
            "price": "86.45",
            "revenue": 312116
        },
        "2014-05": {
            "month": "2014-05",
            "price": "87.10",
            "revenue": 310906
        },
        "2014-06": {
            "month": "2014-06",
            "price": "99.75",
            "revenue": 289682
        },
        "2014-07": {
            "month": "2014-07",
            "price": "102.05",
            "revenue": 468211
        },
        "2014-08": {
            "month": "2014-08",
            "price": "97.16",
            "revenue": 429014
        },
        "2014-09": {
            "month": "2014-09",
            "price": "99.47",
            "revenue": 425761
        },
        "2014-10": {
            "month": "2014-10",
            "price": "96.39",
            "revenue": 408601
        },
        "2014-11": {
            "month": "2014-11",
            "price": "104.32",
            "revenue": 451747
        },
        "2014-12": {
            "month": "2014-12",
            "price": "122.38",
            "revenue": 346990
        },
        "2015-01": {
            "month": "2015-01",
            "price": "112.22",
            "revenue": 333635
        },
        "2015-02": {
            "month": "2015-02",
            "price": "109.23",
            "revenue": 256551
        },
        "2015-03": {
            "month": "2015-03",
            "price": "111.00",
            "revenue": 341464
        },
        "2015-04": {
            "month": "2015-04",
            "price": "93.41",
            "revenue": 349547
        },
        "2015-05": {
            "month": "2015-05",
            "price": "88.24",
            "revenue": 307221
        },
        "2015-06": {
            "month": "2015-06",
            "price": "82.75",
            "revenue": 363042
        },
        "2015-07": {
            "month": "2015-07",
            "price": "73.25",
            "revenue": 332354
        },
        "2015-08": {
            "month": "2015-08",
            "price": "58.24",
            "revenue": 376702
        },
        "2015-09": {
            "month": "2015-09",
            "price": "55.93",
            "revenue": 349610
        },
        "2015-10": {
            "month": "2015-10",
            "price": "61.85",
            "revenue": 319530
        },
        "2015-11": {
            "month": "2015-11",
            "price": "66.71",
            "revenue": 351931
        },
        "2015-12": {
            "month": "2015-12",
            "price": "63.48",
            "revenue": 331894
        },
        "2016-01": {
            "month": "2016-01",
            "price": "54.46",
            "revenue": 311021
        },
        "2016-02": {
            "month": "2016-02",
            "price": "66.92",
            "revenue": 242481
        },
        "2016-03": {
            "month": "2016-03",
            "price": "82.50",
            "revenue": 354241
        },
        "2016-04": {
            "month": "2016-04",
            "price": "75.07",
            "revenue": 419630
        },
        "2016-05": {
            "month": "2016-05",
            "price": "74.55",
            "revenue": 438497
        },
        "2016-06": {
            "month": "2016-06",
            "price": "81.50",
            "revenue": 433948
        },
        "2016-07": {
            "month": "2016-07",
            "price": "84.90",
            "revenue": 473138
        },
        "2016-08": {
            "month": "2016-08",
            "price": "85.64",
            "revenue": 482049
        },
        "2016-09": {
            "month": "2016-09",
            "price": "84.73",
            "revenue": 473628
        },
        "2016-10": {
            "month": "2016-10",
            "price": "81.20",
            "revenue": 469141
        },
        "2016-11": {
            "month": "2016-11",
            "price": "81.92",
            "revenue": 422767
        },
        "2016-12": {
            "month": "2016-12",
            "price": "86.35",
            "revenue": 432714
        },
        "2017-01": {
            "month": "2017-01",
            "price": "95.58",
            "revenue": 313878
        },
        "2017-02": {
            "month": "2017-02",
            "price": "92.65",
            "revenue": 388244
        },
        "2017-03": {
            "month": "2017-03",
            "price": "92.48",
            "revenue": 426136
        },
        "2017-04": {
            "month": "2017-04",
            "price": "106.17",
            "revenue": 323490
        },
        "2017-05": {
            "month": "2017-05",
            "price": "106.80",
            "revenue": 392179
        },
        "2017-06": {
            "month": "2017-06",
            "price": "98.60",
            "revenue": 391831
        },
        "2017-07": {
            "month": "2017-07",
            "price": "91.34",
            "revenue": 315010
        },
        "2017-08": {
            "month": "2017-08",
            "price": "85.92",
            "revenue": 326608
        },
        "2017-09": {
            "month": "2017-09",
            "price": "77.40",
            "revenue": 416017
        },
        "2017-10": {
            "month": "2017-10",
            "price": "72.43",
            "revenue": 377439
        },
        "2017-11": {
            "month": "2017-11",
            "price": "70.86",
            "revenue": 436725
        },
        "2017-12": {
            "month": "2017-12",
            "price": "65.90",
            "revenue": 341713
        },
        "2018-01": {
            "month": "2018-01",
            "price": "69.81",
            "revenue": 349478
        },
        "2018-02": {
            "month": "2018-02",
            "price": "64.39",
            "revenue": 297223
        },
        "2018-03": {
            "month": "2018-03",
            "price": "62.61",
            "revenue": 445107
        },
        "2018-04": {
            "month": "2018-04",
            "price": "56.22",
            "revenue": 300023
        },
        "2018-05": {
            "month": "2018-05",
            "price": "55.74",
            "revenue": 341484
        },
        "2018-06": {
            "month": "2018-06",
            "price": "62.13",
            "revenue": 462716
        },
        "2018-07": {
            "month": "2018-07",
            "price": "60.66",
            "revenue": 470192
        },
        "2018-08": {
            "month": "2018-08",
            "price": "66.69",
            "revenue": 489140
        },
        "2018-09": {
            "month": "2018-09",
            "price": "64.08",
            "revenue": 607645
        },
        "2018-10": {
            "month": "2018-10",
            "price": "52.24",
            "revenue": 479271
        },
        "2018-11": {
            "month": "2018-11",
            "price": "51.90",
            "revenue": 580079
        },
        "2018-12": {
            "month": "2018-12",
            "price": "54.20",
            "revenue": 569389
        },
        "2019-01": {
            "month": "2019-01",
            "price": "61.38",
            "revenue": 466465
        },
        "2019-02": {
            "month": "2019-02",
            "price": "63.44",
            "revenue": 328812
        },
        "2019-03": {
            "month": "2019-03",
            "price": "65.72",
            "revenue": 434250
        },
        "2019-04": {
            "month": "2019-04",
            "price": "73.42",
            "revenue": 406904
        },
        "2019-05": {
            "month": "2019-05",
            "price": "65.03",
            "revenue": 439720
        },
        "2019-06": {
            "month": "2019-06",
            "price": "59.66",
            "revenue": 452932
        },
        "2019-07": {
            "month": "2019-07",
            "price": "65.87",
            "revenue": 464336
        },
        "2019-08": {
            "month": "2019-08",
            "price": "63.06",
            "revenue": 502682
        },
        "2019-09": {
            "month": "2019-09",
            "price": "65.34",
            "revenue": 498778
        },
        "2019-10": {
            "month": "2019-10",
            "price": "62.46",
            "revenue": 494092
        },
        "2019-11": {
            "month": "2019-11",
            "price": "64.28",
            "revenue": 499356
        },
        "2019-12": {
            "month": "2019-12",
            "price": "76.66",
            "revenue": 525211
        },
        "2020-01": {
            "month": "2020-01",
            "price": "76.78",
            "revenue": 416126
        },
        "2020-02": {
            "month": "2020-02",
            "price": "74.93",
            "revenue": 432019
        },
        "2020-03": {
            "month": "2020-03",
            "price": "57.65",
            "revenue": 512434
        },
        "2020-04": {
            "month": "2020-04",
            "price": "60.50",
            "revenue": 520490
        },
        "2020-05": {
            "month": "2020-05",
            "price": "77.13",
            "revenue": 507119
        },
        "2020-06": {
            "month": "2020-06",
            "price": "83.23",
            "revenue": 526261
        },
        "2020-07": {
            "month": "2020-07",
            "price": "133.11",
            "revenue": 521179
        },
        "2020-08": {
            "month": "2020-08",
            "price": "126.26",
            "revenue": 478854
        },
        "2020-09": {
            "month": "2020-09",
            "price": "106.82",
            "revenue": 505438
        },
        "2020-10": {
            "month": "2020-10",
            "price": "96.55",
            "revenue": 478811
        },
        "2020-11": {
            "month": "2020-11",
            "price": "112.29",
            "revenue": 448025
        },
        "2020-12": {
            "month": "2020-12",
            "price": "111.02",
            "revenue": 578875
        },
        "2021-01": {
            "month": "2021-01",
            "price": "117.50",
            "revenue": 511003
        },
        "2021-02": {
            "month": "2021-02",
            "price": "114.81",
            "revenue": 468976
        },
        "2021-03": {
            "month": "2021-03",
            "price": "115.59",
            "revenue": 444187
        },
        "2021-04": {
            "month": "2021-04",
            "price": "131.95",
            "revenue": 487697
        },
        "2021-05": {
            "month": "2021-05",
            "price": "107.30",
            "revenue": 544074
        },
        "2021-06": {
            "month": "2021-06",
            "price": "124.71",
            "revenue": 544869
        },
        "2021-07": {
            "month": "2021-07",
            "price": "141.95",
            "revenue": 513659
        },
        "2021-08": {
            "month": "2021-08",
            "price": "151.07",
            "revenue": 529778
        },
        "2021-09": {
            "month": "2021-09",
            "price": "128.25",
            "revenue": 599234
        },
        "2021-10": {
            "month": "2021-10",
            "price": "117.10",
            "revenue": 591074
        },
        "2021-11": {
            "month": "2021-11",
            "price": "119.34",
            "revenue": 591893
        },
        "2021-12": {
            "month": "2021-12",
            "price": "113.41",
            "revenue": 682101
        },
        "2022-01": {
            "month": "2022-01",
            "price": "114.42",
            "revenue": 611021
        },
        "2022-02": {
            "month": "2022-02",
            "price": "109.77",
            "revenue": 494106
        },
        "2022-03": {
            "month": "2022-03",
            "price": "102.76",
            "revenue": 615047
        },
        "2022-04": {
            "month": "2022-04",
            "price": "94.34",
            "revenue": 638738
        },
        "2022-05": {
            "month": "2022-05",
            "price": "98.22",
            "revenue": 615917
        },
        "2022-06": {
            "month": "2022-06",
            "price": "97.60",
            "revenue": 629337
        },
        "2022-07": {
            "month": "2022-07",
            "price": "83.83",
            "revenue": 634015
        },
        "2022-08": {
            "month": "2022-08",
            "price": "94.46",
            "revenue": 641894
        },
        "2022-09": {
            "month": "2022-09",
            "price": "89.80",
            "revenue": 660307
        },
        "2022-10": {
            "month": "2022-10",
            "price": "82.22",
            "revenue": 609057
        },
        "2022-11": {
            "month": "2022-11",
            "price": "100.11",
            "revenue": 601335
        },
        "2022-12": {
            "month": "2022-12",
            "price": "119.23",
            "revenue": 688453
        },
        "2023-01": {
            "month": "2023-01",
            "price": "117.04",
            "revenue": 579137
        },
        "2023-02": {
            "month": "2023-02",
            "price": "122.72",
            "revenue": 584923
        },
        "2023-03": {
            "month": "2023-03",
            "price": "128.22",
            "revenue": 619478
        },
        "2023-04": {
            "month": "2023-04",
            "price": "133.53",
            "revenue": 686952
        },
        "2023-05": {
            "month": "2023-05",
            "price": "144.57",
            "revenue": 669853
        },
        "2023-06": {
            "month": "2023-06",
            "price": "170.18",
            "revenue": 656272
        },
        "2023-07": {
            "month": "2023-07",
            "price": "186.45",
            "revenue": 700749
        },
        "2023-08": {
            "month": "2023-08",
            "price": "193.84",
            "revenue": 713082
        }
    }
}
