{
    "summary": {
        "stock_name": "聚鼎",
        "stock_id": "6224",
        "category": "電子零組件",
        "main_business": "高分子正溫度係數熱敏電阻",
        "website_url": "http://www.pttc.com.tw",
        "ceo": "王紹裘",
        "pe_ratio": 100,
        "report_year_from": 2001,
        "report_year_to": 2023,
        "age": 22,
        "eps_negative_percentage": 0,
        "eps_growth_avg": {
            "last_all": 5.45,
            "last_2y": -17.77,
            "last_4y": -8.29,
            "last_8y": -5.7,
            "last_12y": 1.14,
            "last_16y": 2.98,
            "last_20y": 5.45,
            "at_2006_last_3y": 1.87,
            "at_2007_last_3y": -0.26,
            "at_2008_last_3y": -1.93,
            "at_2009_last_3y": 8.96,
            "at_2010_last_3y": 19.87,
            "at_2011_last_3y": 15.7,
            "at_2012_last_3y": 23.09,
            "at_2013_last_3y": 16.54,
            "at_2014_last_3y": 1.89,
            "at_2015_last_3y": 5.56,
            "at_2016_last_3y": 1.36,
            "at_2017_last_3y": -2.47,
            "at_2018_last_3y": -2.25,
            "at_2019_last_3y": -5.08,
            "at_2020_last_3y": 0.45,
            "at_2021_last_3y": 10.28,
            "at_2022_last_3y": -12.01,
            "at_2023_last_3y": -12.01,
            "at_2006_last_all": 16.89,
            "at_2007_last_all": 17.18,
            "at_2008_last_all": 11.02,
            "at_2009_last_all": 12.45,
            "at_2010_last_all": 18.21,
            "at_2011_last_all": 16.59,
            "at_2012_last_all": 15.4,
            "at_2013_last_all": 13.82,
            "at_2014_last_all": 13.19,
            "at_2015_last_all": 13.44,
            "at_2016_last_all": 11.66,
            "at_2017_last_all": 9.74,
            "at_2018_last_all": 9.56,
            "at_2019_last_all": 9.32,
            "at_2020_last_all": 9.3,
            "at_2021_last_all": 9.85,
            "at_2022_last_all": 5.45,
            "at_2023_last_all": 5.45
        },
        "latest_eps": 0.18,
        "latest_price": 63.5,
        "latest_roe": -6.33,
        "latest_gross_margin": 20.82,
        "latest_equity": 2841014,
        "latest_revenue": 662142,
        "latest_gross_profit": 137825,
        "latest_net_income": -20126,
        "latest_debt_ratio": 37.17,
        "latest_current_ratio": 191.91,
        "latest_account_receivable_turnover_ratio": 0.94,
        "latest_inventory_turnover_ratio": 0.7,
        "latest_reinvestment_rate": 27.58,
        "latest_research_to_sale_ratio": 8.87
    },
    "eps_dividends": {
        "2001": {
            "cash": 0,
            "stock": 0.33,
            "eps": 1.52
        },
        "2002": {
            "cash": 0,
            "stock": 3.19,
            "eps": 2.69
        },
        "2003": {
            "cash": 0.5,
            "stock": 2.5,
            "eps": 3.42
        },
        "2004": {
            "cash": 1.5,
            "stock": 1.5,
            "eps": 2.76
        },
        "2005": {
            "cash": 1.95,
            "stock": 0,
            "eps": 2.18
        },
        "2006": {
            "cash": 1.61,
            "stock": 0.25,
            "eps": 2.63
        },
        "2007": {
            "cash": 1.68,
            "stock": 0.5,
            "eps": 3.12
        },
        "2008": {
            "cash": 2.16,
            "stock": 0.25,
            "eps": 2.31
        },
        "2009": {
            "cash": 2.05,
            "stock": 0,
            "eps": 2.83
        },
        "2010": {
            "cash": 2.49,
            "stock": 0,
            "eps": 4.65
        },
        "2011": {
            "cash": 7.48,
            "stock": 0,
            "eps": 4.74
        },
        "2012": {
            "cash": 0,
            "stock": 0,
            "eps": 4.91
        },
        "2013": {
            "cash": 4.1,
            "stock": 0,
            "eps": 4.73
        },
        "2014": {
            "cash": 4.1,
            "stock": 0,
            "eps": 5
        },
        "2015": {
            "cash": 4.2,
            "stock": 0,
            "eps": 5.83
        },
        "2016": {
            "cash": 4.3,
            "stock": 0,
            "eps": 5.06
        },
        "2017": {
            "cash": 4.55,
            "stock": 0,
            "eps": 4.1
        },
        "2018": {
            "cash": 3,
            "stock": 0,
            "eps": 4.37
        },
        "2019": {
            "cash": 3.75,
            "stock": 0,
            "eps": 4.6
        },
        "2020": {
            "cash": 4,
            "stock": 0,
            "eps": 5.01
        },
        "2021": {
            "cash": 4.25,
            "stock": 0,
            "eps": 6.03
        },
        "2022": {
            "cash": 4.25,
            "stock": 0,
            "eps": 1.05
        },
        "2023": {
            "cash": 1.5,
            "stock": 0,
            "eps": 0.06
        }
    },
    "dividends": {
        "2001-05-08": {
            "cash": 0,
            "stock": 0.33
        },
        "2002-04-26": {
            "cash": 0,
            "stock": 3.19
        },
        "2003-03-12": {
            "cash": 0.5,
            "stock": 2.5
        },
        "2004-03-04": {
            "cash": 1.5,
            "stock": 1.5
        },
        "2005-03-04": {
            "cash": 1.95,
            "stock": 0
        },
        "2006-03-09": {
            "cash": 1.61,
            "stock": 0.25
        },
        "2007-04-04": {
            "cash": 1.68,
            "stock": 0.5
        },
        "2008-03-05": {
            "cash": 2.16,
            "stock": 0.25
        },
        "2009-03-20": {
            "cash": 2.05,
            "stock": 0
        },
        "2010-03-12": {
            "cash": 2.49,
            "stock": 0
        },
        "2011-01-01": {
            "cash": 4,
            "stock": 0
        },
        "2011-03-18": {
            "cash": 3.48,
            "stock": 0
        },
        "2013-03-22": {
            "cash": 4.1,
            "stock": 0
        },
        "2014-08-13": {
            "cash": 4.1,
            "stock": 0
        },
        "2015-08-05": {
            "cash": 4.2,
            "stock": 0
        },
        "2016-07-29": {
            "cash": 4.3,
            "stock": 0
        },
        "2017-08-15": {
            "cash": 4.55,
            "stock": 0
        },
        "2018-07-27": {
            "cash": 3,
            "stock": 0
        },
        "2019-07-19": {
            "cash": 3.75,
            "stock": 0
        },
        "2020-05-15": {
            "cash": 4,
            "stock": 0
        },
        "2021-04-22": {
            "cash": 4.25,
            "stock": 0
        },
        "2022-05-10": {
            "cash": 4.25,
            "stock": 0
        },
        "2023-05-05": {
            "cash": 1.5,
            "stock": 0
        }
    },
    "prices": {
        "200101": "無",
        "200102": "無",
        "200103": "無",
        "200104": "無",
        "200105": "無",
        "200106": "無",
        "200107": "無",
        "200108": "無",
        "200109": "無",
        "200110": "無",
        "200111": "無",
        "200112": "無",
        "200201": "無",
        "200202": "無",
        "200203": "無",
        "200204": "無",
        "200205": "無",
        "200206": "無",
        "200207": "無",
        "200208": "無",
        "200209": "無",
        "200210": "無",
        "200211": "無",
        "200212": "無",
        "200301": "38.86",
        "200302": "38.82",
        "200303": "37.89",
        "200304": "39.48",
        "200305": "38.25",
        "200306": "41.28",
        "200307": "46.30",
        "200308": "40.14",
        "200309": "38.42",
        "200310": "38.97",
        "200311": "39.54",
        "200312": "40.91",
        "200401": "40.20",
        "200402": "43.21",
        "200403": "41.15",
        "200404": "38.44",
        "200405": "35.25",
        "200406": "34.25",
        "200407": "32.83",
        "200408": "29.00",
        "200409": "23.68",
        "200410": "25.35",
        "200411": "28.13",
        "200412": "27.24",
        "200501": "26.43",
        "200502": "26.19",
        "200503": "29.32",
        "200504": "28.52",
        "200505": "27.93",
        "200506": "28.20",
        "200507": "24.16",
        "200508": "23.97",
        "200509": "25.59",
        "200510": "27.50",
        "200511": "27.22",
        "200512": "28.53",
        "200601": "30.72",
        "200602": "28.63",
        "200603": "27.42",
        "200604": "29.31",
        "200605": "28.85",
        "200606": "27.69",
        "200607": "27.40",
        "200608": "24.79",
        "200609": "26.87",
        "200610": "28.54",
        "200611": "28.20",
        "200612": "28.25",
        "200701": "33.46",
        "200702": "38.39",
        "200703": "44.92",
        "200704": "43.56",
        "200705": "45.51",
        "200706": "60.00",
        "200707": "66.90",
        "200708": "59.19",
        "200709": "57.57",
        "200710": "50.99",
        "200711": "39.00",
        "200712": "36.28",
        "200801": "32.95",
        "200802": "32.55",
        "200803": "33.73",
        "200804": "35.82",
        "200805": "35.99",
        "200806": "30.95",
        "200807": "26.21",
        "200808": "27.06",
        "200809": "24.46",
        "200810": "20.62",
        "200811": "18.46",
        "200812": "17.38",
        "200901": "15.74",
        "200902": "16.74",
        "200903": "19.93",
        "200904": "23.56",
        "200905": "26.95",
        "200906": "29.73",
        "200907": "29.56",
        "200908": "32.40",
        "200909": "47.52",
        "200910": "48.73",
        "200911": "47.31",
        "200912": "55.47",
        "201001": "62.28",
        "201002": "54.88",
        "201003": "63.66",
        "201004": "66.70",
        "201005": "69.16",
        "201006": "69.39",
        "201007": "72.41",
        "201008": "67.05",
        "201009": "64.20",
        "201010": "61.58",
        "201011": "55.96",
        "201012": "60.18",
        "201101": "59.49",
        "201102": "60.19",
        "201103": "64.81",
        "201104": "70.31",
        "201105": "66.65",
        "201106": "67.04",
        "201107": "61.12",
        "201108": "52.75",
        "201109": "49.92",
        "201110": "50.55",
        "201111": "47.66",
        "201112": "43.70",
        "201201": "45.92",
        "201202": "54.44",
        "201203": "58.03",
        "201204": "55.22",
        "201205": "57.42",
        "201206": "56.26",
        "201207": "53.74",
        "201208": "56.65",
        "201209": "56.41",
        "201210": "53.80",
        "201211": "51.11",
        "201212": "52.33",
        "201301": "54.85",
        "201302": "58.20",
        "201303": "59.30",
        "201304": "58.04",
        "201305": "57.78",
        "201306": "58.74",
        "201307": "55.13",
        "201308": "53.73",
        "201309": "55.35",
        "201310": "58.50",
        "201311": "57.87",
        "201312": "61.78",
        "201401": "68.49",
        "201402": "71.21",
        "201403": "74.60",
        "201404": "74.67",
        "201405": "75.30",
        "201406": "83.40",
        "201407": "75.95",
        "201408": "72.49",
        "201409": "71.12",
        "201410": "66.96",
        "201411": "66.07",
        "201412": "66.20",
        "201501": "66.41",
        "201502": "67.57",
        "201503": "69.67",
        "201504": "69.38",
        "201505": "72.08",
        "201506": "78.41",
        "201507": "67.50",
        "201508": "61.22",
        "201509": "63.53",
        "201510": "65.30",
        "201511": "65.02",
        "201512": "65.46",
        "201601": "61.95",
        "201602": "63.76",
        "201603": "64.34",
        "201604": "60.35",
        "201605": "57.79",
        "201606": "57.57",
        "201607": "56.78",
        "201608": "58.84",
        "201609": "59.83",
        "201610": "60.50",
        "201611": "57.65",
        "201612": "58.22",
        "201701": "58.38",
        "201702": "59.24",
        "201703": "60.30",
        "201704": "61.09",
        "201705": "61.98",
        "201706": "62.93",
        "201707": "61.57",
        "201708": "55.50",
        "201709": "55.65",
        "201710": "55.44",
        "201711": "55.62",
        "201712": "55.49",
        "201801": "55.75",
        "201802": "57.51",
        "201803": "63.15",
        "201804": "62.34",
        "201805": "64.25",
        "201806": "71.64",
        "201807": "67.93",
        "201808": "65.21",
        "201809": "60.16",
        "201810": "53.31",
        "201811": "53.66",
        "201812": "55.19",
        "201901": "55.93",
        "201902": "55.82",
        "201903": "55.33",
        "201904": "56.30",
        "201905": "55.52",
        "201906": "56.62",
        "201907": "64.80",
        "201908": "62.13",
        "201909": "67.44",
        "201910": "68.14",
        "201911": "67.62",
        "201912": "66.68",
        "202001": "66.47",
        "202002": "63.89",
        "202003": "56.03",
        "202004": "61.25",
        "202005": "62.28",
        "202006": "65.46",
        "202007": "74.06",
        "202008": "75.74",
        "202009": "77.43",
        "202010": "92.29",
        "202011": "91.30",
        "202012": "93.88",
        "202101": "103.29",
        "202102": "116.10",
        "202103": "126.48",
        "202104": "129.92",
        "202105": "110.10",
        "202106": "126.14",
        "202107": "158.16",
        "202108": "141.57",
        "202109": "130.15",
        "202110": "119.72",
        "202111": "119.39",
        "202112": "126.41",
        "202201": "115.17",
        "202202": "108.27",
        "202203": "103.07",
        "202204": "95.19",
        "202205": "83.35",
        "202206": "75.13",
        "202207": "66.16",
        "202208": "63.77",
        "202209": "57.57",
        "202210": "52.43",
        "202211": "55.40",
        "202212": "58.25",
        "202301": "59.90",
        "202302": "64.73",
        "202303": "66.89",
        "202304": "65.64",
        "202305": "61.61",
        "202306": "63.79"
    },
    "quarters": {
        "20011": {
            "year_quarter": 20011,
            "year": 2001,
            "quarter": 1,
            "eps": 1.25,
            "eps_growth_year": null,
            "eps_4q": null,
            "eps_4q_growth_year": null,
            "roe": 10.6,
            "roe_4q": 10.6,
            "gross_profit": 39830,
            "gross_margin": 51.34,
            "gross_margin_4q_avg": 51.34,
            "net_income": 25079,
            "revenue": 77583,
            "common_shares": 199900,
            "book_valuer_per_share": 12.46,
            "book_valuer_per_share_4q_avg": 12.46,
            "equity": 249071,
            "current_ratio": 277.15,
            "debt_ratio": 24.5,
            "inventory_turnover_ratio": 0.46,
            "account_receivable_turnover_ratio": null,
            "reinvestment_rate": null,
            "research_to_sale_ratio": null,
            "price_fair": 0,
            "eps_avg_yearly": 0,
            "eps_latest_yearly": 0,
            "eps_growth_yearly": 0
        },
        "20012": {
            "year_quarter": 20012,
            "year": 2001,
            "quarter": 2,
            "eps": 0.27,
            "eps_growth_year": null,
            "eps_4q": null,
            "eps_4q_growth_year": null,
            "roe": 2.16,
            "roe_4q": 12.76,
            "gross_profit": 21043,
            "gross_margin": 46.82,
            "gross_margin_4q_avg": 49.08,
            "net_income": 5439,
            "revenue": 44943,
            "common_shares": 199900,
            "book_valuer_per_share": 12.71,
            "book_valuer_per_share_4q_avg": 12.59,
            "equity": 254079,
            "current_ratio": 280.44,
            "debt_ratio": 24.37,
            "inventory_turnover_ratio": 0.27,
            "account_receivable_turnover_ratio": null,
            "reinvestment_rate": null,
            "research_to_sale_ratio": null,
            "price_fair": 0,
            "eps_avg_yearly": 0,
            "eps_latest_yearly": 0,
            "eps_growth_yearly": 0
        },
        "20013": {
            "year_quarter": 20013,
            "year": 2001,
            "quarter": 3,
            "eps": null,
            "eps_growth_year": null,
            "eps_4q": null,
            "eps_4q_growth_year": null,
            "roe": null,
            "roe_4q": 12.76,
            "gross_profit": null,
            "gross_margin": null,
            "gross_margin_4q_avg": 32.72,
            "net_income": null,
            "revenue": null,
            "common_shares": null,
            "book_valuer_per_share": null,
            "book_valuer_per_share_4q_avg": 8.39,
            "equity": null,
            "current_ratio": null,
            "debt_ratio": null,
            "inventory_turnover_ratio": null,
            "account_receivable_turnover_ratio": null,
            "reinvestment_rate": null,
            "research_to_sale_ratio": null,
            "price_fair": 0,
            "eps_avg_yearly": 0,
            "eps_latest_yearly": 0,
            "eps_growth_yearly": 0
        },
        "20014": {
            "year_quarter": 20014,
            "year": 2001,
            "quarter": 4,
            "eps": null,
            "eps_growth_year": null,
            "eps_4q": null,
            "eps_4q_growth_year": null,
            "roe": null,
            "roe_4q": 12.76,
            "gross_profit": null,
            "gross_margin": null,
            "gross_margin_4q_avg": 24.54,
            "net_income": null,
            "revenue": null,
            "common_shares": 300000,
            "book_valuer_per_share": 16.74,
            "book_valuer_per_share_4q_avg": 10.48,
            "equity": 502166,
            "current_ratio": 576.24,
            "debt_ratio": 12.58,
            "inventory_turnover_ratio": null,
            "account_receivable_turnover_ratio": null,
            "reinvestment_rate": null,
            "research_to_sale_ratio": null,
            "price_fair": 0,
            "eps_avg_yearly": 0,
            "eps_latest_yearly": 0,
            "eps_growth_yearly": 0
        },
        "20021": {
            "year_quarter": 20021,
            "year": 2002,
            "quarter": 1,
            "eps": 0.56,
            "eps_growth_year": -55.2,
            "eps_4q": null,
            "eps_4q_growth_year": null,
            "roe": 3.31,
            "roe_4q": 5.470000000000001,
            "gross_profit": 42388,
            "gross_margin": 47.58,
            "gross_margin_4q_avg": 23.6,
            "net_income": 16889,
            "revenue": 89081,
            "common_shares": 300000,
            "book_valuer_per_share": 17.3,
            "book_valuer_per_share_4q_avg": 11.69,
            "equity": 519055,
            "current_ratio": 553.01,
            "debt_ratio": 12.94,
            "inventory_turnover_ratio": 0.42,
            "account_receivable_turnover_ratio": null,
            "reinvestment_rate": null,
            "research_to_sale_ratio": null,
            "price_fair": 0,
            "eps_avg_yearly": 0,
            "eps_latest_yearly": 0,
            "eps_growth_yearly": 0
        },
        "20022": {
            "year_quarter": 20022,
            "year": 2002,
            "quarter": 2,
            "eps": 0.47,
            "eps_growth_year": 74.07,
            "eps_4q": null,
            "eps_4q_growth_year": null,
            "roe": 3.54,
            "roe_4q": 6.85,
            "gross_profit": 45806,
            "gross_margin": 50.35,
            "gross_margin_4q_avg": 24.48,
            "net_income": 18672,
            "revenue": 90967,
            "common_shares": 401542,
            "book_valuer_per_share": 13.33,
            "book_valuer_per_share_4q_avg": 11.84,
            "equity": 535260,
            "current_ratio": 628.12,
            "debt_ratio": 11.27,
            "inventory_turnover_ratio": 0.37,
            "account_receivable_turnover_ratio": null,
            "reinvestment_rate": null,
            "research_to_sale_ratio": null,
            "price_fair": 5.64,
            "eps_avg_yearly": 1.88,
            "eps_latest_yearly": 1.88,
            "eps_growth_yearly": -64.29
        },
        "20023": {
            "year_quarter": 20023,
            "year": 2002,
            "quarter": 3,
            "eps": 0.66,
            "eps_growth_year": null,
            "eps_4q": null,
            "eps_4q_growth_year": null,
            "roe": 4.84,
            "roe_4q": 11.69,
            "gross_profit": 50460,
            "gross_margin": 48.93,
            "gross_margin_4q_avg": 36.72,
            "net_income": 26530,
            "revenue": 103130,
            "common_shares": 401542,
            "book_valuer_per_share": 13.99,
            "book_valuer_per_share_4q_avg": 15.34,
            "equity": 561786,
            "current_ratio": 776.9,
            "debt_ratio": 9.25,
            "inventory_turnover_ratio": 0.42,
            "account_receivable_turnover_ratio": null,
            "reinvestment_rate": null,
            "research_to_sale_ratio": null,
            "price_fair": 79.1,
            "eps_avg_yearly": 2.26,
            "eps_latest_yearly": 2.64,
            "eps_growth_yearly": 48.71
        },
        "20024": {
            "year_quarter": 20024,
            "year": 2002,
            "quarter": 4,
            "eps": 1,
            "eps_growth_year": null,
            "eps_4q": 2.55,
            "eps_4q_growth_year": null,
            "roe": 6.9,
            "roe_4q": 18.59,
            "gross_profit": 62335,
            "gross_margin": 48.78,
            "gross_margin_4q_avg": 48.91,
            "net_income": 40066,
            "revenue": 127799,
            "common_shares": 401542,
            "book_valuer_per_share": 14.95,
            "book_valuer_per_share_4q_avg": 14.89,
            "equity": 600184,
            "current_ratio": 525.01,
            "debt_ratio": 13.04,
            "inventory_turnover_ratio": 0.56,
            "account_receivable_turnover_ratio": null,
            "reinvestment_rate": null,
            "research_to_sale_ratio": null,
            "price_fair": 99.4,
            "eps_avg_yearly": 2.84,
            "eps_latest_yearly": 4,
            "eps_growth_yearly": 101.16
        },
        "20031": {
            "year_quarter": 20031,
            "year": 2003,
            "quarter": 1,
            "eps": 0.98,
            "eps_growth_year": 75,
            "eps_4q": 3.09,
            "eps_4q_growth_year": null,
            "roe": 6.37,
            "roe_4q": 21.65,
            "gross_profit": 66760,
            "gross_margin": 51.42,
            "gross_margin_4q_avg": 49.87,
            "net_income": 39517,
            "revenue": 129829,
            "common_shares": 401542,
            "book_valuer_per_share": 15.93,
            "book_valuer_per_share_4q_avg": 14.55,
            "equity": 639701,
            "current_ratio": 524.66,
            "debt_ratio": 13.09,
            "inventory_turnover_ratio": 0.53,
            "account_receivable_turnover_ratio": null,
            "reinvestment_rate": null,
            "research_to_sale_ratio": null,
            "price_fair": 108.85,
            "eps_avg_yearly": 3.11,
            "eps_latest_yearly": 3.92,
            "eps_growth_yearly": 73.87
        },
        "20032": {
            "year_quarter": 20032,
            "year": 2003,
            "quarter": 2,
            "eps": 0.66,
            "eps_growth_year": 40.43,
            "eps_4q": 3.31,
            "eps_4q_growth_year": null,
            "roe": 4.12,
            "roe_4q": 22.23,
            "gross_profit": 57776,
            "gross_margin": 48.08,
            "gross_margin_4q_avg": 49.3,
            "net_income": 26436,
            "revenue": 120155,
            "common_shares": 401542,
            "book_valuer_per_share": 16.02,
            "book_valuer_per_share_4q_avg": 15.22,
            "equity": 643143,
            "current_ratio": 383.45,
            "debt_ratio": 17.73,
            "inventory_turnover_ratio": 0.49,
            "account_receivable_turnover_ratio": null,
            "reinvestment_rate": null,
            "research_to_sale_ratio": null,
            "price_fair": 105.56,
            "eps_avg_yearly": 3.02,
            "eps_latest_yearly": 2.64,
            "eps_growth_yearly": 32.97
        },
        "20033": {
            "year_quarter": 20033,
            "year": 2003,
            "quarter": 3,
            "eps": 0.84,
            "eps_growth_year": 27.27,
            "eps_4q": 2.91,
            "eps_4q_growth_year": null,
            "roe": 6.47,
            "roe_4q": 23.86,
            "gross_profit": 76056,
            "gross_margin": 48.23,
            "gross_margin_4q_avg": 49.13,
            "net_income": 42943,
            "revenue": 157691,
            "common_shares": 509078,
            "book_valuer_per_share": 13.44,
            "book_valuer_per_share_4q_avg": 15.09,
            "equity": 684100,
            "current_ratio": 392.59,
            "debt_ratio": 16.02,
            "inventory_turnover_ratio": 0.58,
            "account_receivable_turnover_ratio": null,
            "reinvestment_rate": null,
            "research_to_sale_ratio": null,
            "price_fair": 107.57,
            "eps_avg_yearly": 3.07,
            "eps_latest_yearly": 3.36,
            "eps_growth_yearly": 45.66
        },
        "20034": {
            "year_quarter": 20034,
            "year": 2003,
            "quarter": 4,
            "eps": 0.94,
            "eps_growth_year": -6,
            "eps_4q": 3.08,
            "eps_4q_growth_year": 20.84,
            "roe": 6.75,
            "roe_4q": 23.71,
            "gross_profit": 77856,
            "gross_margin": 47.9,
            "gross_margin_4q_avg": 48.91,
            "net_income": 47807,
            "revenue": 162554,
            "common_shares": 509078,
            "book_valuer_per_share": 14.38,
            "book_valuer_per_share_4q_avg": 14.94,
            "equity": 732085,
            "current_ratio": 396,
            "debt_ratio": 17.31,
            "inventory_turnover_ratio": 0.55,
            "account_receivable_turnover_ratio": null,
            "reinvestment_rate": null,
            "research_to_sale_ratio": null,
            "price_fair": 111,
            "eps_avg_yearly": 3.17,
            "eps_latest_yearly": 3.76,
            "eps_growth_yearly": 45.94
        },
        "20041": {
            "year_quarter": 20041,
            "year": 2004,
            "quarter": 1,
            "eps": 0.67,
            "eps_growth_year": -31.63,
            "eps_4q": 2.96,
            "eps_4q_growth_year": -4.4,
            "roe": 4.58,
            "roe_4q": 21.92,
            "gross_profit": 66117,
            "gross_margin": 46.71,
            "gross_margin_4q_avg": 47.73,
            "net_income": 34309,
            "revenue": 141553,
            "common_shares": 509078,
            "book_valuer_per_share": 15.03,
            "book_valuer_per_share_4q_avg": 14.72,
            "equity": 765173,
            "current_ratio": 573.8,
            "debt_ratio": 11.44,
            "inventory_turnover_ratio": 0.46,
            "account_receivable_turnover_ratio": null,
            "reinvestment_rate": null,
            "research_to_sale_ratio": null,
            "price_fair": 108.85,
            "eps_avg_yearly": 3.11,
            "eps_latest_yearly": 2.68,
            "eps_growth_yearly": 25.84
        },
        "20042": {
            "year_quarter": 20042,
            "year": 2004,
            "quarter": 2,
            "eps": 0.63,
            "eps_growth_year": -4.55,
            "eps_4q": 3.1,
            "eps_4q_growth_year": -6.31,
            "roe": 4.31,
            "roe_4q": 22.11,
            "gross_profit": 56873,
            "gross_margin": 43.39,
            "gross_margin_4q_avg": 46.56,
            "net_income": 31892,
            "revenue": 131081,
            "common_shares": 509078,
            "book_valuer_per_share": 14.05,
            "book_valuer_per_share_4q_avg": 14.23,
            "equity": 715319,
            "current_ratio": 304.17,
            "debt_ratio": 21.5,
            "inventory_turnover_ratio": 0.42,
            "account_receivable_turnover_ratio": null,
            "reinvestment_rate": null,
            "research_to_sale_ratio": null,
            "price_fair": 92.28,
            "eps_avg_yearly": 3.04,
            "eps_latest_yearly": 2.52,
            "eps_growth_yearly": 20.31
        },
        "20043": {
            "year_quarter": 20043,
            "year": 2004,
            "quarter": 3,
            "eps": 0.7,
            "eps_growth_year": -16.67,
            "eps_4q": 2.63,
            "eps_4q_growth_year": -9.69,
            "roe": 5.61,
            "roe_4q": 21.25,
            "gross_profit": 65455,
            "gross_margin": 43.21,
            "gross_margin_4q_avg": 45.3,
            "net_income": 41321,
            "revenue": 151491,
            "common_shares": 592805,
            "book_valuer_per_share": 12.77,
            "book_valuer_per_share_4q_avg": 14.06,
            "equity": 757116,
            "current_ratio": 340.59,
            "debt_ratio": 19.7,
            "inventory_turnover_ratio": 0.47,
            "account_receivable_turnover_ratio": null,
            "reinvestment_rate": null,
            "research_to_sale_ratio": null,
            "price_fair": 98.83,
            "eps_avg_yearly": 3.02,
            "eps_latest_yearly": 2.8,
            "eps_growth_yearly": 22.72
        },
        "20044": {
            "year_quarter": 20044,
            "year": 2004,
            "quarter": 4,
            "eps": 0.76,
            "eps_growth_year": -19.15,
            "eps_4q": 2.57,
            "eps_4q_growth_year": -16.59,
            "roe": 5.8,
            "roe_4q": 20.299999999999997,
            "gross_profit": 64518,
            "gross_margin": 45.21,
            "gross_margin_4q_avg": 44.63,
            "net_income": 45148,
            "revenue": 142697,
            "common_shares": 596765,
            "book_valuer_per_share": 13.4,
            "book_valuer_per_share_4q_avg": 13.81,
            "equity": 799821,
            "current_ratio": 305.84,
            "debt_ratio": 20.72,
            "inventory_turnover_ratio": 0.42,
            "account_receivable_turnover_ratio": null,
            "reinvestment_rate": null,
            "research_to_sale_ratio": null,
            "price_fair": 102.06,
            "eps_avg_yearly": 3.02,
            "eps_latest_yearly": 3.04,
            "eps_growth_yearly": 23.78
        },
        "20051": {
            "year_quarter": 20051,
            "year": 2005,
            "quarter": 1,
            "eps": 0.37,
            "eps_growth_year": -44.78,
            "eps_4q": 2.34,
            "eps_4q_growth_year": -20.97,
            "roe": 2.73,
            "roe_4q": 18.45,
            "gross_profit": 51378,
            "gross_margin": 40.65,
            "gross_margin_4q_avg": 43.12,
            "net_income": 22251,
            "revenue": 126389,
            "common_shares": 602195,
            "book_valuer_per_share": 13.75,
            "book_valuer_per_share_4q_avg": 13.49,
            "equity": 827841,
            "current_ratio": 765.56,
            "debt_ratio": 9.67,
            "inventory_turnover_ratio": 0.41,
            "account_receivable_turnover_ratio": null,
            "reinvestment_rate": null,
            "research_to_sale_ratio": null,
            "price_fair": 42.5,
            "eps_avg_yearly": 2.89,
            "eps_latest_yearly": 1.48,
            "eps_growth_yearly": 4.69
        },
        "20052": {
            "year_quarter": 20052,
            "year": 2005,
            "quarter": 2,
            "eps": 0.32,
            "eps_growth_year": -49.21,
            "eps_4q": 2.15,
            "eps_4q_growth_year": -30.64,
            "roe": 2.46,
            "roe_4q": 16.599999999999998,
            "gross_profit": 57140,
            "gross_margin": 42.67,
            "gross_margin_4q_avg": 42.94,
            "net_income": 19006,
            "revenue": 133902,
            "common_shares": 602195,
            "book_valuer_per_share": 11.89,
            "book_valuer_per_share_4q_avg": 12.95,
            "equity": 716272,
            "current_ratio": 290.07,
            "debt_ratio": 24.53,
            "inventory_turnover_ratio": 0.44,
            "account_receivable_turnover_ratio": null,
            "reinvestment_rate": null,
            "research_to_sale_ratio": null,
            "price_fair": 27.69,
            "eps_avg_yearly": 2.77,
            "eps_latest_yearly": 1.28,
            "eps_growth_yearly": 0.17
        },
        "20053": {
            "year_quarter": 20053,
            "year": 2005,
            "quarter": 3,
            "eps": 0.77,
            "eps_growth_year": 10,
            "eps_4q": 2.2,
            "eps_4q_growth_year": -16.4,
            "roe": 6.27,
            "roe_4q": 17.26,
            "gross_profit": 90559,
            "gross_margin": 47.88,
            "gross_margin_4q_avg": 44.1,
            "net_income": 46532,
            "revenue": 189143,
            "common_shares": 602445,
            "book_valuer_per_share": 12.74,
            "book_valuer_per_share_4q_avg": 12.95,
            "equity": 767366,
            "current_ratio": 396.34,
            "debt_ratio": 17.18,
            "inventory_turnover_ratio": 0.56,
            "account_receivable_turnover_ratio": null,
            "reinvestment_rate": null,
            "research_to_sale_ratio": null,
            "price_fair": 97.7,
            "eps_avg_yearly": 2.79,
            "eps_latest_yearly": 3.08,
            "eps_growth_yearly": 40.34
        },
        "20054": {
            "year_quarter": 20054,
            "year": 2005,
            "quarter": 4,
            "eps": 0.72,
            "eps_growth_year": -5.26,
            "eps_4q": 2.2,
            "eps_4q_growth_year": -14.51,
            "roe": 5.59,
            "roe_4q": 17.05,
            "gross_profit": 94653,
            "gross_margin": 45.12,
            "gross_margin_4q_avg": 44.08,
            "net_income": 42796,
            "revenue": 209778,
            "common_shares": 604205,
            "book_valuer_per_share": 12.66,
            "book_valuer_per_share_4q_avg": 12.76,
            "equity": 764698,
            "current_ratio": 276.63,
            "debt_ratio": 23.43,
            "inventory_turnover_ratio": 0.6,
            "account_receivable_turnover_ratio": null,
            "reinvestment_rate": 43.47,
            "research_to_sale_ratio": null,
            "price_fair": 97.91,
            "eps_avg_yearly": 2.8,
            "eps_latest_yearly": 2.88,
            "eps_growth_yearly": 35.92
        },
        "20061": {
            "year_quarter": 20061,
            "year": 2006,
            "quarter": 1,
            "eps": 0.51,
            "eps_growth_year": 37.84,
            "eps_4q": 2.33,
            "eps_4q_growth_year": -0.35,
            "roe": 3.9,
            "roe_4q": 18.22,
            "gross_profit": 70900,
            "gross_margin": 46,
            "gross_margin_4q_avg": 45.42,
            "net_income": 30357,
            "revenue": 154147,
            "common_shares": 607175,
            "book_valuer_per_share": 13.07,
            "book_valuer_per_share_4q_avg": 12.59,
            "equity": 793794,
            "current_ratio": 344.42,
            "debt_ratio": 18.78,
            "inventory_turnover_ratio": 0.4,
            "account_receivable_turnover_ratio": null,
            "reinvestment_rate": 1.17,
            "research_to_sale_ratio": null,
            "price_fair": 96.25,
            "eps_avg_yearly": 2.75,
            "eps_latest_yearly": 2.04,
            "eps_growth_yearly": 26.38
        },
        "20062": {
            "year_quarter": 20062,
            "year": 2006,
            "quarter": 2,
            "eps": 0.4,
            "eps_growth_year": 25,
            "eps_4q": 2.36,
            "eps_4q_growth_year": 9.6,
            "roe": 3.22,
            "roe_4q": 18.98,
            "gross_profit": 58887,
            "gross_margin": 37.9,
            "gross_margin_4q_avg": 44.23,
            "net_income": 24465,
            "revenue": 155354,
            "common_shares": 608205,
            "book_valuer_per_share": 11.91,
            "book_valuer_per_share_4q_avg": 12.6,
            "equity": 724561,
            "current_ratio": 231.87,
            "debt_ratio": 28.46,
            "inventory_turnover_ratio": 0.44,
            "account_receivable_turnover_ratio": null,
            "reinvestment_rate": -1.24,
            "research_to_sale_ratio": null,
            "price_fair": 95.64,
            "eps_avg_yearly": 2.73,
            "eps_latest_yearly": 1.6,
            "eps_growth_yearly": 25.01
        },
        "20063": {
            "year_quarter": 20063,
            "year": 2006,
            "quarter": 3,
            "eps": 0.92,
            "eps_growth_year": 19.48,
            "eps_4q": 2.51,
            "eps_4q_growth_year": 14.3,
            "roe": 7.47,
            "roe_4q": 20.18,
            "gross_profit": 83251,
            "gross_margin": 39.09,
            "gross_margin_4q_avg": 42.03,
            "net_income": 56326,
            "revenue": 212954,
            "common_shares": 633845,
            "book_valuer_per_share": 12.35,
            "book_valuer_per_share_4q_avg": 12.5,
            "equity": 782962,
            "current_ratio": 363.64,
            "debt_ratio": 17.97,
            "inventory_turnover_ratio": 0.61,
            "account_receivable_turnover_ratio": null,
            "reinvestment_rate": -1.59,
            "research_to_sale_ratio": null,
            "price_fair": 97.91,
            "eps_avg_yearly": 2.8,
            "eps_latest_yearly": 3.68,
            "eps_growth_yearly": 47.4
        },
        "20064": {
            "year_quarter": 20064,
            "year": 2006,
            "quarter": 4,
            "eps": 0.8,
            "eps_growth_year": 11.11,
            "eps_4q": 2.61,
            "eps_4q_growth_year": 18.95,
            "roe": 6.04,
            "roe_4q": 20.63,
            "gross_profit": 67769,
            "gross_margin": 34.46,
            "gross_margin_4q_avg": 39.36,
            "net_income": 49036,
            "revenue": 196673,
            "common_shares": 636285,
            "book_valuer_per_share": 13.21,
            "book_valuer_per_share_4q_avg": 12.64,
            "equity": 840672,
            "current_ratio": 377.06,
            "debt_ratio": 17.54,
            "inventory_turnover_ratio": 0.58,
            "account_receivable_turnover_ratio": null,
            "reinvestment_rate": 35.4,
            "research_to_sale_ratio": null,
            "price_fair": 96.16,
            "eps_avg_yearly": 2.75,
            "eps_latest_yearly": 3.2,
            "eps_growth_yearly": 31.26
        },
        "20071": {
            "year_quarter": 20071,
            "year": 2007,
            "quarter": 1,
            "eps": 0.54,
            "eps_growth_year": 5.88,
            "eps_4q": 2.63,
            "eps_4q_growth_year": 12.86,
            "roe": 3.9,
            "roe_4q": 20.63,
            "gross_profit": 74366,
            "gross_margin": 41.84,
            "gross_margin_4q_avg": 38.32,
            "net_income": 33550,
            "revenue": 177737,
            "common_shares": 639535,
            "book_valuer_per_share": 13.75,
            "book_valuer_per_share_4q_avg": 12.81,
            "equity": 879384,
            "current_ratio": 408.73,
            "debt_ratio": 15.8,
            "inventory_turnover_ratio": 0.45,
            "account_receivable_turnover_ratio": null,
            "reinvestment_rate": -7.28,
            "research_to_sale_ratio": null,
            "price_fair": 88.71,
            "eps_avg_yearly": 2.64,
            "eps_latest_yearly": 2.16,
            "eps_growth_yearly": 23.63
        },
        "20072": {
            "year_quarter": 20072,
            "year": 2007,
            "quarter": 2,
            "eps": 0.86,
            "eps_growth_year": 115,
            "eps_4q": 2.94,
            "eps_4q_growth_year": 24.83,
            "roe": 6.7,
            "roe_4q": 24.11,
            "gross_profit": 84541,
            "gross_margin": 43.89,
            "gross_margin_4q_avg": 39.82,
            "net_income": 57381,
            "revenue": 192624,
            "common_shares": 640855,
            "book_valuer_per_share": 13.02,
            "book_valuer_per_share_4q_avg": 13.08,
            "equity": 834384,
            "current_ratio": 253.72,
            "debt_ratio": 25.61,
            "inventory_turnover_ratio": 0.47,
            "account_receivable_turnover_ratio": null,
            "reinvestment_rate": -10.6,
            "research_to_sale_ratio": null,
            "price_fair": 94.06,
            "eps_avg_yearly": 2.69,
            "eps_latest_yearly": 3.44,
            "eps_growth_yearly": 46.61
        },
        "20073": {
            "year_quarter": 20073,
            "year": 2007,
            "quarter": 3,
            "eps": 0.94,
            "eps_growth_year": 2.17,
            "eps_4q": 3.05,
            "eps_4q_growth_year": 21.19,
            "roe": 7.03,
            "roe_4q": 23.669999999999998,
            "gross_profit": 114265,
            "gross_margin": 44,
            "gross_margin_4q_avg": 41.05,
            "net_income": 62433,
            "revenue": 259691,
            "common_shares": 684717,
            "book_valuer_per_share": 13.75,
            "book_valuer_per_share_4q_avg": 13.43,
            "equity": 941496,
            "current_ratio": 363.66,
            "debt_ratio": 18.79,
            "inventory_turnover_ratio": 0.6,
            "account_receivable_turnover_ratio": null,
            "reinvestment_rate": -10.52,
            "research_to_sale_ratio": null,
            "price_fair": 94.94,
            "eps_avg_yearly": 2.71,
            "eps_latest_yearly": 3.76,
            "eps_growth_yearly": 42.12
        },
        "20074": {
            "year_quarter": 20074,
            "year": 2007,
            "quarter": 4,
            "eps": 0.78,
            "eps_growth_year": -2.5,
            "eps_4q": 3.07,
            "eps_4q_growth_year": 17.31,
            "roe": 5.42,
            "roe_4q": 23.049999999999997,
            "gross_profit": 92831,
            "gross_margin": 44.06,
            "gross_margin_4q_avg": 43.45,
            "net_income": 52334,
            "revenue": 210704,
            "common_shares": 684817,
            "book_valuer_per_share": 14.43,
            "book_valuer_per_share_4q_avg": 13.74,
            "equity": 987920,
            "current_ratio": 423.53,
            "debt_ratio": 16.35,
            "inventory_turnover_ratio": 0.5,
            "account_receivable_turnover_ratio": null,
            "reinvestment_rate": 21.4,
            "research_to_sale_ratio": null,
            "price_fair": 93.54,
            "eps_avg_yearly": 2.67,
            "eps_latest_yearly": 3.12,
            "eps_growth_yearly": 34.89
        },
        "20081": {
            "year_quarter": 20081,
            "year": 2008,
            "quarter": 1,
            "eps": 0.4,
            "eps_growth_year": -25.93,
            "eps_4q": 2.93,
            "eps_4q_growth_year": 11.54,
            "roe": 2.78,
            "roe_4q": 21.93,
            "gross_profit": 81044,
            "gross_margin": 41.31,
            "gross_margin_4q_avg": 43.32,
            "net_income": 27183,
            "revenue": 196207,
            "common_shares": 687467,
            "book_valuer_per_share": 14.11,
            "book_valuer_per_share_4q_avg": 13.83,
            "equity": 969837,
            "current_ratio": 472.36,
            "debt_ratio": 12.15,
            "inventory_turnover_ratio": 0.52,
            "account_receivable_turnover_ratio": null,
            "reinvestment_rate": 46.08,
            "research_to_sale_ratio": null,
            "price_fair": 91.18,
            "eps_avg_yearly": 2.61,
            "eps_latest_yearly": 1.6,
            "eps_growth_yearly": 29.89
        },
        "20082": {
            "year_quarter": 20082,
            "year": 2008,
            "quarter": 2,
            "eps": 0.58,
            "eps_growth_year": -32.56,
            "eps_4q": 2.58,
            "eps_4q_growth_year": -12.36,
            "roe": 4.49,
            "roe_4q": 19.72,
            "gross_profit": 94454,
            "gross_margin": 40.49,
            "gross_margin_4q_avg": 42.47,
            "net_income": 41199,
            "revenue": 233262,
            "common_shares": 687917,
            "book_valuer_per_share": 12.57,
            "book_valuer_per_share_4q_avg": 13.72,
            "equity": 864520,
            "current_ratio": 179.91,
            "debt_ratio": 34.09,
            "inventory_turnover_ratio": 0.59,
            "account_receivable_turnover_ratio": null,
            "reinvestment_rate": 48.5,
            "research_to_sale_ratio": null,
            "price_fair": 90.74,
            "eps_avg_yearly": 2.59,
            "eps_latest_yearly": 2.32,
            "eps_growth_yearly": 42.63
        },
        "20083": {
            "year_quarter": 20083,
            "year": 2008,
            "quarter": 3,
            "eps": 1.12,
            "eps_growth_year": 19.15,
            "eps_4q": 2.84,
            "eps_4q_growth_year": -6.89,
            "roe": 8.65,
            "roe_4q": 21.34,
            "gross_profit": 136746,
            "gross_margin": 47.75,
            "gross_margin_4q_avg": 43.4,
            "net_income": 78720,
            "revenue": 286402,
            "common_shares": 719218,
            "book_valuer_per_share": 13.28,
            "book_valuer_per_share_4q_avg": 13.6,
            "equity": 955474,
            "current_ratio": 222.64,
            "debt_ratio": 26.05,
            "inventory_turnover_ratio": 0.56,
            "account_receivable_turnover_ratio": null,
            "reinvestment_rate": 52.49,
            "research_to_sale_ratio": null,
            "price_fair": 94.41,
            "eps_avg_yearly": 2.7,
            "eps_latest_yearly": 4.48,
            "eps_growth_yearly": 63.13
        },
        "20084": {
            "year_quarter": 20084,
            "year": 2008,
            "quarter": 4,
            "eps": 0.21,
            "eps_growth_year": -73.08,
            "eps_4q": 2.3,
            "eps_4q_growth_year": -25.13,
            "roe": 1.53,
            "roe_4q": 17.45,
            "gross_profit": 74535,
            "gross_margin": 41.01,
            "gross_margin_4q_avg": 42.64,
            "net_income": 14814,
            "revenue": 181763,
            "common_shares": 720448,
            "book_valuer_per_share": 13.59,
            "book_valuer_per_share_4q_avg": 13.39,
            "equity": 979086,
            "current_ratio": 296.87,
            "debt_ratio": 26.01,
            "inventory_turnover_ratio": 0.4,
            "account_receivable_turnover_ratio": 1.81,
            "reinvestment_rate": 33.58,
            "research_to_sale_ratio": null,
            "price_fair": 89.6,
            "eps_avg_yearly": 2.56,
            "eps_latest_yearly": 0.84,
            "eps_growth_yearly": 40.67
        },
        "20091": {
            "year_quarter": 20091,
            "year": 2009,
            "quarter": 1,
            "eps": 0.34,
            "eps_growth_year": -15,
            "eps_4q": 2.27,
            "eps_4q_growth_year": -22.67,
            "roe": 2.39,
            "roe_4q": 17.060000000000002,
            "gross_profit": 66096,
            "gross_margin": 41.26,
            "gross_margin_4q_avg": 42.63,
            "net_income": 23757,
            "revenue": 160181,
            "common_shares": 720448,
            "book_valuer_per_share": 14.01,
            "book_valuer_per_share_4q_avg": 13.36,
            "equity": 1009173,
            "current_ratio": 352.04,
            "debt_ratio": 22.82,
            "inventory_turnover_ratio": 0.4,
            "account_receivable_turnover_ratio": 0.88,
            "reinvestment_rate": 59.05,
            "research_to_sale_ratio": null,
            "price_fair": 89.34,
            "eps_avg_yearly": 2.55,
            "eps_latest_yearly": 1.36,
            "eps_growth_yearly": 68.98
        },
        "20092": {
            "year_quarter": 20092,
            "year": 2009,
            "quarter": 2,
            "eps": 0.57,
            "eps_growth_year": -1.72,
            "eps_4q": 2.24,
            "eps_4q_growth_year": -13.04,
            "roe": 4.19,
            "roe_4q": 16.759999999999998,
            "gross_profit": 104671,
            "gross_margin": 44.33,
            "gross_margin_4q_avg": 43.59,
            "net_income": 39980,
            "revenue": 236095,
            "common_shares": 720448,
            "book_valuer_per_share": 12.47,
            "book_valuer_per_share_4q_avg": 13.34,
            "equity": 898136,
            "current_ratio": 199.45,
            "debt_ratio": 36.05,
            "inventory_turnover_ratio": 0.66,
            "account_receivable_turnover_ratio": 1.31,
            "reinvestment_rate": 58.67,
            "research_to_sale_ratio": null,
            "price_fair": 91.53,
            "eps_avg_yearly": 2.62,
            "eps_latest_yearly": 2.28,
            "eps_growth_yearly": 89.27
        },
        "20093": {
            "year_quarter": 20093,
            "year": 2009,
            "quarter": 3,
            "eps": 1.1,
            "eps_growth_year": -1.79,
            "eps_4q": 2.21,
            "eps_4q_growth_year": -22.06,
            "roe": 8.1,
            "roe_4q": 16.21,
            "gross_profit": 162783,
            "gross_margin": 52.61,
            "gross_margin_4q_avg": 44.8,
            "net_income": 77734,
            "revenue": 309442,
            "common_shares": 720448,
            "book_valuer_per_share": 14.18,
            "book_valuer_per_share_4q_avg": 13.56,
            "equity": 1021419,
            "current_ratio": 292.9,
            "debt_ratio": 26.49,
            "inventory_turnover_ratio": 0.86,
            "account_receivable_turnover_ratio": 1.41,
            "reinvestment_rate": 53.88,
            "research_to_sale_ratio": null,
            "price_fair": 94.41,
            "eps_avg_yearly": 2.7,
            "eps_latest_yearly": 4.4,
            "eps_growth_yearly": 77.36
        },
        "20094": {
            "year_quarter": 20094,
            "year": 2009,
            "quarter": 4,
            "eps": 0.82,
            "eps_growth_year": 290.48,
            "eps_4q": 2.76,
            "eps_4q_growth_year": 20.28,
            "roe": 5.5,
            "roe_4q": 20.18,
            "gross_profit": 115575,
            "gross_margin": 47.46,
            "gross_margin_4q_avg": 46.42,
            "net_income": 57935,
            "revenue": 243509,
            "common_shares": 722288,
            "book_valuer_per_share": 15.01,
            "book_valuer_per_share_4q_avg": 13.92,
            "equity": 1084045,
            "current_ratio": 299.23,
            "debt_ratio": 20.83,
            "inventory_turnover_ratio": 0.84,
            "account_receivable_turnover_ratio": 2.54,
            "reinvestment_rate": 52.45,
            "research_to_sale_ratio": null,
            "price_fair": 95.29,
            "eps_avg_yearly": 2.72,
            "eps_latest_yearly": 3.28,
            "eps_growth_yearly": 72.62
        },
        "20101": {
            "year_quarter": 20101,
            "year": 2010,
            "quarter": 1,
            "eps": 0.94,
            "eps_growth_year": 176.47,
            "eps_4q": 3.35,
            "eps_4q_growth_year": 47.86,
            "roe": 6.04,
            "roe_4q": 23.830000000000002,
            "gross_profit": 134475,
            "gross_margin": 47.58,
            "gross_margin_4q_avg": 48,
            "net_income": 67881,
            "revenue": 282631,
            "common_shares": 726128,
            "book_valuer_per_share": 16.01,
            "book_valuer_per_share_4q_avg": 14.42,
            "equity": 1162678,
            "current_ratio": 283.77,
            "debt_ratio": 23.1,
            "inventory_turnover_ratio": 0.92,
            "account_receivable_turnover_ratio": 1.3,
            "reinvestment_rate": 78.33,
            "research_to_sale_ratio": 5.4,
            "price_fair": 99.05,
            "eps_avg_yearly": 2.83,
            "eps_latest_yearly": 3.76,
            "eps_growth_yearly": 83.57
        },
        "20102": {
            "year_quarter": 20102,
            "year": 2010,
            "quarter": 2,
            "eps": 1.41,
            "eps_growth_year": 148.09,
            "eps_4q": 4.22,
            "eps_4q_growth_year": 88.06,
            "roe": 9.05,
            "roe_4q": 28.689999999999998,
            "gross_profit": 188788,
            "gross_margin": 48.94,
            "gross_margin_4q_avg": 49.15,
            "net_income": 102703,
            "revenue": 385745,
            "common_shares": 726278,
            "book_valuer_per_share": 15.23,
            "book_valuer_per_share_4q_avg": 15.11,
            "equity": 1106445,
            "current_ratio": 183.66,
            "debt_ratio": 36.58,
            "inventory_turnover_ratio": 0.95,
            "account_receivable_turnover_ratio": 1.35,
            "reinvestment_rate": 78.11,
            "research_to_sale_ratio": 5.43,
            "price_fair": 107.89,
            "eps_avg_yearly": 3.08,
            "eps_latest_yearly": 5.64,
            "eps_growth_yearly": 101.46
        },
        "20103": {
            "year_quarter": 20103,
            "year": 2010,
            "quarter": 3,
            "eps": 1.44,
            "eps_growth_year": 31.2,
            "eps_4q": 4.35,
            "eps_4q_growth_year": 96.66,
            "roe": 8.69,
            "roe_4q": 29.28,
            "gross_profit": 209652,
            "gross_margin": 53.5,
            "gross_margin_4q_avg": 49.37,
            "net_income": 113486,
            "revenue": 391883,
            "common_shares": 786338,
            "book_valuer_per_share": 19.14,
            "book_valuer_per_share_4q_avg": 16.35,
            "equity": 1504851,
            "current_ratio": 305.43,
            "debt_ratio": 22.62,
            "inventory_turnover_ratio": 0.77,
            "account_receivable_turnover_ratio": 1.15,
            "reinvestment_rate": 77.53,
            "research_to_sale_ratio": 4.13,
            "price_fair": 112.44,
            "eps_avg_yearly": 3.21,
            "eps_latest_yearly": 5.76,
            "eps_growth_yearly": 69.49
        },
        "20104": {
            "year_quarter": 20104,
            "year": 2010,
            "quarter": 4,
            "eps": 0.86,
            "eps_growth_year": 4.66,
            "eps_4q": 4.47,
            "eps_4q_growth_year": 61.84,
            "roe": 4.41,
            "roe_4q": 28.189999999999998,
            "gross_profit": 149590,
            "gross_margin": 47.88,
            "gross_margin_4q_avg": 49.48,
            "net_income": 67537,
            "revenue": 312443,
            "common_shares": 786938,
            "book_valuer_per_share": 19.83,
            "book_valuer_per_share_4q_avg": 17.55,
            "equity": 1560324,
            "current_ratio": 295.83,
            "debt_ratio": 23.09,
            "inventory_turnover_ratio": 0.66,
            "account_receivable_turnover_ratio": 0.98,
            "reinvestment_rate": 60.73,
            "research_to_sale_ratio": 5.46,
            "price_fair": 112.96,
            "eps_avg_yearly": 3.23,
            "eps_latest_yearly": 3.44,
            "eps_growth_yearly": 62.68
        },
        "20111": {
            "year_quarter": 20111,
            "year": 2011,
            "quarter": 1,
            "eps": 1.06,
            "eps_growth_year": 12.77,
            "eps_4q": 4.66,
            "eps_4q_growth_year": 39,
            "roe": 5.21,
            "roe_4q": 27.360000000000003,
            "gross_profit": 158851,
            "gross_margin": 44.53,
            "gross_margin_4q_avg": 48.71,
            "net_income": 83757,
            "revenue": 356754,
            "common_shares": 788298,
            "book_valuer_per_share": 20.96,
            "book_valuer_per_share_4q_avg": 18.79,
            "equity": 1651952,
            "current_ratio": 328.32,
            "debt_ratio": 21.34,
            "inventory_turnover_ratio": 0.75,
            "account_receivable_turnover_ratio": 1.16,
            "reinvestment_rate": 82.35,
            "research_to_sale_ratio": 4.16,
            "price_fair": 117.51,
            "eps_avg_yearly": 3.36,
            "eps_latest_yearly": 4.24,
            "eps_growth_yearly": 76.62
        },
        "20112": {
            "year_quarter": 20112,
            "year": 2011,
            "quarter": 2,
            "eps": 1.45,
            "eps_growth_year": 2.87,
            "eps_4q": 4.8,
            "eps_4q_growth_year": 13.84,
            "roe": 7.31,
            "roe_4q": 25.619999999999997,
            "gross_profit": 203694,
            "gross_margin": 48.1,
            "gross_margin_4q_avg": 48.5,
            "net_income": 115124,
            "revenue": 423519,
            "common_shares": 791408,
            "book_valuer_per_share": 18.93,
            "book_valuer_per_share_4q_avg": 19.72,
            "equity": 1497828,
            "current_ratio": 207.93,
            "debt_ratio": 35.05,
            "inventory_turnover_ratio": 0.67,
            "account_receivable_turnover_ratio": 1.14,
            "reinvestment_rate": 77.49,
            "research_to_sale_ratio": 3.9,
            "price_fair": 122.68,
            "eps_avg_yearly": 3.51,
            "eps_latest_yearly": 5.8,
            "eps_growth_yearly": 71.01
        },
        "20113": {
            "year_quarter": 20113,
            "year": 2011,
            "quarter": 3,
            "eps": 1.32,
            "eps_growth_year": -8.87,
            "eps_4q": 4.7,
            "eps_4q_growth_year": 8.02,
            "roe": 6.68,
            "roe_4q": 23.61,
            "gross_profit": 176480,
            "gross_margin": 43.82,
            "gross_margin_4q_avg": 46.08,
            "net_income": 103577,
            "revenue": 402760,
            "common_shares": 792338,
            "book_valuer_per_share": 20.37,
            "book_valuer_per_share_4q_avg": 20.02,
            "equity": 1604197,
            "current_ratio": 319.55,
            "debt_ratio": 22.15,
            "inventory_turnover_ratio": 0.58,
            "account_receivable_turnover_ratio": 0.91,
            "reinvestment_rate": 78.38,
            "research_to_sale_ratio": 4.22,
            "price_fair": 126,
            "eps_avg_yearly": 3.6,
            "eps_latest_yearly": 5.28,
            "eps_growth_yearly": 66.44
        },
        "20114": {
            "year_quarter": 20114,
            "year": 2011,
            "quarter": 4,
            "eps": 0.91,
            "eps_growth_year": 5.9,
            "eps_4q": 4.79,
            "eps_4q_growth_year": 7.23,
            "roe": 4.37,
            "roe_4q": 23.57,
            "gross_profit": 154952,
            "gross_margin": 44.59,
            "gross_margin_4q_avg": 45.26,
            "net_income": 70807,
            "revenue": 347475,
            "common_shares": 792388,
            "book_valuer_per_share": 21,
            "book_valuer_per_share_4q_avg": 20.32,
            "equity": 1635746,
            "current_ratio": 329.01,
            "debt_ratio": 21.47,
            "inventory_turnover_ratio": 0.52,
            "account_receivable_turnover_ratio": 0.79,
            "reinvestment_rate": 54.43,
            "research_to_sale_ratio": 5.76,
            "price_fair": 127.14,
            "eps_avg_yearly": 3.63,
            "eps_latest_yearly": 3.64,
            "eps_growth_yearly": 62.93
        },
        "20121": {
            "year_quarter": 20121,
            "year": 2012,
            "quarter": 1,
            "eps": 0.76,
            "eps_growth_year": -28.3,
            "eps_4q": 4.49,
            "eps_4q_growth_year": -3.71,
            "roe": 3.63,
            "roe_4q": 21.99,
            "gross_profit": 143967,
            "gross_margin": 39.94,
            "gross_margin_4q_avg": 44.11,
            "net_income": 60215,
            "revenue": 360413,
            "common_shares": 796538,
            "book_valuer_per_share": 21.57,
            "book_valuer_per_share_4q_avg": 20.47,
            "equity": 1680215,
            "current_ratio": 306.53,
            "debt_ratio": 22.44,
            "inventory_turnover_ratio": 0.65,
            "account_receivable_turnover_ratio": 0.9,
            "reinvestment_rate": 48.23,
            "research_to_sale_ratio": 5.18,
            "price_fair": 130.29,
            "eps_avg_yearly": 3.72,
            "eps_latest_yearly": 3.04,
            "eps_growth_yearly": 70.99
        },
        "20122": {
            "year_quarter": 20122,
            "year": 2012,
            "quarter": 2,
            "eps": 1.42,
            "eps_growth_year": -2.66,
            "eps_4q": 4.36,
            "eps_4q_growth_year": -9.17,
            "roe": 6.92,
            "roe_4q": 21.6,
            "gross_profit": 224831,
            "gross_margin": 48.21,
            "gross_margin_4q_avg": 44.14,
            "net_income": 112826,
            "revenue": 466375,
            "common_shares": 796808,
            "book_valuer_per_share": 19.86,
            "book_valuer_per_share_4q_avg": 20.7,
            "equity": 1582291,
            "current_ratio": 188.83,
            "debt_ratio": 36.28,
            "inventory_turnover_ratio": 0.65,
            "account_receivable_turnover_ratio": 1.07,
            "reinvestment_rate": 53.34,
            "research_to_sale_ratio": 4.84,
            "price_fair": 137.64,
            "eps_avg_yearly": 3.93,
            "eps_latest_yearly": 5.68,
            "eps_growth_yearly": 81.45
        },
        "20123": {
            "year_quarter": 20123,
            "year": 2012,
            "quarter": 3,
            "eps": 1.5,
            "eps_growth_year": 14.12,
            "eps_4q": 4.56,
            "eps_4q_growth_year": -2.97,
            "roe": 7.3,
            "roe_4q": 22.22,
            "gross_profit": 223941,
            "gross_margin": 46.57,
            "gross_margin_4q_avg": 44.83,
            "net_income": 119694,
            "revenue": 480895,
            "common_shares": 797528,
            "book_valuer_per_share": 21.26,
            "book_valuer_per_share_4q_avg": 20.92,
            "equity": 1695696,
            "current_ratio": 293.99,
            "debt_ratio": 26.92,
            "inventory_turnover_ratio": 0.62,
            "account_receivable_turnover_ratio": 1.05,
            "reinvestment_rate": 52.84,
            "research_to_sale_ratio": 4.09,
            "price_fair": 140.96,
            "eps_avg_yearly": 4.03,
            "eps_latest_yearly": 6,
            "eps_growth_yearly": 59.58
        },
        "20124": {
            "year_quarter": 20124,
            "year": 2012,
            "quarter": 4,
            "eps": 1.23,
            "eps_growth_year": 35.45,
            "eps_4q": 4.9,
            "eps_4q_growth_year": 2.3,
            "roe": 5.62,
            "roe_4q": 23.47,
            "gross_profit": 184095,
            "gross_margin": 46.49,
            "gross_margin_4q_avg": 45.3,
            "net_income": 98187,
            "revenue": 396014,
            "common_shares": 797608,
            "book_valuer_per_share": 22.53,
            "book_valuer_per_share_4q_avg": 21.31,
            "equity": 1796931,
            "current_ratio": 308.65,
            "debt_ratio": 25.78,
            "inventory_turnover_ratio": 0.55,
            "account_receivable_turnover_ratio": 0.9,
            "reinvestment_rate": 52.74,
            "research_to_sale_ratio": 4.77,
            "price_fair": 149.89,
            "eps_avg_yearly": 4.28,
            "eps_latest_yearly": 4.92,
            "eps_growth_yearly": 75.39
        },
        "20131": {
            "year_quarter": 20131,
            "year": 2013,
            "quarter": 1,
            "eps": 1,
            "eps_growth_year": 31.58,
            "eps_4q": 5.14,
            "eps_4q_growth_year": 14.45,
            "roe": 4.34,
            "roe_4q": 24.18,
            "gross_profit": 175597,
            "gross_margin": 48.3,
            "gross_margin_4q_avg": 47.39,
            "net_income": 79608,
            "revenue": 363591,
            "common_shares": 798638,
            "book_valuer_per_share": 23.41,
            "book_valuer_per_share_4q_avg": 21.77,
            "equity": 1869588,
            "current_ratio": 320.99,
            "debt_ratio": 25.9,
            "inventory_turnover_ratio": 0.5,
            "account_receivable_turnover_ratio": 0.86,
            "reinvestment_rate": 22.36,
            "research_to_sale_ratio": 6.68,
            "price_fair": 155.66,
            "eps_avg_yearly": 4.45,
            "eps_latest_yearly": 4,
            "eps_growth_yearly": 55.24
        },
        "20132": {
            "year_quarter": 20132,
            "year": 2013,
            "quarter": 2,
            "eps": 1.3,
            "eps_growth_year": -8.19,
            "eps_4q": 5.02,
            "eps_4q_growth_year": 15.22,
            "roe": 5.89,
            "roe_4q": 23.150000000000002,
            "gross_profit": 188892,
            "gross_margin": 51.56,
            "gross_margin_4q_avg": 48.23,
            "net_income": 103819,
            "revenue": 366366,
            "common_shares": 798838,
            "book_valuer_per_share": 20.7,
            "book_valuer_per_share_4q_avg": 21.98,
            "equity": 1653764,
            "current_ratio": 208.81,
            "debt_ratio": 37.1,
            "inventory_turnover_ratio": 0.5,
            "account_receivable_turnover_ratio": 0.92,
            "reinvestment_rate": 22.31,
            "research_to_sale_ratio": 7.14,
            "price_fair": 162.05,
            "eps_avg_yearly": 4.63,
            "eps_latest_yearly": 5.2,
            "eps_growth_yearly": 45.83
        },
        "20133": {
            "year_quarter": 20133,
            "year": 2013,
            "quarter": 3,
            "eps": 1.15,
            "eps_growth_year": -23.37,
            "eps_4q": 4.67,
            "eps_4q_growth_year": 2.52,
            "roe": 5.4,
            "roe_4q": 21.25,
            "gross_profit": 184471,
            "gross_margin": 47.68,
            "gross_margin_4q_avg": 48.51,
            "net_income": 91701,
            "revenue": 386931,
            "common_shares": 798838,
            "book_valuer_per_share": 21.78,
            "book_valuer_per_share_4q_avg": 22.11,
            "equity": 1740187,
            "current_ratio": 311.99,
            "debt_ratio": 23.15,
            "inventory_turnover_ratio": 0.63,
            "account_receivable_turnover_ratio": 0.96,
            "reinvestment_rate": 24.06,
            "research_to_sale_ratio": 7.56,
            "price_fair": 137.89,
            "eps_avg_yearly": 4.64,
            "eps_latest_yearly": 4.6,
            "eps_growth_yearly": 19.7
        },
        "20134": {
            "year_quarter": 20134,
            "year": 2013,
            "quarter": 4,
            "eps": 1.28,
            "eps_growth_year": 3.73,
            "eps_4q": 4.72,
            "eps_4q_growth_year": -3.78,
            "roe": 5.68,
            "roe_4q": 21.31,
            "gross_profit": 181028,
            "gross_margin": 47.73,
            "gross_margin_4q_avg": 48.82,
            "net_income": 102157,
            "revenue": 379286,
            "common_shares": 800018,
            "book_valuer_per_share": 23.19,
            "book_valuer_per_share_4q_avg": 22.27,
            "equity": 1855253,
            "current_ratio": 309.08,
            "debt_ratio": 21.45,
            "inventory_turnover_ratio": 0.66,
            "account_receivable_turnover_ratio": 0.95,
            "reinvestment_rate": 6.47,
            "research_to_sale_ratio": 7.02,
            "price_fair": 166.51,
            "eps_avg_yearly": 4.76,
            "eps_latest_yearly": 5.12,
            "eps_growth_yearly": 28.89
        },
        "20141": {
            "year_quarter": 20141,
            "year": 2014,
            "quarter": 1,
            "eps": 1.07,
            "eps_growth_year": 7,
            "eps_4q": 4.8,
            "eps_4q_growth_year": -6.67,
            "roe": 4.53,
            "roe_4q": 21.5,
            "gross_profit": 179067,
            "gross_margin": 49.05,
            "gross_margin_4q_avg": 49.01,
            "net_income": 85940,
            "revenue": 365097,
            "common_shares": 800018,
            "book_valuer_per_share": 24.25,
            "book_valuer_per_share_4q_avg": 22.48,
            "equity": 1939990,
            "current_ratio": 314.46,
            "debt_ratio": 21.8,
            "inventory_turnover_ratio": 0.62,
            "account_receivable_turnover_ratio": 0.93,
            "reinvestment_rate": 5.4,
            "research_to_sale_ratio": 8.28,
            "price_fair": 149.12,
            "eps_avg_yearly": 4.79,
            "eps_latest_yearly": 4.28,
            "eps_growth_yearly": 21.13
        },
        "20142": {
            "year_quarter": 20142,
            "year": 2014,
            "quarter": 2,
            "eps": 1.5,
            "eps_growth_year": 15.38,
            "eps_4q": 5,
            "eps_4q_growth_year": -0.51,
            "roe": 6.55,
            "roe_4q": 22.159999999999997,
            "gross_profit": 236814,
            "gross_margin": 51.85,
            "gross_margin_4q_avg": 49.08,
            "net_income": 120041,
            "revenue": 456713,
            "common_shares": 800018,
            "book_valuer_per_share": 21.54,
            "book_valuer_per_share_4q_avg": 22.69,
            "equity": 1723564,
            "current_ratio": 202.4,
            "debt_ratio": 34.22,
            "inventory_turnover_ratio": 0.69,
            "account_receivable_turnover_ratio": 1.03,
            "reinvestment_rate": 1.18,
            "research_to_sale_ratio": 6.64,
            "price_fair": 138.01,
            "eps_avg_yearly": 4.81,
            "eps_latest_yearly": 6,
            "eps_growth_yearly": 18.68
        },
        "20143": {
            "year_quarter": 20143,
            "year": 2014,
            "quarter": 3,
            "eps": 1.19,
            "eps_growth_year": 3.48,
            "eps_4q": 5.04,
            "eps_4q_growth_year": 7.95,
            "roe": 5.37,
            "roe_4q": 22.13,
            "gross_profit": 178121,
            "gross_margin": 44.19,
            "gross_margin_4q_avg": 48.21,
            "net_income": 95442,
            "revenue": 403097,
            "common_shares": 800018,
            "book_valuer_per_share": 22.9,
            "book_valuer_per_share_4q_avg": 22.97,
            "equity": 1832081,
            "current_ratio": 331.42,
            "debt_ratio": 20.16,
            "inventory_turnover_ratio": 0.7,
            "account_receivable_turnover_ratio": 0.86,
            "reinvestment_rate": -1.79,
            "research_to_sale_ratio": 6.18,
            "price_fair": 109.15,
            "eps_avg_yearly": 4.75,
            "eps_latest_yearly": 4.76,
            "eps_growth_yearly": 12.98
        },
        "20144": {
            "year_quarter": 20144,
            "year": 2014,
            "quarter": 4,
            "eps": 1.24,
            "eps_growth_year": -2.84,
            "eps_4q": 5.01,
            "eps_4q_growth_year": 6.2,
            "roe": 5.25,
            "roe_4q": 21.700000000000003,
            "gross_profit": 171878,
            "gross_margin": 45.01,
            "gross_margin_4q_avg": 47.53,
            "net_income": 99259,
            "revenue": 381830,
            "common_shares": 800018,
            "book_valuer_per_share": 24.32,
            "book_valuer_per_share_4q_avg": 23.25,
            "equity": 1945749,
            "current_ratio": 345.06,
            "debt_ratio": 19.85,
            "inventory_turnover_ratio": 0.69,
            "account_receivable_turnover_ratio": 0.85,
            "reinvestment_rate": -7.37,
            "research_to_sale_ratio": 7.14,
            "price_fair": 165.21,
            "eps_avg_yearly": 4.85,
            "eps_latest_yearly": 4.96,
            "eps_growth_yearly": 24.1
        },
        "20151": {
            "year_quarter": 20151,
            "year": 2015,
            "quarter": 1,
            "eps": 1.24,
            "eps_growth_year": 15.89,
            "eps_4q": 5.18,
            "eps_4q_growth_year": 7.97,
            "roe": 4.99,
            "roe_4q": 22.16,
            "gross_profit": 204883,
            "gross_margin": 53.64,
            "gross_margin_4q_avg": 48.67,
            "net_income": 99441,
            "revenue": 381934,
            "common_shares": 800018,
            "book_valuer_per_share": 25.5,
            "book_valuer_per_share_4q_avg": 23.57,
            "equity": 2040023,
            "current_ratio": 370.05,
            "debt_ratio": 19.13,
            "inventory_turnover_ratio": 0.6,
            "account_receivable_turnover_ratio": 0.89,
            "reinvestment_rate": -10.08,
            "research_to_sale_ratio": 8.32,
            "price_fair": 138.31,
            "eps_avg_yearly": 4.89,
            "eps_latest_yearly": 4.96,
            "eps_growth_yearly": 18.29
        },
        "20152": {
            "year_quarter": 20152,
            "year": 2015,
            "quarter": 2,
            "eps": 1.67,
            "eps_growth_year": 11.33,
            "eps_4q": 5.34,
            "eps_4q_growth_year": 6.9,
            "roe": 6.89,
            "roe_4q": 22.5,
            "gross_profit": 246758,
            "gross_margin": 55.47,
            "gross_margin_4q_avg": 49.58,
            "net_income": 133272,
            "revenue": 444819,
            "common_shares": 800018,
            "book_valuer_per_share": 22.88,
            "book_valuer_per_share_4q_avg": 23.9,
            "equity": 1830116,
            "current_ratio": 225.18,
            "debt_ratio": 31.64,
            "inventory_turnover_ratio": 0.67,
            "account_receivable_turnover_ratio": 0.99,
            "reinvestment_rate": -10.25,
            "research_to_sale_ratio": 6.65,
            "price_fair": 137.26,
            "eps_avg_yearly": 4.95,
            "eps_latest_yearly": 6.68,
            "eps_growth_yearly": 17.76
        },
        "20153": {
            "year_quarter": 20153,
            "year": 2015,
            "quarter": 3,
            "eps": 1.6,
            "eps_growth_year": 34.45,
            "eps_4q": 5.75,
            "eps_4q_growth_year": 14.06,
            "roe": 6.74,
            "roe_4q": 23.869999999999997,
            "gross_profit": 219049,
            "gross_margin": 51.6,
            "gross_margin_4q_avg": 51.43,
            "net_income": 128368,
            "revenue": 424494,
            "common_shares": 800018,
            "book_valuer_per_share": 24.74,
            "book_valuer_per_share_4q_avg": 24.36,
            "equity": 1979467,
            "current_ratio": 368.34,
            "debt_ratio": 18.81,
            "inventory_turnover_ratio": 0.7,
            "account_receivable_turnover_ratio": 0.93,
            "reinvestment_rate": -11.92,
            "research_to_sale_ratio": 7.15,
            "price_fair": 145.18,
            "eps_avg_yearly": 5.02,
            "eps_latest_yearly": 6.4,
            "eps_growth_yearly": 18.95
        },
        "20154": {
            "year_quarter": 20154,
            "year": 2015,
            "quarter": 4,
            "eps": 1.32,
            "eps_growth_year": 6.23,
            "eps_4q": 5.83,
            "eps_4q_growth_year": 16.43,
            "roe": 5.21,
            "roe_4q": 23.83,
            "gross_profit": 202835,
            "gross_margin": 47.99,
            "gross_margin_4q_avg": 52.18,
            "net_income": 105445,
            "revenue": 422689,
            "common_shares": 800018,
            "book_valuer_per_share": 25.89,
            "book_valuer_per_share_4q_avg": 24.75,
            "equity": 2071449,
            "current_ratio": 394.02,
            "debt_ratio": 17.66,
            "inventory_turnover_ratio": 0.81,
            "account_receivable_turnover_ratio": 1.01,
            "reinvestment_rate": -10.87,
            "research_to_sale_ratio": 7.88,
            "price_fair": 165.5,
            "eps_avg_yearly": 5.12,
            "eps_latest_yearly": 5.28,
            "eps_growth_yearly": 22.34
        },
        "20161": {
            "year_quarter": 20161,
            "year": 2016,
            "quarter": 1,
            "eps": 1.04,
            "eps_growth_year": -16.13,
            "eps_4q": 5.63,
            "eps_4q_growth_year": 8.78,
            "roe": 3.93,
            "roe_4q": 22.77,
            "gross_profit": 182762,
            "gross_margin": 49.19,
            "gross_margin_4q_avg": 51.06,
            "net_income": 83692,
            "revenue": 371569,
            "common_shares": 800018,
            "book_valuer_per_share": 26.81,
            "book_valuer_per_share_4q_avg": 25.08,
            "equity": 2189883,
            "current_ratio": 387.66,
            "debt_ratio": 17.8,
            "inventory_turnover_ratio": 0.7,
            "account_receivable_turnover_ratio": 0.94,
            "reinvestment_rate": -10.86,
            "research_to_sale_ratio": 6.89,
            "price_fair": 161.63,
            "eps_avg_yearly": 5.19,
            "eps_latest_yearly": 4.16,
            "eps_growth_yearly": 21.16
        },
        "20162": {
            "year_quarter": 20162,
            "year": 2016,
            "quarter": 2,
            "eps": 1.52,
            "eps_growth_year": -8.98,
            "eps_4q": 5.48,
            "eps_4q_growth_year": 2.63,
            "roe": 5.79,
            "roe_4q": 21.67,
            "gross_profit": 214038,
            "gross_margin": 49.74,
            "gross_margin_4q_avg": 49.63,
            "net_income": 119932,
            "revenue": 430322,
            "common_shares": 800018,
            "book_valuer_per_share": 23.84,
            "book_valuer_per_share_4q_avg": 25.32,
            "equity": 1950093,
            "current_ratio": 231.42,
            "debt_ratio": 29.79,
            "inventory_turnover_ratio": 0.75,
            "account_receivable_turnover_ratio": 1.05,
            "reinvestment_rate": -17.76,
            "research_to_sale_ratio": 6.88,
            "price_fair": 109.39,
            "eps_avg_yearly": 5.21,
            "eps_latest_yearly": 6.08,
            "eps_growth_yearly": 10.99
        },
        "20163": {
            "year_quarter": 20163,
            "year": 2016,
            "quarter": 3,
            "eps": 1.36,
            "eps_growth_year": -15,
            "eps_4q": 5.24,
            "eps_4q_growth_year": -8.9,
            "roe": 5.36,
            "roe_4q": 20.29,
            "gross_profit": 233321,
            "gross_margin": 51.44,
            "gross_margin_4q_avg": 49.59,
            "net_income": 106901,
            "revenue": 453588,
            "common_shares": 800018,
            "book_valuer_per_share": 24.96,
            "book_valuer_per_share_4q_avg": 25.38,
            "equity": 2035675,
            "current_ratio": 377.98,
            "debt_ratio": 17.77,
            "inventory_turnover_ratio": 0.75,
            "account_receivable_turnover_ratio": 1.03,
            "reinvestment_rate": -21.8,
            "research_to_sale_ratio": 7.64,
            "price_fair": 87.74,
            "eps_avg_yearly": 5.18,
            "eps_latest_yearly": 5.44,
            "eps_growth_yearly": 6.95
        },
        "20164": {
            "year_quarter": 20164,
            "year": 2016,
            "quarter": 4,
            "eps": 1.14,
            "eps_growth_year": -13.34,
            "eps_4q": 5.07,
            "eps_4q_growth_year": -13.13,
            "roe": 4.13,
            "roe_4q": 19.21,
            "gross_profit": 188353,
            "gross_margin": 47.06,
            "gross_margin_4q_avg": 49.36,
            "net_income": 85667,
            "revenue": 400282,
            "common_shares": 800018,
            "book_valuer_per_share": 25.98,
            "book_valuer_per_share_4q_avg": 25.4,
            "equity": 2111822,
            "current_ratio": 380.54,
            "debt_ratio": 18.31,
            "inventory_turnover_ratio": 0.72,
            "account_receivable_turnover_ratio": 0.89,
            "reinvestment_rate": -28.21,
            "research_to_sale_ratio": 8.25,
            "price_fair": 89.71,
            "eps_avg_yearly": 5.16,
            "eps_latest_yearly": 4.56,
            "eps_growth_yearly": 7.4
        },
        "20171": {
            "year_quarter": 20171,
            "year": 2017,
            "quarter": 1,
            "eps": 0.8,
            "eps_growth_year": -23.08,
            "eps_4q": 4.82,
            "eps_4q_growth_year": -14.35,
            "roe": 2.9,
            "roe_4q": 18.18,
            "gross_profit": 174814,
            "gross_margin": 49.68,
            "gross_margin_4q_avg": 49.48,
            "net_income": 61242,
            "revenue": 351869,
            "common_shares": 800018,
            "book_valuer_per_share": 26.41,
            "book_valuer_per_share_4q_avg": 25.3,
            "equity": 2112697,
            "current_ratio": 426.75,
            "debt_ratio": 16.41,
            "inventory_turnover_ratio": 0.63,
            "account_receivable_turnover_ratio": 0.85,
            "reinvestment_rate": -6.61,
            "research_to_sale_ratio": 8.5,
            "price_fair": 74.64,
            "eps_avg_yearly": 5.11,
            "eps_latest_yearly": 3.2,
            "eps_growth_yearly": 4.62
        },
        "20172": {
            "year_quarter": 20172,
            "year": 2017,
            "quarter": 2,
            "eps": 1.07,
            "eps_growth_year": -29.61,
            "eps_4q": 4.37,
            "eps_4q_growth_year": -20.28,
            "roe": 4.31,
            "roe_4q": 16.7,
            "gross_profit": 187475,
            "gross_margin": 47.57,
            "gross_margin_4q_avg": 48.94,
            "net_income": 85247,
            "revenue": 394069,
            "common_shares": 800018,
            "book_valuer_per_share": 23.04,
            "book_valuer_per_share_4q_avg": 25.1,
            "equity": 1842942,
            "current_ratio": 237.88,
            "debt_ratio": 29.13,
            "inventory_turnover_ratio": 0.79,
            "account_receivable_turnover_ratio": 1.01,
            "reinvestment_rate": -7.7,
            "research_to_sale_ratio": 7.76,
            "price_fair": 78.53,
            "eps_avg_yearly": 5.05,
            "eps_latest_yearly": 4.28,
            "eps_growth_yearly": 5.56
        },
        "20173": {
            "year_quarter": 20173,
            "year": 2017,
            "quarter": 3,
            "eps": 1.2,
            "eps_growth_year": -11.76,
            "eps_4q": 4.21,
            "eps_4q_growth_year": -19.67,
            "roe": 5.08,
            "roe_4q": 16.42,
            "gross_profit": 194488,
            "gross_margin": 48.21,
            "gross_margin_4q_avg": 48.13,
            "net_income": 96209,
            "revenue": 403396,
            "common_shares": 800018,
            "book_valuer_per_share": 24.35,
            "book_valuer_per_share_4q_avg": 24.95,
            "equity": 1947925,
            "current_ratio": 418.61,
            "debt_ratio": 16.11,
            "inventory_turnover_ratio": 0.83,
            "account_receivable_turnover_ratio": 0.97,
            "reinvestment_rate": -8.29,
            "research_to_sale_ratio": 6.31,
            "price_fair": 108.69,
            "eps_avg_yearly": 5.06,
            "eps_latest_yearly": 4.8,
            "eps_growth_yearly": 11.48
        },
        "20174": {
            "year_quarter": 20174,
            "year": 2017,
            "quarter": 4,
            "eps": 1.03,
            "eps_growth_year": -10.04,
            "eps_4q": 4.1,
            "eps_4q_growth_year": -19.14,
            "roe": 4.13,
            "roe_4q": 16.419999999999998,
            "gross_profit": 183923,
            "gross_margin": 48.27,
            "gross_margin_4q_avg": 48.43,
            "net_income": 82194,
            "revenue": 381040,
            "common_shares": 800018,
            "book_valuer_per_share": 25.39,
            "book_valuer_per_share_4q_avg": 24.8,
            "equity": 2030957,
            "current_ratio": 432.67,
            "debt_ratio": 16.09,
            "inventory_turnover_ratio": 0.77,
            "account_receivable_turnover_ratio": 0.86,
            "reinvestment_rate": -6.15,
            "research_to_sale_ratio": 6.97,
            "price_fair": 75.52,
            "eps_avg_yearly": 5,
            "eps_latest_yearly": 4.12,
            "eps_growth_yearly": 5.11
        },
        "20181": {
            "year_quarter": 20181,
            "year": 2018,
            "quarter": 1,
            "eps": 0.95,
            "eps_growth_year": 18.75,
            "eps_4q": 4.25,
            "eps_4q_growth_year": -11.97,
            "roe": 3.67,
            "roe_4q": 17.189999999999998,
            "gross_profit": 178040,
            "gross_margin": 44.36,
            "gross_margin_4q_avg": 47.1,
            "net_income": 76051,
            "revenue": 401357,
            "common_shares": 800018,
            "book_valuer_per_share": 26.46,
            "book_valuer_per_share_4q_avg": 24.81,
            "equity": 2116668,
            "current_ratio": 436.92,
            "debt_ratio": 16.06,
            "inventory_turnover_ratio": 0.87,
            "account_receivable_turnover_ratio": 0.82,
            "reinvestment_rate": -4.44,
            "research_to_sale_ratio": 7.68,
            "price_fair": 85.8,
            "eps_avg_yearly": 4.97,
            "eps_latest_yearly": 3.8,
            "eps_growth_yearly": 7.27
        },
        "20182": {
            "year_quarter": 20182,
            "year": 2018,
            "quarter": 2,
            "eps": 1.45,
            "eps_growth_year": 35.51,
            "eps_4q": 4.63,
            "eps_4q_growth_year": 5.86,
            "roe": 5.64,
            "roe_4q": 18.519999999999996,
            "gross_profit": 235364,
            "gross_margin": 48.25,
            "gross_margin_4q_avg": 47.27,
            "net_income": 115705,
            "revenue": 487806,
            "common_shares": 800018,
            "book_valuer_per_share": 24.83,
            "book_valuer_per_share_4q_avg": 25.26,
            "equity": 1986640,
            "current_ratio": 260.14,
            "debt_ratio": 26.38,
            "inventory_turnover_ratio": 0.94,
            "account_receivable_turnover_ratio": 0.88,
            "reinvestment_rate": -0.99,
            "research_to_sale_ratio": 6.74,
            "price_fair": 101,
            "eps_avg_yearly": 4.96,
            "eps_latest_yearly": 5.8,
            "eps_growth_yearly": 10.38
        },
        "20183": {
            "year_quarter": 20183,
            "year": 2018,
            "quarter": 3,
            "eps": 1.23,
            "eps_growth_year": 2.5,
            "eps_4q": 4.66,
            "eps_4q_growth_year": 10.64,
            "roe": 4.88,
            "roe_4q": 18.32,
            "gross_profit": 221531,
            "gross_margin": 50.91,
            "gross_margin_4q_avg": 47.95,
            "net_income": 98762,
            "revenue": 435107,
            "common_shares": 800018,
            "book_valuer_per_share": 25.75,
            "book_valuer_per_share_4q_avg": 25.61,
            "equity": 2060141,
            "current_ratio": 337.92,
            "debt_ratio": 19.82,
            "inventory_turnover_ratio": 0.73,
            "account_receivable_turnover_ratio": 0.81,
            "reinvestment_rate": 1.23,
            "research_to_sale_ratio": 8.02,
            "price_fair": 108.02,
            "eps_avg_yearly": 4.97,
            "eps_latest_yearly": 4.92,
            "eps_growth_yearly": 11.76
        },
        "20184": {
            "year_quarter": 20184,
            "year": 2018,
            "quarter": 4,
            "eps": 0.74,
            "eps_growth_year": -27.6,
            "eps_4q": 4.38,
            "eps_4q_growth_year": 6.81,
            "roe": 2.84,
            "roe_4q": 17.03,
            "gross_profit": 157669,
            "gross_margin": 45.78,
            "gross_margin_4q_avg": 47.33,
            "net_income": 59517,
            "revenue": 344371,
            "common_shares": 800018,
            "book_valuer_per_share": 26.57,
            "book_valuer_per_share_4q_avg": 25.9,
            "equity": 2125299,
            "current_ratio": 347.16,
            "debt_ratio": 19.42,
            "inventory_turnover_ratio": 0.62,
            "account_receivable_turnover_ratio": 0.78,
            "reinvestment_rate": 2.93,
            "research_to_sale_ratio": 9.6,
            "price_fair": 48.4,
            "eps_avg_yearly": 4.84,
            "eps_latest_yearly": 2.96,
            "eps_growth_yearly": 0.75
        },
        "20191": {
            "year_quarter": 20191,
            "year": 2019,
            "quarter": 1,
            "eps": 0.47,
            "eps_growth_year": -50.53,
            "eps_4q": 3.9,
            "eps_4q_growth_year": -8.2,
            "roe": 1.76,
            "roe_4q": 15.120000000000001,
            "gross_profit": 117228,
            "gross_margin": 39.04,
            "gross_margin_4q_avg": 46,
            "net_income": 37866,
            "revenue": 300296,
            "common_shares": 800018,
            "book_valuer_per_share": 27.27,
            "book_valuer_per_share_4q_avg": 26.11,
            "equity": 2181426,
            "current_ratio": 364.64,
            "debt_ratio": 24.46,
            "inventory_turnover_ratio": 0.63,
            "account_receivable_turnover_ratio": 0.77,
            "reinvestment_rate": 6.04,
            "research_to_sale_ratio": 9.14,
            "price_fair": 13.94,
            "eps_avg_yearly": 4.65,
            "eps_latest_yearly": 1.88,
            "eps_growth_yearly": -8.37
        },
        "20192": {
            "year_quarter": 20192,
            "year": 2019,
            "quarter": 2,
            "eps": 1.05,
            "eps_growth_year": -27.59,
            "eps_4q": 3.51,
            "eps_4q_growth_year": -24.24,
            "roe": 4.08,
            "roe_4q": 13.559999999999999,
            "gross_profit": 180894,
            "gross_margin": 46.02,
            "gross_margin_4q_avg": 45.44,
            "net_income": 84321,
            "revenue": 393079,
            "common_shares": 800018,
            "book_valuer_per_share": 24.44,
            "book_valuer_per_share_4q_avg": 26.01,
            "equity": 1955493,
            "current_ratio": 227.65,
            "debt_ratio": 34.4,
            "inventory_turnover_ratio": 0.83,
            "account_receivable_turnover_ratio": 0.93,
            "reinvestment_rate": 6.41,
            "research_to_sale_ratio": 8.1,
            "price_fair": 106.95,
            "eps_avg_yearly": 4.49,
            "eps_latest_yearly": 4.2,
            "eps_growth_yearly": 13.81
        },
        "20193": {
            "year_quarter": 20193,
            "year": 2019,
            "quarter": 3,
            "eps": 1.67,
            "eps_growth_year": 35.77,
            "eps_4q": 3.94,
            "eps_4q_growth_year": -15.44,
            "roe": 6.64,
            "roe_4q": 15.319999999999999,
            "gross_profit": 255992,
            "gross_margin": 51.98,
            "gross_margin_4q_avg": 45.71,
            "net_income": 133462,
            "revenue": 492497,
            "common_shares": 800018,
            "book_valuer_per_share": 25.77,
            "book_valuer_per_share_4q_avg": 26.01,
            "equity": 2061496,
            "current_ratio": 331.22,
            "debt_ratio": 26.15,
            "inventory_turnover_ratio": 1.09,
            "account_receivable_turnover_ratio": 1,
            "reinvestment_rate": 3.26,
            "research_to_sale_ratio": 7.47,
            "price_fair": 157.85,
            "eps_avg_yearly": 4.51,
            "eps_latest_yearly": 6.68,
            "eps_growth_yearly": 29.62
        },
        "20194": {
            "year_quarter": 20194,
            "year": 2019,
            "quarter": 4,
            "eps": 1.41,
            "eps_growth_year": 88.88,
            "eps_4q": 4.6,
            "eps_4q_growth_year": 5.15,
            "roe": 5.32,
            "roe_4q": 17.8,
            "gross_profit": 261232,
            "gross_margin": 55.63,
            "gross_margin_4q_avg": 48.17,
            "net_income": 112418,
            "revenue": 469619,
            "common_shares": 800018,
            "book_valuer_per_share": 27.02,
            "book_valuer_per_share_4q_avg": 26.13,
            "equity": 2161992,
            "current_ratio": 321.59,
            "debt_ratio": 27.24,
            "inventory_turnover_ratio": 0.99,
            "account_receivable_turnover_ratio": 0.9,
            "reinvestment_rate": 0.27,
            "research_to_sale_ratio": 8.11,
            "price_fair": 158.64,
            "eps_avg_yearly": 4.53,
            "eps_latest_yearly": 5.64,
            "eps_growth_yearly": 30.1
        },
        "20201": {
            "year_quarter": 20201,
            "year": 2020,
            "quarter": 1,
            "eps": 0.91,
            "eps_growth_year": 93.62,
            "eps_4q": 5.04,
            "eps_4q_growth_year": 29.3,
            "roe": 3.59,
            "roe_4q": 19.630000000000003,
            "gross_profit": 175206,
            "gross_margin": 48.94,
            "gross_margin_4q_avg": 50.64,
            "net_income": 73016,
            "revenue": 358021,
            "common_shares": 800018,
            "book_valuer_per_share": 23.84,
            "book_valuer_per_share_4q_avg": 25.27,
            "equity": 1907419,
            "current_ratio": 216.69,
            "debt_ratio": 36.93,
            "inventory_turnover_ratio": 0.81,
            "account_receivable_turnover_ratio": 0.72,
            "reinvestment_rate": -5.3,
            "research_to_sale_ratio": 8.1,
            "price_fair": 157.5,
            "eps_avg_yearly": 4.5,
            "eps_latest_yearly": 3.64,
            "eps_growth_yearly": 26.54
        },
        "20202": {
            "year_quarter": 20202,
            "year": 2020,
            "quarter": 2,
            "eps": 1.19,
            "eps_growth_year": 13.33,
            "eps_4q": 5.17,
            "eps_4q_growth_year": 47.53,
            "roe": 4.87,
            "roe_4q": 20.42,
            "gross_profit": 197267,
            "gross_margin": 48.27,
            "gross_margin_4q_avg": 51.21,
            "net_income": 94879,
            "revenue": 408666,
            "common_shares": 800018,
            "book_valuer_per_share": 24.86,
            "book_valuer_per_share_4q_avg": 25.37,
            "equity": 1988486,
            "current_ratio": 264,
            "debt_ratio": 31.72,
            "inventory_turnover_ratio": 0.87,
            "account_receivable_turnover_ratio": 0.89,
            "reinvestment_rate": -6.73,
            "research_to_sale_ratio": 8.04,
            "price_fair": 144.41,
            "eps_avg_yearly": 4.42,
            "eps_latest_yearly": 4.76,
            "eps_growth_yearly": 22.69
        },
        "20203": {
            "year_quarter": 20203,
            "year": 2020,
            "quarter": 3,
            "eps": 1.3,
            "eps_growth_year": -22.16,
            "eps_4q": 4.8,
            "eps_4q_growth_year": 21.85,
            "roe": 5.06,
            "roe_4q": 18.84,
            "gross_profit": 232137,
            "gross_margin": 48.79,
            "gross_margin_4q_avg": 50.41,
            "net_income": 103719,
            "revenue": 475749,
            "common_shares": 800018,
            "book_valuer_per_share": 26.34,
            "book_valuer_per_share_4q_avg": 25.52,
            "equity": 2107554,
            "current_ratio": 269.07,
            "debt_ratio": 31.61,
            "inventory_turnover_ratio": 1.04,
            "account_receivable_turnover_ratio": 1.01,
            "reinvestment_rate": -5.84,
            "research_to_sale_ratio": 8.1,
            "price_fair": 154.09,
            "eps_avg_yearly": 4.4,
            "eps_latest_yearly": 5.2,
            "eps_growth_yearly": 27.63
        },
        "20204": {
            "year_quarter": 20204,
            "year": 2020,
            "quarter": 4,
            "eps": 1.61,
            "eps_growth_year": 14.77,
            "eps_4q": 5.01,
            "eps_4q_growth_year": 8.85,
            "roe": 5.92,
            "roe_4q": 19.44,
            "gross_profit": 274927,
            "gross_margin": 52.38,
            "gross_margin_4q_avg": 49.6,
            "net_income": 129021,
            "revenue": 524831,
            "common_shares": 800018,
            "book_valuer_per_share": 28.12,
            "book_valuer_per_share_4q_avg": 25.79,
            "equity": 2249886,
            "current_ratio": 242.32,
            "debt_ratio": 34.77,
            "inventory_turnover_ratio": 1,
            "account_receivable_turnover_ratio": 1,
            "reinvestment_rate": -2.74,
            "research_to_sale_ratio": 8.26,
            "price_fair": 158.2,
            "eps_avg_yearly": 4.52,
            "eps_latest_yearly": 6.44,
            "eps_growth_yearly": 37.64
        },
        "20211": {
            "year_quarter": 20211,
            "year": 2021,
            "quarter": 1,
            "eps": 1.7,
            "eps_growth_year": 86.81,
            "eps_4q": 5.53,
            "eps_4q_growth_year": 9.79,
            "roe": 4.79,
            "roe_4q": 20.64,
            "gross_profit": 276148,
            "gross_margin": 50.27,
            "gross_margin_4q_avg": 49.93,
            "net_income": 124695,
            "revenue": 549282,
            "common_shares": 847018,
            "book_valuer_per_share": 28.15,
            "book_valuer_per_share_4q_avg": 26.87,
            "equity": 2953065,
            "current_ratio": 272.75,
            "debt_ratio": 39.51,
            "inventory_turnover_ratio": 0.84,
            "account_receivable_turnover_ratio": 0.88,
            "reinvestment_rate": 1.5,
            "research_to_sale_ratio": 7.61,
            "price_fair": 166.08,
            "eps_avg_yearly": 4.75,
            "eps_latest_yearly": 6.8,
            "eps_growth_yearly": 46.49
        },
        "20212": {
            "year_quarter": 20212,
            "year": 2021,
            "quarter": 2,
            "eps": 1.76,
            "eps_growth_year": 47.9,
            "eps_4q": 6.18,
            "eps_4q_growth_year": 19.42,
            "roe": 4.65,
            "roe_4q": 20.42,
            "gross_profit": 298238,
            "gross_margin": 36.49,
            "gross_margin_4q_avg": 46.98,
            "net_income": 140174,
            "revenue": 817377,
            "common_shares": 847216,
            "book_valuer_per_share": 29.77,
            "book_valuer_per_share_4q_avg": 28.1,
            "equity": 3077988,
            "current_ratio": 219.62,
            "debt_ratio": 41.22,
            "inventory_turnover_ratio": 1.1,
            "account_receivable_turnover_ratio": 1.02,
            "reinvestment_rate": 24.61,
            "research_to_sale_ratio": 4.66,
            "price_fair": 172.11,
            "eps_avg_yearly": 4.92,
            "eps_latest_yearly": 7.04,
            "eps_growth_yearly": 38.94
        },
        "20213": {
            "year_quarter": 20213,
            "year": 2021,
            "quarter": 3,
            "eps": 1.59,
            "eps_growth_year": 22.31,
            "eps_4q": 6.48,
            "eps_4q_growth_year": 35.09,
            "roe": 3.99,
            "roe_4q": 19.35,
            "gross_profit": 306314,
            "gross_margin": 32.16,
            "gross_margin_4q_avg": 42.83,
            "net_income": 127169,
            "revenue": 952420,
            "common_shares": 856453,
            "book_valuer_per_share": 32.07,
            "book_valuer_per_share_4q_avg": 29.53,
            "equity": 3294188,
            "current_ratio": 219.37,
            "debt_ratio": 39.55,
            "inventory_turnover_ratio": 1.04,
            "account_receivable_turnover_ratio": 1,
            "reinvestment_rate": 24.64,
            "research_to_sale_ratio": 3.79,
            "price_fair": 175.53,
            "eps_avg_yearly": 5.02,
            "eps_latest_yearly": 6.36,
            "eps_growth_yearly": 33.49
        },
        "20214": {
            "year_quarter": 20214,
            "year": 2021,
            "quarter": 4,
            "eps": 0.98,
            "eps_growth_year": -39.42,
            "eps_4q": 5.96,
            "eps_4q_growth_year": 18.92,
            "roe": 1.77,
            "roe_4q": 15.2,
            "gross_profit": 233546,
            "gross_margin": 30.63,
            "gross_margin_4q_avg": 37.39,
            "net_income": 58949,
            "revenue": 762514,
            "common_shares": 856453,
            "book_valuer_per_share": 33.11,
            "book_valuer_per_share_4q_avg": 30.78,
            "equity": 3356333,
            "current_ratio": 220.05,
            "debt_ratio": 39.29,
            "inventory_turnover_ratio": 0.67,
            "account_receivable_turnover_ratio": 0.85,
            "reinvestment_rate": 29,
            "research_to_sale_ratio": 5.1,
            "price_fair": 175.09,
            "eps_avg_yearly": 5,
            "eps_latest_yearly": 3.92,
            "eps_growth_yearly": 27.44
        },
        "20221": {
            "year_quarter": 20221,
            "year": 2022,
            "quarter": 1,
            "eps": 0.93,
            "eps_growth_year": -45.29,
            "eps_4q": 5.24,
            "eps_4q_growth_year": -5.32,
            "roe": 1.92,
            "roe_4q": 12.33,
            "gross_profit": 224796,
            "gross_margin": 28.51,
            "gross_margin_4q_avg": 31.95,
            "net_income": 62192,
            "revenue": 788550,
            "common_shares": 856453,
            "book_valuer_per_share": 30.41,
            "book_valuer_per_share_4q_avg": 31.34,
            "equity": 3116950,
            "current_ratio": 223.01,
            "debt_ratio": 38.24,
            "inventory_turnover_ratio": 0.58,
            "account_receivable_turnover_ratio": 0.98,
            "reinvestment_rate": 29.05,
            "research_to_sale_ratio": 5.43,
            "price_fair": 174.91,
            "eps_avg_yearly": 5,
            "eps_latest_yearly": 3.72,
            "eps_growth_yearly": 28.1
        },
        "20222": {
            "year_quarter": 20222,
            "year": 2022,
            "quarter": 2,
            "eps": -0.43,
            "eps_growth_year": -124.43,
            "eps_4q": 3.06,
            "eps_4q_growth_year": -50.39,
            "roe": -4.32,
            "roe_4q": 3.36,
            "gross_profit": 20518,
            "gross_margin": 2.8,
            "gross_margin_4q_avg": 23.53,
            "net_income": -132027,
            "revenue": 733951,
            "common_shares": 856453,
            "book_valuer_per_share": 30,
            "book_valuer_per_share_4q_avg": 31.4,
            "equity": 2999773,
            "current_ratio": 260.82,
            "debt_ratio": 33.48,
            "inventory_turnover_ratio": 0.75,
            "account_receivable_turnover_ratio": 0.94,
            "reinvestment_rate": 33.09,
            "research_to_sale_ratio": 5.76,
            "price_fair": 128.25,
            "eps_avg_yearly": 4.94,
            "eps_latest_yearly": 3.72,
            "eps_growth_yearly": 15.94
        },
        "20223": {
            "year_quarter": 20223,
            "year": 2022,
            "quarter": 3,
            "eps": 0.5,
            "eps_growth_year": -68.55,
            "eps_4q": 1.98,
            "eps_4q_growth_year": -69.54,
            "roe": 0.24,
            "roe_4q": -0.3900000000000001,
            "gross_profit": 150971,
            "gross_margin": 20.54,
            "gross_margin_4q_avg": 20.62,
            "net_income": 7256,
            "revenue": 734954,
            "common_shares": 856453,
            "book_valuer_per_share": 30.99,
            "book_valuer_per_share_4q_avg": 31.13,
            "equity": 3075001,
            "current_ratio": 273.11,
            "debt_ratio": 32.38,
            "inventory_turnover_ratio": 0.67,
            "account_receivable_turnover_ratio": 0.97,
            "reinvestment_rate": 36.37,
            "research_to_sale_ratio": 6.42,
            "price_fair": 155.37,
            "eps_avg_yearly": 4.95,
            "eps_latest_yearly": 3.72,
            "eps_growth_yearly": 21.41
        },
        "20224": {
            "year_quarter": 20224,
            "year": 2022,
            "quarter": 4,
            "eps": 0.05,
            "eps_growth_year": -94.7,
            "eps_4q": 1.05,
            "eps_4q_growth_year": -82.37,
            "roe": -1.44,
            "roe_4q": -3.6000000000000005,
            "gross_profit": 112592,
            "gross_margin": 16.43,
            "gross_margin_4q_avg": 17.07,
            "net_income": -43616,
            "revenue": 685396,
            "common_shares": 856453,
            "book_valuer_per_share": 30.72,
            "book_valuer_per_share_4q_avg": 30.53,
            "equity": 2993428,
            "current_ratio": 252.9,
            "debt_ratio": 34.71,
            "inventory_turnover_ratio": 0.7,
            "account_receivable_turnover_ratio": 0.96,
            "reinvestment_rate": 30.3,
            "research_to_sale_ratio": 6.36,
            "price_fair": 81.12,
            "eps_avg_yearly": 4.75,
            "eps_latest_yearly": 0.2,
            "eps_growth_yearly": 7.08
        },
        "20231": {
            "year_quarter": 20231,
            "year": 2023,
            "quarter": 1,
            "eps": 0.06,
            "eps_growth_year": -93.55,
            "eps_4q": 0.18,
            "eps_4q_growth_year": -96.55,
            "roe": -0.69,
            "roe_4q": -6.21,
            "gross_profit": 137825,
            "gross_margin": 20.82,
            "gross_margin_4q_avg": 15.15,
            "net_income": -20126,
            "revenue": 662142,
            "common_shares": 856453,
            "book_valuer_per_share": 29.27,
            "book_valuer_per_share_4q_avg": 30.25,
            "equity": 2841014,
            "current_ratio": 191.91,
            "debt_ratio": 37.17,
            "inventory_turnover_ratio": 0.7,
            "account_receivable_turnover_ratio": 0.94,
            "reinvestment_rate": 27.58,
            "research_to_sale_ratio": 8.87,
            "price_fair": 153.86,
            "eps_avg_yearly": 4.63,
            "eps_latest_yearly": 0.24,
            "eps_growth_yearly": 23.22
        }
    },
    "months": {
        "2003-01": {
            "month": "2003-01",
            "price": "38.86",
            "revenue": 42872
        },
        "2003-02": {
            "month": "2003-02",
            "price": "38.82",
            "revenue": 35055
        },
        "2003-03": {
            "month": "2003-03",
            "price": "37.89",
            "revenue": 51869
        },
        "2003-04": {
            "month": "2003-04",
            "price": "39.48",
            "revenue": 42190
        },
        "2003-05": {
            "month": "2003-05",
            "price": "38.25",
            "revenue": 38601
        },
        "2003-06": {
            "month": "2003-06",
            "price": "41.28",
            "revenue": 39365
        },
        "2003-07": {
            "month": "2003-07",
            "price": "46.30",
            "revenue": 46481
        },
        "2003-08": {
            "month": "2003-08",
            "price": "40.14",
            "revenue": 54775
        },
        "2003-09": {
            "month": "2003-09",
            "price": "38.42",
            "revenue": 56438
        },
        "2003-10": {
            "month": "2003-10",
            "price": "38.97",
            "revenue": 60562
        },
        "2003-11": {
            "month": "2003-11",
            "price": "39.54",
            "revenue": 52160
        },
        "2003-12": {
            "month": "2003-12",
            "price": "40.91",
            "revenue": 49832
        },
        "2004-01": {
            "month": "2004-01",
            "price": "40.20",
            "revenue": 44216
        },
        "2004-02": {
            "month": "2004-02",
            "price": "43.21",
            "revenue": 47344
        },
        "2004-03": {
            "month": "2004-03",
            "price": "41.15",
            "revenue": 49993
        },
        "2004-04": {
            "month": "2004-04",
            "price": "38.44",
            "revenue": 48974
        },
        "2004-05": {
            "month": "2004-05",
            "price": "35.25",
            "revenue": 42535
        },
        "2004-06": {
            "month": "2004-06",
            "price": "34.25",
            "revenue": 39572
        },
        "2004-07": {
            "month": "2004-07",
            "price": "32.83",
            "revenue": 45030
        },
        "2004-08": {
            "month": "2004-08",
            "price": "29.00",
            "revenue": 48163
        },
        "2004-09": {
            "month": "2004-09",
            "price": "23.68",
            "revenue": 58299
        },
        "2004-10": {
            "month": "2004-10",
            "price": "25.35",
            "revenue": 52073
        },
        "2004-11": {
            "month": "2004-11",
            "price": "28.13",
            "revenue": 45791
        },
        "2004-12": {
            "month": "2004-12",
            "price": "27.24",
            "revenue": 44833
        },
        "2005-01": {
            "month": "2005-01",
            "price": "26.43",
            "revenue": 48774
        },
        "2005-02": {
            "month": "2005-02",
            "price": "26.19",
            "revenue": 34982
        },
        "2005-03": {
            "month": "2005-03",
            "price": "29.32",
            "revenue": 42633
        },
        "2005-04": {
            "month": "2005-04",
            "price": "28.52",
            "revenue": 42125
        },
        "2005-05": {
            "month": "2005-05",
            "price": "27.93",
            "revenue": 43744
        },
        "2005-06": {
            "month": "2005-06",
            "price": "28.20",
            "revenue": 48032
        },
        "2005-07": {
            "month": "2005-07",
            "price": "24.16",
            "revenue": 53310
        },
        "2005-08": {
            "month": "2005-08",
            "price": "23.97",
            "revenue": 61162
        },
        "2005-09": {
            "month": "2005-09",
            "price": "25.59",
            "revenue": 74670
        },
        "2005-10": {
            "month": "2005-10",
            "price": "27.50",
            "revenue": 72887
        },
        "2005-11": {
            "month": "2005-11",
            "price": "27.22",
            "revenue": 80682
        },
        "2005-12": {
            "month": "2005-12",
            "price": "28.53",
            "revenue": 56210
        },
        "2006-01": {
            "month": "2006-01",
            "price": "30.72",
            "revenue": 54391
        },
        "2006-02": {
            "month": "2006-02",
            "price": "28.63",
            "revenue": 47099
        },
        "2006-03": {
            "month": "2006-03",
            "price": "27.42",
            "revenue": 52657
        },
        "2006-04": {
            "month": "2006-04",
            "price": "29.31",
            "revenue": 50959
        },
        "2006-05": {
            "month": "2006-05",
            "price": "28.85",
            "revenue": 54688
        },
        "2006-06": {
            "month": "2006-06",
            "price": "27.69",
            "revenue": 49707
        },
        "2006-07": {
            "month": "2006-07",
            "price": "27.40",
            "revenue": 61592
        },
        "2006-08": {
            "month": "2006-08",
            "price": "24.79",
            "revenue": 72692
        },
        "2006-09": {
            "month": "2006-09",
            "price": "26.87",
            "revenue": 78670
        },
        "2006-10": {
            "month": "2006-10",
            "price": "28.54",
            "revenue": 68773
        },
        "2006-11": {
            "month": "2006-11",
            "price": "28.20",
            "revenue": 66881
        },
        "2006-12": {
            "month": "2006-12",
            "price": "28.25",
            "revenue": 61019
        },
        "2007-01": {
            "month": "2007-01",
            "price": "33.46",
            "revenue": 65303
        },
        "2007-02": {
            "month": "2007-02",
            "price": "38.39",
            "revenue": 54674
        },
        "2007-03": {
            "month": "2007-03",
            "price": "44.92",
            "revenue": 57760
        },
        "2007-04": {
            "month": "2007-04",
            "price": "43.56",
            "revenue": 59324
        },
        "2007-05": {
            "month": "2007-05",
            "price": "45.51",
            "revenue": 65351
        },
        "2007-06": {
            "month": "2007-06",
            "price": "60.00",
            "revenue": 67949
        },
        "2007-07": {
            "month": "2007-07",
            "price": "66.90",
            "revenue": 79385
        },
        "2007-08": {
            "month": "2007-08",
            "price": "59.19",
            "revenue": 89274
        },
        "2007-09": {
            "month": "2007-09",
            "price": "57.57",
            "revenue": 91032
        },
        "2007-10": {
            "month": "2007-10",
            "price": "50.99",
            "revenue": 80807
        },
        "2007-11": {
            "month": "2007-11",
            "price": "39.00",
            "revenue": 71548
        },
        "2007-12": {
            "month": "2007-12",
            "price": "36.28",
            "revenue": 58348
        },
        "2008-01": {
            "month": "2008-01",
            "price": "32.95",
            "revenue": 69585
        },
        "2008-02": {
            "month": "2008-02",
            "price": "32.55",
            "revenue": 59289
        },
        "2008-03": {
            "month": "2008-03",
            "price": "33.73",
            "revenue": 67334
        },
        "2008-04": {
            "month": "2008-04",
            "price": "35.82",
            "revenue": 69847
        },
        "2008-05": {
            "month": "2008-05",
            "price": "35.99",
            "revenue": 75862
        },
        "2008-06": {
            "month": "2008-06",
            "price": "30.95",
            "revenue": 87553
        },
        "2008-07": {
            "month": "2008-07",
            "price": "26.21",
            "revenue": 93133
        },
        "2008-08": {
            "month": "2008-08",
            "price": "27.06",
            "revenue": 94566
        },
        "2008-09": {
            "month": "2008-09",
            "price": "24.46",
            "revenue": 98702
        },
        "2008-10": {
            "month": "2008-10",
            "price": "20.62",
            "revenue": 80371
        },
        "2008-11": {
            "month": "2008-11",
            "price": "18.46",
            "revenue": 61431
        },
        "2008-12": {
            "month": "2008-12",
            "price": "17.38",
            "revenue": 39962
        },
        "2009-01": {
            "month": "2009-01",
            "price": "15.74",
            "revenue": 40144
        },
        "2009-02": {
            "month": "2009-02",
            "price": "16.74",
            "revenue": 52046
        },
        "2009-03": {
            "month": "2009-03",
            "price": "19.93",
            "revenue": 67991
        },
        "2009-04": {
            "month": "2009-04",
            "price": "23.56",
            "revenue": 78898
        },
        "2009-05": {
            "month": "2009-05",
            "price": "26.95",
            "revenue": 77269
        },
        "2009-06": {
            "month": "2009-06",
            "price": "29.73",
            "revenue": 79928
        },
        "2009-07": {
            "month": "2009-07",
            "price": "29.56",
            "revenue": 92360
        },
        "2009-08": {
            "month": "2009-08",
            "price": "32.40",
            "revenue": 101002
        },
        "2009-09": {
            "month": "2009-09",
            "price": "47.52",
            "revenue": 116080
        },
        "2009-10": {
            "month": "2009-10",
            "price": "48.73",
            "revenue": 90244
        },
        "2009-11": {
            "month": "2009-11",
            "price": "47.31",
            "revenue": 80859
        },
        "2009-12": {
            "month": "2009-12",
            "price": "55.47",
            "revenue": 72406
        },
        "2010-01": {
            "month": "2010-01",
            "price": "62.28",
            "revenue": 84416
        },
        "2010-02": {
            "month": "2010-02",
            "price": "54.88",
            "revenue": 86013
        },
        "2010-03": {
            "month": "2010-03",
            "price": "63.66",
            "revenue": 112202
        },
        "2010-04": {
            "month": "2010-04",
            "price": "66.70",
            "revenue": 129042
        },
        "2010-05": {
            "month": "2010-05",
            "price": "69.16",
            "revenue": 123740
        },
        "2010-06": {
            "month": "2010-06",
            "price": "69.39",
            "revenue": 132963
        },
        "2010-07": {
            "month": "2010-07",
            "price": "72.41",
            "revenue": 135809
        },
        "2010-08": {
            "month": "2010-08",
            "price": "67.05",
            "revenue": 130713
        },
        "2010-09": {
            "month": "2010-09",
            "price": "64.20",
            "revenue": 125362
        },
        "2010-10": {
            "month": "2010-10",
            "price": "61.58",
            "revenue": 105837
        },
        "2010-11": {
            "month": "2010-11",
            "price": "55.96",
            "revenue": 103822
        },
        "2010-12": {
            "month": "2010-12",
            "price": "60.18",
            "revenue": 102783
        },
        "2011-01": {
            "month": "2011-01",
            "price": "59.49",
            "revenue": 116719
        },
        "2011-02": {
            "month": "2011-02",
            "price": "60.19",
            "revenue": 98383
        },
        "2011-03": {
            "month": "2011-03",
            "price": "64.81",
            "revenue": 141651
        },
        "2011-04": {
            "month": "2011-04",
            "price": "70.31",
            "revenue": 146657
        },
        "2011-05": {
            "month": "2011-05",
            "price": "66.65",
            "revenue": 141300
        },
        "2011-06": {
            "month": "2011-06",
            "price": "67.04",
            "revenue": 135563
        },
        "2011-07": {
            "month": "2011-07",
            "price": "61.12",
            "revenue": 134068
        },
        "2011-08": {
            "month": "2011-08",
            "price": "52.75",
            "revenue": 137520
        },
        "2011-09": {
            "month": "2011-09",
            "price": "49.92",
            "revenue": 131172
        },
        "2011-10": {
            "month": "2011-10",
            "price": "50.55",
            "revenue": 114019
        },
        "2011-11": {
            "month": "2011-11",
            "price": "47.66",
            "revenue": 119470
        },
        "2011-12": {
            "month": "2011-12",
            "price": "43.70",
            "revenue": 113986
        },
        "2012-01": {
            "month": "2012-01",
            "price": "45.92",
            "revenue": 101041
        },
        "2012-02": {
            "month": "2012-02",
            "price": "54.44",
            "revenue": 120680
        },
        "2012-03": {
            "month": "2012-03",
            "price": "58.03",
            "revenue": 138692
        },
        "2012-04": {
            "month": "2012-04",
            "price": "55.22",
            "revenue": 149185
        },
        "2012-05": {
            "month": "2012-05",
            "price": "57.42",
            "revenue": 164000
        },
        "2012-06": {
            "month": "2012-06",
            "price": "56.26",
            "revenue": 153190
        },
        "2012-07": {
            "month": "2012-07",
            "price": "53.74",
            "revenue": 175828
        },
        "2012-08": {
            "month": "2012-08",
            "price": "56.65",
            "revenue": 154497
        },
        "2012-09": {
            "month": "2012-09",
            "price": "56.41",
            "revenue": 150570
        },
        "2012-10": {
            "month": "2012-10",
            "price": "53.80",
            "revenue": 134519
        },
        "2012-11": {
            "month": "2012-11",
            "price": "51.11",
            "revenue": 131674
        },
        "2012-12": {
            "month": "2012-12",
            "price": "52.33",
            "revenue": 129821
        },
        "2013-01": {
            "month": "2013-01",
            "price": "54.85",
            "revenue": 143145
        },
        "2013-02": {
            "month": "2013-02",
            "price": "58.20",
            "revenue": 100926
        },
        "2013-03": {
            "month": "2013-03",
            "price": "59.30",
            "revenue": 119519
        },
        "2013-04": {
            "month": "2013-04",
            "price": "58.04",
            "revenue": 123473
        },
        "2013-05": {
            "month": "2013-05",
            "price": "57.78",
            "revenue": 128310
        },
        "2013-06": {
            "month": "2013-06",
            "price": "58.74",
            "revenue": 114584
        },
        "2013-07": {
            "month": "2013-07",
            "price": "55.13",
            "revenue": 123641
        },
        "2013-08": {
            "month": "2013-08",
            "price": "53.73",
            "revenue": 132013
        },
        "2013-09": {
            "month": "2013-09",
            "price": "55.35",
            "revenue": 131277
        },
        "2013-10": {
            "month": "2013-10",
            "price": "58.50",
            "revenue": 119082
        },
        "2013-11": {
            "month": "2013-11",
            "price": "57.87",
            "revenue": 134326
        },
        "2013-12": {
            "month": "2013-12",
            "price": "61.78",
            "revenue": 125878
        },
        "2014-01": {
            "month": "2014-01",
            "price": "68.49",
            "revenue": 123609
        },
        "2014-02": {
            "month": "2014-02",
            "price": "71.21",
            "revenue": 109876
        },
        "2014-03": {
            "month": "2014-03",
            "price": "74.60",
            "revenue": 131612
        },
        "2014-04": {
            "month": "2014-04",
            "price": "74.67",
            "revenue": 156693
        },
        "2014-05": {
            "month": "2014-05",
            "price": "75.30",
            "revenue": 158811
        },
        "2014-06": {
            "month": "2014-06",
            "price": "83.40",
            "revenue": 141209
        },
        "2014-07": {
            "month": "2014-07",
            "price": "75.95",
            "revenue": 141843
        },
        "2014-08": {
            "month": "2014-08",
            "price": "72.49",
            "revenue": 128992
        },
        "2014-09": {
            "month": "2014-09",
            "price": "71.12",
            "revenue": 132262
        },
        "2014-10": {
            "month": "2014-10",
            "price": "66.96",
            "revenue": 128101
        },
        "2014-11": {
            "month": "2014-11",
            "price": "66.07",
            "revenue": 128010
        },
        "2014-12": {
            "month": "2014-12",
            "price": "66.20",
            "revenue": 125719
        },
        "2015-01": {
            "month": "2015-01",
            "price": "66.41",
            "revenue": 127239
        },
        "2015-02": {
            "month": "2015-02",
            "price": "67.57",
            "revenue": 105319
        },
        "2015-03": {
            "month": "2015-03",
            "price": "69.67",
            "revenue": 149376
        },
        "2015-04": {
            "month": "2015-04",
            "price": "69.38",
            "revenue": 153293
        },
        "2015-05": {
            "month": "2015-05",
            "price": "72.08",
            "revenue": 154727
        },
        "2015-06": {
            "month": "2015-06",
            "price": "78.41",
            "revenue": 136800
        },
        "2015-07": {
            "month": "2015-07",
            "price": "67.50",
            "revenue": 141083
        },
        "2015-08": {
            "month": "2015-08",
            "price": "61.22",
            "revenue": 137727
        },
        "2015-09": {
            "month": "2015-09",
            "price": "63.53",
            "revenue": 145683
        },
        "2015-10": {
            "month": "2015-10",
            "price": "65.30",
            "revenue": 143612
        },
        "2015-11": {
            "month": "2015-11",
            "price": "65.02",
            "revenue": 140510
        },
        "2015-12": {
            "month": "2015-12",
            "price": "65.46",
            "revenue": 138567
        },
        "2016-01": {
            "month": "2016-01",
            "price": "61.95",
            "revenue": 142413
        },
        "2016-02": {
            "month": "2016-02",
            "price": "63.76",
            "revenue": 98781
        },
        "2016-03": {
            "month": "2016-03",
            "price": "64.34",
            "revenue": 130375
        },
        "2016-04": {
            "month": "2016-04",
            "price": "60.35",
            "revenue": 143297
        },
        "2016-05": {
            "month": "2016-05",
            "price": "57.79",
            "revenue": 143259
        },
        "2016-06": {
            "month": "2016-06",
            "price": "57.57",
            "revenue": 143766
        },
        "2016-07": {
            "month": "2016-07",
            "price": "56.78",
            "revenue": 152597
        },
        "2016-08": {
            "month": "2016-08",
            "price": "58.84",
            "revenue": 149036
        },
        "2016-09": {
            "month": "2016-09",
            "price": "59.83",
            "revenue": 151955
        },
        "2016-10": {
            "month": "2016-10",
            "price": "60.50",
            "revenue": 132356
        },
        "2016-11": {
            "month": "2016-11",
            "price": "57.65",
            "revenue": 137920
        },
        "2016-12": {
            "month": "2016-12",
            "price": "58.22",
            "revenue": 130006
        },
        "2017-01": {
            "month": "2017-01",
            "price": "58.38",
            "revenue": 109375
        },
        "2017-02": {
            "month": "2017-02",
            "price": "59.24",
            "revenue": 110496
        },
        "2017-03": {
            "month": "2017-03",
            "price": "60.30",
            "revenue": 131998
        },
        "2017-04": {
            "month": "2017-04",
            "price": "61.09",
            "revenue": 132893
        },
        "2017-05": {
            "month": "2017-05",
            "price": "61.98",
            "revenue": 131317
        },
        "2017-06": {
            "month": "2017-06",
            "price": "62.93",
            "revenue": 129859
        },
        "2017-07": {
            "month": "2017-07",
            "price": "61.57",
            "revenue": 135240
        },
        "2017-08": {
            "month": "2017-08",
            "price": "55.50",
            "revenue": 132358
        },
        "2017-09": {
            "month": "2017-09",
            "price": "55.65",
            "revenue": 135798
        },
        "2017-10": {
            "month": "2017-10",
            "price": "55.44",
            "revenue": 124850
        },
        "2017-11": {
            "month": "2017-11",
            "price": "55.62",
            "revenue": 134038
        },
        "2017-12": {
            "month": "2017-12",
            "price": "55.49",
            "revenue": 122152
        },
        "2018-01": {
            "month": "2018-01",
            "price": "55.75",
            "revenue": 143021
        },
        "2018-02": {
            "month": "2018-02",
            "price": "57.51",
            "revenue": 111648
        },
        "2018-03": {
            "month": "2018-03",
            "price": "63.15",
            "revenue": 146688
        },
        "2018-04": {
            "month": "2018-04",
            "price": "62.34",
            "revenue": 155150
        },
        "2018-05": {
            "month": "2018-05",
            "price": "64.25",
            "revenue": 169907
        },
        "2018-06": {
            "month": "2018-06",
            "price": "71.64",
            "revenue": 162749
        },
        "2018-07": {
            "month": "2018-07",
            "price": "67.93",
            "revenue": 157617
        },
        "2018-08": {
            "month": "2018-08",
            "price": "65.21",
            "revenue": 155824
        },
        "2018-09": {
            "month": "2018-09",
            "price": "60.16",
            "revenue": 121666
        },
        "2018-10": {
            "month": "2018-10",
            "price": "53.31",
            "revenue": 123627
        },
        "2018-11": {
            "month": "2018-11",
            "price": "53.66",
            "revenue": 111063
        },
        "2018-12": {
            "month": "2018-12",
            "price": "55.19",
            "revenue": 109681
        },
        "2019-01": {
            "month": "2019-01",
            "price": "55.93",
            "revenue": 106546
        },
        "2019-02": {
            "month": "2019-02",
            "price": "55.82",
            "revenue": 84246
        },
        "2019-03": {
            "month": "2019-03",
            "price": "55.33",
            "revenue": 109504
        },
        "2019-04": {
            "month": "2019-04",
            "price": "56.30",
            "revenue": 118154
        },
        "2019-05": {
            "month": "2019-05",
            "price": "55.52",
            "revenue": 126650
        },
        "2019-06": {
            "month": "2019-06",
            "price": "56.62",
            "revenue": 148275
        },
        "2019-07": {
            "month": "2019-07",
            "price": "64.80",
            "revenue": 152012
        },
        "2019-08": {
            "month": "2019-08",
            "price": "62.13",
            "revenue": 171967
        },
        "2019-09": {
            "month": "2019-09",
            "price": "67.44",
            "revenue": 168518
        },
        "2019-10": {
            "month": "2019-10",
            "price": "68.14",
            "revenue": 163583
        },
        "2019-11": {
            "month": "2019-11",
            "price": "67.62",
            "revenue": 161407
        },
        "2019-12": {
            "month": "2019-12",
            "price": "66.68",
            "revenue": 144629
        },
        "2020-01": {
            "month": "2020-01",
            "price": "66.47",
            "revenue": 127620
        },
        "2020-02": {
            "month": "2020-02",
            "price": "63.89",
            "revenue": 87542
        },
        "2020-03": {
            "month": "2020-03",
            "price": "56.03",
            "revenue": 142859
        },
        "2020-04": {
            "month": "2020-04",
            "price": "61.25",
            "revenue": 150085
        },
        "2020-05": {
            "month": "2020-05",
            "price": "62.28",
            "revenue": 131452
        },
        "2020-06": {
            "month": "2020-06",
            "price": "65.46",
            "revenue": 127129
        },
        "2020-07": {
            "month": "2020-07",
            "price": "74.06",
            "revenue": 146244
        },
        "2020-08": {
            "month": "2020-08",
            "price": "75.74",
            "revenue": 148664
        },
        "2020-09": {
            "month": "2020-09",
            "price": "77.43",
            "revenue": 180841
        },
        "2020-10": {
            "month": "2020-10",
            "price": "92.29",
            "revenue": 175762
        },
        "2020-11": {
            "month": "2020-11",
            "price": "91.30",
            "revenue": 170320
        },
        "2020-12": {
            "month": "2020-12",
            "price": "93.88",
            "revenue": 178749
        },
        "2021-01": {
            "month": "2021-01",
            "price": "103.29",
            "revenue": 203020
        },
        "2021-02": {
            "month": "2021-02",
            "price": "116.10",
            "revenue": 155990
        },
        "2021-03": {
            "month": "2021-03",
            "price": "126.48",
            "revenue": 190272
        },
        "2021-04": {
            "month": "2021-04",
            "price": "129.92",
            "revenue": 212368
        },
        "2021-05": {
            "month": "2021-05",
            "price": "110.10",
            "revenue": 286470
        },
        "2021-06": {
            "month": "2021-06",
            "price": "126.14",
            "revenue": 318539
        },
        "2021-07": {
            "month": "2021-07",
            "price": "158.16",
            "revenue": 336474
        },
        "2021-08": {
            "month": "2021-08",
            "price": "141.57",
            "revenue": 312974
        },
        "2021-09": {
            "month": "2021-09",
            "price": "130.15",
            "revenue": 302972
        },
        "2021-10": {
            "month": "2021-10",
            "price": "119.72",
            "revenue": 270806
        },
        "2021-11": {
            "month": "2021-11",
            "price": "119.39",
            "revenue": 265222
        },
        "2021-12": {
            "month": "2021-12",
            "price": "126.41",
            "revenue": 226486
        },
        "2022-01": {
            "month": "2022-01",
            "price": "115.17",
            "revenue": 263413
        },
        "2022-02": {
            "month": "2022-02",
            "price": "108.27",
            "revenue": 239973
        },
        "2022-03": {
            "month": "2022-03",
            "price": "103.07",
            "revenue": 285164
        },
        "2022-04": {
            "month": "2022-04",
            "price": "95.19",
            "revenue": 229781
        },
        "2022-05": {
            "month": "2022-05",
            "price": "83.35",
            "revenue": 256353
        },
        "2022-06": {
            "month": "2022-06",
            "price": "75.13",
            "revenue": 247817
        },
        "2022-07": {
            "month": "2022-07",
            "price": "66.16",
            "revenue": 254477
        },
        "2022-08": {
            "month": "2022-08",
            "price": "63.77",
            "revenue": 217547
        },
        "2022-09": {
            "month": "2022-09",
            "price": "57.57",
            "revenue": 262930
        },
        "2022-10": {
            "month": "2022-10",
            "price": "52.43",
            "revenue": 225606
        },
        "2022-11": {
            "month": "2022-11",
            "price": "55.40",
            "revenue": 239770
        },
        "2022-12": {
            "month": "2022-12",
            "price": "58.25",
            "revenue": 220020
        },
        "2023-01": {
            "month": "2023-01",
            "price": "59.90",
            "revenue": 197430
        },
        "2023-02": {
            "month": "2023-02",
            "price": "64.73",
            "revenue": 232593
        },
        "2023-03": {
            "month": "2023-03",
            "price": "66.89",
            "revenue": 232119
        },
        "2023-04": {
            "month": "2023-04",
            "price": "65.64",
            "revenue": 220648
        },
        "2023-05": {
            "month": "2023-05",
            "price": "61.61",
            "revenue": 240333
        }
    }
}
