{
    "summary": {
        "stock_name": "天瀚",
        "stock_id": "6225",
        "category": "光電",
        "main_business": "微型投影機/數位相機/ 數位攝影機/ 彩色電子童書<br>無線壓力電磁感應筆式輸入系統與ASIC模組<br>微型光電模組",
        "website_url": "http://www.aiptek.tw",
        "ceo": "葉綾蓮",
        "pe_ratio": -66,
        "report_year_from": 2001,
        "report_year_to": 2023,
        "age": 22,
        "eps_negative_percentage": 79,
        "eps_growth_avg": {
            "last_all": -47.64,
            "last_2y": null,
            "last_4y": null,
            "last_8y": null,
            "last_12y": null,
            "last_16y": -100,
            "last_20y": -47.64,
            "at_2006_last_3y": -37.5,
            "at_2007_last_3y": -100,
            "at_2008_last_3y": -100,
            "at_2009_last_3y": -100,
            "at_2010_last_3y": -100,
            "at_2011_last_3y": -100,
            "at_2012_last_3y": null,
            "at_2013_last_3y": null,
            "at_2014_last_3y": null,
            "at_2015_last_3y": null,
            "at_2016_last_3y": null,
            "at_2017_last_3y": null,
            "at_2018_last_3y": null,
            "at_2019_last_3y": null,
            "at_2020_last_3y": null,
            "at_2021_last_3y": null,
            "at_2022_last_3y": null,
            "at_2023_last_3y": null,
            "at_2006_last_all": -30.19,
            "at_2007_last_all": -30.19,
            "at_2008_last_all": -47.64,
            "at_2009_last_all": -47.64,
            "at_2010_last_all": -47.64,
            "at_2011_last_all": -47.64,
            "at_2012_last_all": -47.64,
            "at_2013_last_all": -47.64,
            "at_2014_last_all": -47.64,
            "at_2015_last_all": -47.64,
            "at_2016_last_all": -47.64,
            "at_2017_last_all": -47.64,
            "at_2018_last_all": -47.64,
            "at_2019_last_all": -47.64,
            "at_2020_last_all": -47.64,
            "at_2021_last_all": -47.64,
            "at_2022_last_all": -47.64,
            "at_2023_last_all": -47.64
        },
        "latest_eps": -0.16,
        "latest_price": 10.6,
        "latest_roe": -9.08,
        "latest_gross_margin": 20.18,
        "latest_equity": 85705,
        "latest_revenue": 7655,
        "latest_gross_profit": 1545,
        "latest_net_income": -870,
        "latest_debt_ratio": 13.87,
        "latest_current_ratio": 920.87,
        "latest_account_receivable_turnover_ratio": 0.68,
        "latest_inventory_turnover_ratio": 0.87,
        "latest_reinvestment_rate": null,
        "latest_research_to_sale_ratio": null
    },
    "eps_dividends": {
        "2001": {
            "cash": 0,
            "stock": 4,
            "eps": 4.88
        },
        "2002": {
            "cash": 0,
            "stock": 6,
            "eps": 4.12
        },
        "2003": {
            "cash": 0,
            "stock": 3,
            "eps": 5.15
        },
        "2004": {
            "cash": 3,
            "stock": 2,
            "eps": -0.25
        },
        "2005": {
            "cash": 0,
            "stock": 0,
            "eps": -5.96
        },
        "2006": {
            "cash": 0,
            "stock": 0,
            "eps": -1.23
        },
        "2007": {
            "cash": 0,
            "stock": 0,
            "eps": 0.89
        },
        "2008": {
            "cash": 0,
            "stock": 0,
            "eps": -0.77
        },
        "2009": {
            "cash": 0,
            "stock": 0,
            "eps": -1.17
        },
        "2010": {
            "cash": 0,
            "stock": 0,
            "eps": -2.67
        },
        "2011": {
            "cash": 0,
            "stock": 0,
            "eps": -2.4
        },
        "2012": {
            "cash": 0,
            "stock": 0,
            "eps": -3.14
        },
        "2013": {
            "cash": 0,
            "stock": 0,
            "eps": -2.6
        },
        "2014": {
            "cash": 0,
            "stock": 0,
            "eps": -1.93
        },
        "2015": {
            "cash": 0,
            "stock": 0,
            "eps": -0.69
        },
        "2016": {
            "cash": 0,
            "stock": 0,
            "eps": -0.25
        },
        "2017": {
            "cash": 0,
            "stock": 0,
            "eps": -0.13
        },
        "2018": {
            "cash": 0,
            "stock": 0,
            "eps": -0.18
        },
        "2019": {
            "cash": 0,
            "stock": 0,
            "eps": -0.08
        },
        "2020": {
            "cash": 0,
            "stock": 0,
            "eps": -0.06
        },
        "2021": {
            "cash": 0,
            "stock": 0,
            "eps": -0.06
        },
        "2022": {
            "cash": 0,
            "stock": 0,
            "eps": -0.09
        },
        "2023": {
            "cash": 0,
            "stock": 0,
            "eps": -0.03
        }
    },
    "dividends": {
        "2001-06-12": {
            "cash": 0,
            "stock": 4.3
        },
        "2002-05-21": {
            "cash": 0.2,
            "stock": 6
        },
        "2003-04-10": {
            "cash": 0.42,
            "stock": 3
        },
        "2004-03-19": {
            "cash": 2.6,
            "stock": 1.8
        },
        "2008-03-28": {
            "cash": 0.25,
            "stock": 0.35
        }
    },
    "prices": {
        "200101": "無",
        "200102": "無",
        "200103": "無",
        "200104": "無",
        "200105": "無",
        "200106": "無",
        "200107": "無",
        "200108": "無",
        "200109": "無",
        "200110": "無",
        "200111": "無",
        "200112": "無",
        "200201": "無",
        "200202": "無",
        "200203": "無",
        "200204": "無",
        "200205": "無",
        "200206": "無",
        "200207": "無",
        "200208": "無",
        "200209": "無",
        "200210": "無",
        "200211": "無",
        "200212": "無",
        "200301": "49.03",
        "200302": "42.92",
        "200303": "40.95",
        "200304": "42.17",
        "200305": "42.26",
        "200306": "48.80",
        "200307": "57.98",
        "200308": "64.21",
        "200309": "58.43",
        "200310": "51.69",
        "200311": "50.60",
        "200312": "51.26",
        "200401": "51.10",
        "200402": "48.56",
        "200403": "47.09",
        "200404": "45.42",
        "200405": "31.76",
        "200406": "27.85",
        "200407": "25.03",
        "200408": "21.09",
        "200409": "17.73",
        "200410": "18.20",
        "200411": "13.33",
        "200412": "13.72",
        "200501": "13.68",
        "200502": "14.20",
        "200503": "14.46",
        "200504": "13.50",
        "200505": "13.21",
        "200506": "14.25",
        "200507": "14.59",
        "200508": "13.08",
        "200509": "10.81",
        "200510": "8.47",
        "200511": "7.93",
        "200512": "10.69",
        "200601": "10.96",
        "200602": "10.94",
        "200603": "10.82",
        "200604": "10.76",
        "200605": "9.45",
        "200606": "7.89",
        "200607": "7.81",
        "200608": "7.49",
        "200609": "7.43",
        "200610": "9.11",
        "200611": "9.12",
        "200612": "8.16",
        "200701": "8.58",
        "200702": "9.03",
        "200703": "10.27",
        "200704": "11.33",
        "200705": "9.93",
        "200706": "15.47",
        "200707": "18.73",
        "200708": "21.37",
        "200709": "22.70",
        "200710": "19.52",
        "200711": "21.12",
        "200712": "20.94",
        "200801": "15.40",
        "200802": "14.46",
        "200803": "14.68",
        "200804": "15.80",
        "200805": "16.48",
        "200806": "16.73",
        "200807": "14.03",
        "200808": "12.91",
        "200809": "9.58",
        "200810": "7.16",
        "200811": "4.81",
        "200812": "4.76",
        "200901": "5.13",
        "200902": "4.95",
        "200903": "8.19",
        "200904": "11.55",
        "200905": "9.09",
        "200906": "11.24",
        "200907": "18.41",
        "200908": "16.95",
        "200909": "20.06",
        "200910": "24.72",
        "200911": "25.40",
        "200912": "42.37",
        "201001": "38.45",
        "201002": "30.58",
        "201003": "33.13",
        "201004": "30.53",
        "201005": "22.65",
        "201006": "27.81",
        "201007": "26.50",
        "201008": "23.24",
        "201009": "22.55",
        "201010": "20.77",
        "201011": "19.50",
        "201012": "20.26",
        "201101": "19.43",
        "201102": "17.55",
        "201103": "15.51",
        "201104": "15.29",
        "201105": "15.63",
        "201106": "13.65",
        "201107": "11.91",
        "201108": "11.17",
        "201109": "9.57",
        "201110": "8.46",
        "201111": "4.64",
        "201112": "2.36",
        "201201": "3.35",
        "201202": "3.36",
        "201203": "3.34",
        "201204": "2.93",
        "201205": "2.25",
        "201206": "2.84",
        "201207": "2.65",
        "201208": "4.22",
        "201209": "4.20",
        "201210": "4.71",
        "201211": "4.40",
        "201212": "4.22",
        "201301": "4.29",
        "201302": "4.27",
        "201303": "4.39",
        "201304": "4.68",
        "201305": "5.20",
        "201306": "4.92",
        "201307": "4.81",
        "201308": "4.73",
        "201309": "4.96",
        "201310": "4.83",
        "201311": "4.91",
        "201312": "4.66",
        "201401": "4.94",
        "201402": "5.34",
        "201403": "7.60",
        "201404": "10.18",
        "201405": "8.16",
        "201406": "6.45",
        "201407": "7.06",
        "201408": "5.08",
        "201409": "4.55",
        "201410": "4.48",
        "201411": "5.50",
        "201412": "5.68",
        "201501": "5.04",
        "201502": "4.75",
        "201503": "5.68",
        "201504": "4.75",
        "201505": "4.69",
        "201506": "4.40",
        "201507": "4.37",
        "201508": "4.10",
        "201509": "3.96",
        "201510": "3.80",
        "201511": "3.47",
        "201512": "3.23",
        "201601": "2.92",
        "201602": "2.72",
        "201603": "2.38",
        "201604": "2.04",
        "201605": "3.12",
        "201606": "3.78",
        "201607": "3.64",
        "201608": "3.79",
        "201609": "3.96",
        "201610": "3.68",
        "201611": "3.48",
        "201612": "3.49",
        "201701": "3.71",
        "201702": "3.52",
        "201703": "3.40",
        "201704": "3.16",
        "201705": "3.00",
        "201706": "3.02",
        "201707": "3.00",
        "201708": "2.99",
        "201709": "3.01",
        "201710": "3.33",
        "201711": "3.68",
        "201712": "3.46",
        "201801": "3.09",
        "201802": "2.88",
        "201803": "2.95",
        "201804": "3.07",
        "201805": "4.04",
        "201806": "4.54",
        "201807": "4.79",
        "201808": "4.35",
        "201809": "3.79",
        "201810": "3.60",
        "201811": "3.66",
        "201812": "3.42",
        "201901": "3.17",
        "201902": "3.14",
        "201903": "3.04",
        "201904": "2.94",
        "201905": "3.00",
        "201906": "2.85",
        "201907": "2.90",
        "201908": "2.90",
        "201909": "2.75",
        "201910": "2.71",
        "201911": "2.48",
        "201912": "1.73",
        "202001": "2.01",
        "202002": "2.40",
        "202003": "1.86",
        "202004": "2.51",
        "202005": "2.74",
        "202006": "2.95",
        "202007": "4.04",
        "202008": "4.65",
        "202009": "4.54",
        "202010": "4.20",
        "202011": "3.62",
        "202012": "3.39",
        "202101": "3.34",
        "202102": "3.42",
        "202103": "3.74",
        "202104": "4.19",
        "202105": "3.88",
        "202106": "3.60",
        "202107": "5.99",
        "202108": "8.02",
        "202109": "7.10",
        "202110": "7.22",
        "202111": "7.07",
        "202112": "6.85",
        "202201": "8.76",
        "202202": "8.86",
        "202203": "11.04",
        "202204": "11.51",
        "202205": "11.43",
        "202206": "10.75",
        "202207": "6.82",
        "202208": "9.52",
        "202209": "9.53",
        "202210": "7.49",
        "202211": "6.16",
        "202212": "10.50",
        "202301": "12.42",
        "202302": "12.78",
        "202303": "11.42",
        "202304": "10.94",
        "202305": "11.19"
    },
    "quarters": {
        "20011": {
            "year_quarter": 20011,
            "year": 2001,
            "quarter": 1,
            "eps": 2.83,
            "eps_growth_year": null,
            "eps_4q": null,
            "eps_4q_growth_year": null,
            "roe": 16.73,
            "gross_profit": 153736,
            "gross_margin": 27.33,
            "net_income": 104683,
            "revenue": 562564,
            "common_shares": 370000,
            "equity": 678044,
            "current_ratio": 225.31,
            "debt_ratio": 44.55,
            "inventory_turnover_ratio": 1.31,
            "account_receivable_turnover_ratio": null,
            "reinvestment_rate": null,
            "research_to_sale_ratio": null,
            "price_fair": 0,
            "eps_avg_yearly": 0,
            "eps_latest_yearly": 0,
            "eps_growth_yearly": 0
        },
        "20012": {
            "year_quarter": 20012,
            "year": 2001,
            "quarter": 2,
            "eps": 2.05,
            "eps_growth_year": null,
            "eps_4q": null,
            "eps_4q_growth_year": null,
            "roe": 10.6,
            "gross_profit": 125442,
            "gross_margin": 23.09,
            "net_income": 75772,
            "revenue": 543258,
            "common_shares": 370000,
            "equity": 751046,
            "current_ratio": 252.16,
            "debt_ratio": 40.87,
            "inventory_turnover_ratio": 1.58,
            "account_receivable_turnover_ratio": null,
            "reinvestment_rate": null,
            "research_to_sale_ratio": null,
            "price_fair": 0,
            "eps_avg_yearly": 0,
            "eps_latest_yearly": 0,
            "eps_growth_yearly": 0
        },
        "20013": {
            "year_quarter": 20013,
            "year": 2001,
            "quarter": 3,
            "eps": null,
            "eps_growth_year": null,
            "eps_4q": null,
            "eps_4q_growth_year": null,
            "roe": null,
            "gross_profit": null,
            "gross_margin": null,
            "net_income": null,
            "revenue": null,
            "common_shares": null,
            "equity": null,
            "current_ratio": null,
            "debt_ratio": null,
            "inventory_turnover_ratio": null,
            "account_receivable_turnover_ratio": null,
            "reinvestment_rate": null,
            "research_to_sale_ratio": null,
            "price_fair": 0,
            "eps_avg_yearly": 0,
            "eps_latest_yearly": 0,
            "eps_growth_yearly": 0
        },
        "20014": {
            "year_quarter": 20014,
            "year": 2001,
            "quarter": 4,
            "eps": null,
            "eps_growth_year": null,
            "eps_4q": null,
            "eps_4q_growth_year": null,
            "roe": null,
            "gross_profit": null,
            "gross_margin": null,
            "net_income": null,
            "revenue": null,
            "common_shares": 606100,
            "equity": 1270713,
            "current_ratio": 263.85,
            "debt_ratio": 35.1,
            "inventory_turnover_ratio": null,
            "account_receivable_turnover_ratio": null,
            "reinvestment_rate": null,
            "research_to_sale_ratio": null,
            "price_fair": 0,
            "eps_avg_yearly": 0,
            "eps_latest_yearly": 0,
            "eps_growth_yearly": 0
        },
        "20021": {
            "year_quarter": 20021,
            "year": 2002,
            "quarter": 1,
            "eps": 1.73,
            "eps_growth_year": -38.87,
            "eps_4q": null,
            "eps_4q_growth_year": null,
            "roe": 7.93,
            "gross_profit": 185900,
            "gross_margin": 26.88,
            "net_income": 104865,
            "revenue": 691642,
            "common_shares": 606100,
            "equity": 1375229,
            "current_ratio": 284.99,
            "debt_ratio": 33.4,
            "inventory_turnover_ratio": 1.12,
            "account_receivable_turnover_ratio": null,
            "reinvestment_rate": null,
            "research_to_sale_ratio": null,
            "price_fair": 0,
            "eps_avg_yearly": 0,
            "eps_latest_yearly": 0,
            "eps_growth_yearly": 0
        },
        "20022": {
            "year_quarter": 20022,
            "year": 2002,
            "quarter": 2,
            "eps": 1.29,
            "eps_growth_year": -37.07,
            "eps_4q": null,
            "eps_4q_growth_year": null,
            "roe": 5.58,
            "gross_profit": 148704,
            "gross_margin": 24.17,
            "net_income": 78398,
            "revenue": 615127,
            "common_shares": 606100,
            "equity": 1433478,
            "current_ratio": 289.58,
            "debt_ratio": 31.32,
            "inventory_turnover_ratio": 1.03,
            "account_receivable_turnover_ratio": null,
            "reinvestment_rate": null,
            "research_to_sale_ratio": null,
            "price_fair": 15.48,
            "eps_avg_yearly": 5.16,
            "eps_latest_yearly": 5.16,
            "eps_growth_yearly": -101.73
        },
        "20023": {
            "year_quarter": 20023,
            "year": 2002,
            "quarter": 3,
            "eps": 0.3,
            "eps_growth_year": null,
            "eps_4q": null,
            "eps_4q_growth_year": null,
            "roe": 2.03,
            "gross_profit": 85406,
            "gross_margin": 12.9,
            "net_income": 29450,
            "revenue": 661833,
            "common_shares": 994600,
            "equity": 1462929,
            "current_ratio": 223.27,
            "debt_ratio": 39.2,
            "inventory_turnover_ratio": 1.23,
            "account_receivable_turnover_ratio": null,
            "reinvestment_rate": null,
            "research_to_sale_ratio": null,
            "price_fair": 9.54,
            "eps_avg_yearly": 3.18,
            "eps_latest_yearly": 1.2,
            "eps_growth_yearly": -204.36
        },
        "20024": {
            "year_quarter": 20024,
            "year": 2002,
            "quarter": 4,
            "eps": 0.8,
            "eps_growth_year": null,
            "eps_4q": 2.94,
            "eps_4q_growth_year": null,
            "roe": 5.28,
            "gross_profit": 184284,
            "gross_margin": 18.36,
            "net_income": 79683,
            "revenue": 1003987,
            "common_shares": 994600,
            "equity": 1555934,
            "current_ratio": 192.56,
            "debt_ratio": 44.37,
            "inventory_turnover_ratio": 1.06,
            "account_receivable_turnover_ratio": null,
            "reinvestment_rate": null,
            "research_to_sale_ratio": null,
            "price_fair": 111.53,
            "eps_avg_yearly": 3.19,
            "eps_latest_yearly": 3.2,
            "eps_growth_yearly": 85.99
        },
        "20031": {
            "year_quarter": 20031,
            "year": 2003,
            "quarter": 1,
            "eps": 1.13,
            "eps_growth_year": -34.68,
            "eps_4q": 3.01,
            "eps_4q_growth_year": null,
            "roe": 7.01,
            "gross_profit": 179449,
            "gross_margin": 21.95,
            "net_income": 112618,
            "revenue": 817593,
            "common_shares": 994600,
            "equity": 1654927,
            "current_ratio": 206.17,
            "debt_ratio": 38.28,
            "inventory_turnover_ratio": 0.87,
            "account_receivable_turnover_ratio": null,
            "reinvestment_rate": null,
            "research_to_sale_ratio": null,
            "price_fair": 123.2,
            "eps_avg_yearly": 3.52,
            "eps_latest_yearly": 4.52,
            "eps_growth_yearly": 105.74
        },
        "20032": {
            "year_quarter": 20032,
            "year": 2003,
            "quarter": 2,
            "eps": 1.57,
            "eps_growth_year": 21.71,
            "eps_4q": 3.8,
            "eps_4q_growth_year": null,
            "roe": 9.09,
            "gross_profit": 243092,
            "gross_margin": 24.79,
            "net_income": 155916,
            "revenue": 980645,
            "common_shares": 994600,
            "equity": 1776014,
            "current_ratio": 281.83,
            "debt_ratio": 51.93,
            "inventory_turnover_ratio": 1.52,
            "account_receivable_turnover_ratio": null,
            "reinvestment_rate": null,
            "research_to_sale_ratio": null,
            "price_fair": 142.52,
            "eps_avg_yearly": 4.07,
            "eps_latest_yearly": 6.28,
            "eps_growth_yearly": 115.74
        },
        "20033": {
            "year_quarter": 20033,
            "year": 2003,
            "quarter": 3,
            "eps": 1.35,
            "eps_growth_year": 350,
            "eps_4q": 4.02,
            "eps_4q_growth_year": null,
            "roe": 9.07,
            "gross_profit": 224019,
            "gross_margin": 16.8,
            "net_income": 176387,
            "revenue": 1333308,
            "common_shares": 1369652,
            "equity": 2115456,
            "current_ratio": 250.52,
            "debt_ratio": 46.32,
            "inventory_turnover_ratio": 1.9,
            "account_receivable_turnover_ratio": null,
            "reinvestment_rate": null,
            "research_to_sale_ratio": null,
            "price_fair": 150.27,
            "eps_avg_yearly": 4.29,
            "eps_latest_yearly": 5.4,
            "eps_growth_yearly": 87.11
        },
        "20034": {
            "year_quarter": 20034,
            "year": 2003,
            "quarter": 4,
            "eps": 1.1,
            "eps_growth_year": 37.5,
            "eps_4q": 4.42,
            "eps_4q_growth_year": 50.52,
            "roe": 6.28,
            "gross_profit": 302856,
            "gross_margin": 15.95,
            "net_income": 147474,
            "revenue": 1898826,
            "common_shares": 1454082,
            "equity": 2584553,
            "current_ratio": 191.04,
            "debt_ratio": 49.96,
            "inventory_turnover_ratio": 1.49,
            "account_receivable_turnover_ratio": null,
            "reinvestment_rate": null,
            "research_to_sale_ratio": null,
            "price_fair": 150.8,
            "eps_avg_yearly": 4.31,
            "eps_latest_yearly": 4.4,
            "eps_growth_yearly": 64.08
        },
        "20041": {
            "year_quarter": 20041,
            "year": 2004,
            "quarter": 1,
            "eps": 0.35,
            "eps_growth_year": -69.03,
            "eps_4q": 3.59,
            "eps_4q_growth_year": 19.33,
            "roe": 1.96,
            "gross_profit": 164196,
            "gross_margin": 14.47,
            "net_income": 51769,
            "revenue": 1134793,
            "common_shares": 1476204,
            "equity": 2689645,
            "current_ratio": 425.8,
            "debt_ratio": 36.33,
            "inventory_turnover_ratio": 0.89,
            "account_receivable_turnover_ratio": null,
            "reinvestment_rate": null,
            "research_to_sale_ratio": null,
            "price_fair": 126.17,
            "eps_avg_yearly": 3.95,
            "eps_latest_yearly": 1.4,
            "eps_growth_yearly": 21.98
        },
        "20042": {
            "year_quarter": 20042,
            "year": 2004,
            "quarter": 2,
            "eps": 0.14,
            "eps_growth_year": -91.08,
            "eps_4q": 2.75,
            "eps_4q_growth_year": -27.6,
            "roe": 0.81,
            "gross_profit": 112034,
            "gross_margin": 12.38,
            "net_income": 20122,
            "revenue": 905287,
            "common_shares": 1479435,
            "equity": 2252817,
            "current_ratio": 173.18,
            "debt_ratio": 52.09,
            "inventory_turnover_ratio": 1.35,
            "account_receivable_turnover_ratio": null,
            "reinvestment_rate": null,
            "research_to_sale_ratio": null,
            "price_fair": 10.71,
            "eps_avg_yearly": 3.57,
            "eps_latest_yearly": 0.56,
            "eps_growth_yearly": -7.13
        },
        "20043": {
            "year_quarter": 20043,
            "year": 2004,
            "quarter": 3,
            "eps": -0.49,
            "eps_growth_year": -136.3,
            "eps_4q": 0.76,
            "eps_4q_growth_year": -81.13,
            "roe": -3.88,
            "gross_profit": 72828,
            "gross_margin": 7.31,
            "net_income": -85894,
            "revenue": 996946,
            "common_shares": 1761970,
            "equity": 2173243,
            "current_ratio": 162.53,
            "debt_ratio": 53.42,
            "inventory_turnover_ratio": 1.62,
            "account_receivable_turnover_ratio": null,
            "reinvestment_rate": null,
            "research_to_sale_ratio": null,
            "price_fair": 10.71,
            "eps_avg_yearly": 3.57,
            "eps_latest_yearly": 0.56,
            "eps_growth_yearly": -7.13
        },
        "20044": {
            "year_quarter": 20044,
            "year": 2004,
            "quarter": 4,
            "eps": -0.25,
            "eps_growth_year": -122.73,
            "eps_4q": -0.33,
            "eps_4q_growth_year": -107.36,
            "roe": -2.02,
            "gross_profit": 133158,
            "gross_margin": 12.54,
            "net_income": -43000,
            "revenue": 1061954,
            "common_shares": 1736970,
            "equity": 2075405,
            "current_ratio": 130.82,
            "debt_ratio": 64.53,
            "inventory_turnover_ratio": 0.79,
            "account_receivable_turnover_ratio": null,
            "reinvestment_rate": null,
            "research_to_sale_ratio": null,
            "price_fair": 10.71,
            "eps_avg_yearly": 3.57,
            "eps_latest_yearly": 0.56,
            "eps_growth_yearly": -7.13
        },
        "20051": {
            "year_quarter": 20051,
            "year": 2005,
            "quarter": 1,
            "eps": -1.16,
            "eps_growth_year": -431.43,
            "eps_4q": -1.81,
            "eps_4q_growth_year": -150.45,
            "roe": -9.96,
            "gross_profit": 62536,
            "gross_margin": 13.04,
            "net_income": -193245,
            "revenue": 479464,
            "common_shares": 1736970,
            "equity": 1804789,
            "current_ratio": 133.36,
            "debt_ratio": 60.89,
            "inventory_turnover_ratio": 0.34,
            "account_receivable_turnover_ratio": null,
            "reinvestment_rate": null,
            "research_to_sale_ratio": null,
            "price_fair": 10.71,
            "eps_avg_yearly": 3.57,
            "eps_latest_yearly": 0.56,
            "eps_growth_yearly": -7.13
        },
        "20052": {
            "year_quarter": 20052,
            "year": 2005,
            "quarter": 2,
            "eps": -0.73,
            "eps_growth_year": -621.43,
            "eps_4q": -2.56,
            "eps_4q_growth_year": -192.89,
            "roe": -7.03,
            "gross_profit": 41377,
            "gross_margin": 4.04,
            "net_income": -122148,
            "revenue": 1024707,
            "common_shares": 1736970,
            "equity": 1669049,
            "current_ratio": 133.73,
            "debt_ratio": 56.84,
            "inventory_turnover_ratio": 1.65,
            "account_receivable_turnover_ratio": null,
            "reinvestment_rate": null,
            "research_to_sale_ratio": null,
            "price_fair": 10.71,
            "eps_avg_yearly": 3.57,
            "eps_latest_yearly": 0.56,
            "eps_growth_yearly": -7.13
        },
        "20053": {
            "year_quarter": 20053,
            "year": 2005,
            "quarter": 3,
            "eps": -1.1,
            "eps_growth_year": null,
            "eps_4q": -2.58,
            "eps_4q_growth_year": -440.71,
            "roe": -10.72,
            "gross_profit": -34549,
            "gross_margin": -5.8,
            "net_income": -193134,
            "revenue": 595499,
            "common_shares": 2136970,
            "equity": 1932530,
            "current_ratio": 142.73,
            "debt_ratio": 51.59,
            "inventory_turnover_ratio": 1.41,
            "account_receivable_turnover_ratio": null,
            "reinvestment_rate": null,
            "research_to_sale_ratio": null,
            "price_fair": 10.71,
            "eps_avg_yearly": 3.57,
            "eps_latest_yearly": 0.56,
            "eps_growth_yearly": -7.13
        },
        "20054": {
            "year_quarter": 20054,
            "year": 2005,
            "quarter": 4,
            "eps": -2.97,
            "eps_growth_year": null,
            "eps_4q": -5.68,
            "eps_4q_growth_year": null,
            "roe": -32.37,
            "gross_profit": -53424,
            "gross_margin": -6.26,
            "net_income": -545333,
            "revenue": 853615,
            "common_shares": 2136970,
            "equity": 1437066,
            "current_ratio": 105.28,
            "debt_ratio": 67.38,
            "inventory_turnover_ratio": 1,
            "account_receivable_turnover_ratio": null,
            "reinvestment_rate": null,
            "research_to_sale_ratio": null,
            "price_fair": 10.71,
            "eps_avg_yearly": 3.57,
            "eps_latest_yearly": 0.56,
            "eps_growth_yearly": -7.13
        },
        "20061": {
            "year_quarter": 20061,
            "year": 2006,
            "quarter": 1,
            "eps": 0.1,
            "eps_growth_year": null,
            "eps_4q": -3.89,
            "eps_4q_growth_year": null,
            "roe": 1.51,
            "gross_profit": 44309,
            "gross_margin": 7.49,
            "net_income": 21556,
            "revenue": 591258,
            "common_shares": 2136970,
            "equity": 1408970,
            "current_ratio": 150.8,
            "debt_ratio": 54.8,
            "inventory_turnover_ratio": 0.6,
            "account_receivable_turnover_ratio": null,
            "reinvestment_rate": null,
            "research_to_sale_ratio": null,
            "price_fair": 10.71,
            "eps_avg_yearly": 3.57,
            "eps_latest_yearly": 0.56,
            "eps_growth_yearly": -7.13
        },
        "20062": {
            "year_quarter": 20062,
            "year": 2006,
            "quarter": 2,
            "eps": -0.34,
            "eps_growth_year": null,
            "eps_4q": -3.69,
            "eps_4q_growth_year": null,
            "roe": -5.15,
            "gross_profit": 54656,
            "gross_margin": 9.7,
            "net_income": -70964,
            "revenue": 563236,
            "common_shares": 2136970,
            "equity": 1346168,
            "current_ratio": 139.65,
            "debt_ratio": 55.31,
            "inventory_turnover_ratio": 1.35,
            "account_receivable_turnover_ratio": null,
            "reinvestment_rate": null,
            "research_to_sale_ratio": null,
            "price_fair": 49.53,
            "eps_avg_yearly": 3.37,
            "eps_latest_yearly": 0.56,
            "eps_growth_yearly": 4.7
        },
        "20063": {
            "year_quarter": 20063,
            "year": 2006,
            "quarter": 3,
            "eps": 0.13,
            "eps_growth_year": null,
            "eps_4q": -2.69,
            "eps_4q_growth_year": null,
            "roe": 2.01,
            "gross_profit": 149871,
            "gross_margin": 18.38,
            "net_income": 27385,
            "revenue": 815259,
            "common_shares": 2136970,
            "equity": 1381234,
            "current_ratio": 143.5,
            "debt_ratio": 54.01,
            "inventory_turnover_ratio": 1.84,
            "account_receivable_turnover_ratio": null,
            "reinvestment_rate": null,
            "research_to_sale_ratio": null,
            "price_fair": 128.8,
            "eps_avg_yearly": 3.68,
            "eps_latest_yearly": 0.56,
            "eps_growth_yearly": 49.22
        },
        "20064": {
            "year_quarter": 20064,
            "year": 2006,
            "quarter": 4,
            "eps": -1.12,
            "eps_growth_year": null,
            "eps_4q": -1.22,
            "eps_4q_growth_year": null,
            "roe": -18.38,
            "gross_profit": 51194,
            "gross_margin": 8.99,
            "net_income": -232424,
            "revenue": 569231,
            "common_shares": 2136970,
            "equity": 1148545,
            "current_ratio": 97.05,
            "debt_ratio": 65.47,
            "inventory_turnover_ratio": 0.82,
            "account_receivable_turnover_ratio": null,
            "reinvestment_rate": null,
            "research_to_sale_ratio": null,
            "price_fair": 11.28,
            "eps_avg_yearly": 3.76,
            "eps_latest_yearly": 0.56,
            "eps_growth_yearly": -53.68
        },
        "20071": {
            "year_quarter": 20071,
            "year": 2007,
            "quarter": 1,
            "eps": 0.19,
            "eps_growth_year": 90,
            "eps_4q": -1.09,
            "eps_4q_growth_year": null,
            "roe": 3.33,
            "gross_profit": 69251,
            "gross_margin": 13.48,
            "net_income": 40925,
            "revenue": 513682,
            "common_shares": 2312958,
            "equity": 1305909,
            "current_ratio": 157.7,
            "debt_ratio": 48.68,
            "inventory_turnover_ratio": 0.71,
            "account_receivable_turnover_ratio": null,
            "reinvestment_rate": null,
            "research_to_sale_ratio": null,
            "price_fair": 10.82,
            "eps_avg_yearly": 3.61,
            "eps_latest_yearly": 0.56,
            "eps_growth_yearly": -97.42
        },
        "20072": {
            "year_quarter": 20072,
            "year": 2007,
            "quarter": 2,
            "eps": 0.13,
            "eps_growth_year": null,
            "eps_4q": -0.65,
            "eps_4q_growth_year": null,
            "roe": 2,
            "gross_profit": 95719,
            "gross_margin": 15.25,
            "net_income": 27424,
            "revenue": 627789,
            "common_shares": 2312958,
            "equity": 1435102,
            "current_ratio": 142.6,
            "debt_ratio": 49.32,
            "inventory_turnover_ratio": 1.62,
            "account_receivable_turnover_ratio": null,
            "reinvestment_rate": null,
            "research_to_sale_ratio": null,
            "price_fair": 7.37,
            "eps_avg_yearly": 2.46,
            "eps_latest_yearly": 0.52,
            "eps_growth_yearly": -153.83
        },
        "20073": {
            "year_quarter": 20073,
            "year": 2007,
            "quarter": 3,
            "eps": 0.56,
            "eps_growth_year": 330.77,
            "eps_4q": -0.63,
            "eps_4q_growth_year": null,
            "roe": 4.64,
            "gross_profit": 256982,
            "gross_margin": 19.47,
            "net_income": 77470,
            "revenue": 1319836,
            "common_shares": 1622910,
            "equity": 1904184,
            "current_ratio": 162.08,
            "debt_ratio": 48.73,
            "inventory_turnover_ratio": 2.96,
            "account_receivable_turnover_ratio": null,
            "reinvestment_rate": null,
            "research_to_sale_ratio": null,
            "price_fair": 63.84,
            "eps_avg_yearly": 1.82,
            "eps_latest_yearly": 2.24,
            "eps_growth_yearly": 121.99
        },
        "20074": {
            "year_quarter": 20074,
            "year": 2007,
            "quarter": 4,
            "eps": 0.01,
            "eps_growth_year": null,
            "eps_4q": 1,
            "eps_4q_growth_year": null,
            "roe": 0.09,
            "gross_profit": 180865,
            "gross_margin": 16.31,
            "net_income": 1632,
            "revenue": 1108689,
            "common_shares": 1622910,
            "equity": 1897845,
            "current_ratio": 124.52,
            "debt_ratio": 54.71,
            "inventory_turnover_ratio": 1.26,
            "account_receivable_turnover_ratio": null,
            "reinvestment_rate": null,
            "research_to_sale_ratio": null,
            "price_fair": 33.32,
            "eps_avg_yearly": 0.95,
            "eps_latest_yearly": 0.04,
            "eps_growth_yearly": 58.24
        },
        "20081": {
            "year_quarter": 20081,
            "year": 2008,
            "quarter": 1,
            "eps": 0.03,
            "eps_growth_year": -84.21,
            "eps_4q": 1.53,
            "eps_4q_growth_year": null,
            "roe": 0.12,
            "gross_profit": 229315,
            "gross_margin": 28.1,
            "net_income": 2187,
            "revenue": 815943,
            "common_shares": 1622910,
            "equity": 1875660,
            "current_ratio": 130.08,
            "debt_ratio": 51.02,
            "inventory_turnover_ratio": 0.52,
            "account_receivable_turnover_ratio": null,
            "reinvestment_rate": null,
            "research_to_sale_ratio": null,
            "price_fair": 24.36,
            "eps_avg_yearly": 0.7,
            "eps_latest_yearly": 0.12,
            "eps_growth_yearly": 272.78
        },
        "20082": {
            "year_quarter": 20082,
            "year": 2008,
            "quarter": 2,
            "eps": 0.05,
            "eps_growth_year": -61.54,
            "eps_4q": 0.76,
            "eps_4q_growth_year": null,
            "roe": 0.32,
            "gross_profit": 169296,
            "gross_margin": 18.11,
            "net_income": 6040,
            "revenue": 934697,
            "common_shares": 1622910,
            "equity": 1842680,
            "current_ratio": 127.04,
            "debt_ratio": 52.5,
            "inventory_turnover_ratio": 0.65,
            "account_receivable_turnover_ratio": null,
            "reinvestment_rate": null,
            "research_to_sale_ratio": null,
            "price_fair": 21.84,
            "eps_avg_yearly": 0.62,
            "eps_latest_yearly": 0.2,
            "eps_growth_yearly": 374.11
        },
        "20083": {
            "year_quarter": 20083,
            "year": 2008,
            "quarter": 3,
            "eps": 0.01,
            "eps_growth_year": -98.21,
            "eps_4q": 0.1,
            "eps_4q_growth_year": null,
            "roe": 0.34,
            "gross_profit": 222578,
            "gross_margin": 20.65,
            "net_income": 6255,
            "revenue": 1077701,
            "common_shares": 1681316,
            "equity": 1868567,
            "current_ratio": 120.94,
            "debt_ratio": 56.82,
            "inventory_turnover_ratio": 0.65,
            "account_receivable_turnover_ratio": null,
            "reinvestment_rate": null,
            "research_to_sale_ratio": null,
            "price_fair": 18.43,
            "eps_avg_yearly": 0.53,
            "eps_latest_yearly": 0.04,
            "eps_growth_yearly": 258.43
        },
        "20084": {
            "year_quarter": 20084,
            "year": 2008,
            "quarter": 4,
            "eps": -0.86,
            "eps_growth_year": -8700,
            "eps_4q": -0.72,
            "eps_4q_growth_year": -172.39,
            "roe": -8.33,
            "gross_profit": 141748,
            "gross_margin": 11.22,
            "net_income": -149723,
            "revenue": 1263068,
            "common_shares": 1681316,
            "equity": 1726776,
            "current_ratio": 118.18,
            "debt_ratio": 54.45,
            "inventory_turnover_ratio": 0.86,
            "account_receivable_turnover_ratio": 5.19,
            "reinvestment_rate": null,
            "research_to_sale_ratio": null,
            "price_fair": 18.43,
            "eps_avg_yearly": 0.53,
            "eps_latest_yearly": 0.04,
            "eps_growth_yearly": 258.43
        },
        "20091": {
            "year_quarter": 20091,
            "year": 2009,
            "quarter": 1,
            "eps": -0.6,
            "eps_growth_year": -2100,
            "eps_4q": -1.38,
            "eps_4q_growth_year": -190.16,
            "roe": -6.33,
            "gross_profit": 83214,
            "gross_margin": 16.41,
            "net_income": -106124,
            "revenue": 507084,
            "common_shares": 1681316,
            "equity": 1628623,
            "current_ratio": 117.16,
            "debt_ratio": 49.68,
            "inventory_turnover_ratio": 0.4,
            "account_receivable_turnover_ratio": 1.26,
            "reinvestment_rate": null,
            "research_to_sale_ratio": null,
            "price_fair": 18.43,
            "eps_avg_yearly": 0.53,
            "eps_latest_yearly": 0.04,
            "eps_growth_yearly": 258.43
        },
        "20092": {
            "year_quarter": 20092,
            "year": 2009,
            "quarter": 2,
            "eps": -0.41,
            "eps_growth_year": -920,
            "eps_4q": -2.63,
            "eps_4q_growth_year": -446.48,
            "roe": -5.06,
            "gross_profit": 59859,
            "gross_margin": 13.32,
            "net_income": -66405,
            "revenue": 449407,
            "common_shares": 1151316,
            "equity": 994821,
            "current_ratio": 129.24,
            "debt_ratio": 52.74,
            "inventory_turnover_ratio": 0.47,
            "account_receivable_turnover_ratio": 1.49,
            "reinvestment_rate": null,
            "research_to_sale_ratio": null,
            "price_fair": 18.43,
            "eps_avg_yearly": 0.53,
            "eps_latest_yearly": 0.04,
            "eps_growth_yearly": 258.43
        },
        "20093": {
            "year_quarter": 20093,
            "year": 2009,
            "quarter": 3,
            "eps": 0.19,
            "eps_growth_year": 1800,
            "eps_4q": -1.99,
            "eps_4q_growth_year": -2147.2,
            "roe": 2.63,
            "gross_profit": 120767,
            "gross_margin": 26.51,
            "net_income": 26610,
            "revenue": 455482,
            "common_shares": 1152039,
            "equity": 1026910,
            "current_ratio": 128.42,
            "debt_ratio": 54.45,
            "inventory_turnover_ratio": 0.47,
            "account_receivable_turnover_ratio": 1.42,
            "reinvestment_rate": null,
            "research_to_sale_ratio": null,
            "price_fair": 18.43,
            "eps_avg_yearly": 0.53,
            "eps_latest_yearly": 0.04,
            "eps_growth_yearly": 258.43
        },
        "20094": {
            "year_quarter": 20094,
            "year": 2009,
            "quarter": 4,
            "eps": -0.35,
            "eps_growth_year": null,
            "eps_4q": -1.62,
            "eps_4q_growth_year": null,
            "roe": -4.75,
            "gross_profit": 129061,
            "gross_margin": 16.43,
            "net_income": -47838,
            "revenue": 785320,
            "common_shares": 1153793,
            "equity": 988560,
            "current_ratio": 141.82,
            "debt_ratio": 55.87,
            "inventory_turnover_ratio": 0.93,
            "account_receivable_turnover_ratio": 3.4,
            "reinvestment_rate": null,
            "research_to_sale_ratio": null,
            "price_fair": 18.43,
            "eps_avg_yearly": 0.53,
            "eps_latest_yearly": 0.04,
            "eps_growth_yearly": 258.43
        },
        "20101": {
            "year_quarter": 20101,
            "year": 2010,
            "quarter": 1,
            "eps": -0.54,
            "eps_growth_year": null,
            "eps_4q": -1.29,
            "eps_4q_growth_year": null,
            "roe": -6.59,
            "gross_profit": 68838,
            "gross_margin": 29.43,
            "net_income": -62318,
            "revenue": 233887,
            "common_shares": 1154149,
            "equity": 903141,
            "current_ratio": 142.4,
            "debt_ratio": 53.55,
            "inventory_turnover_ratio": 0.25,
            "account_receivable_turnover_ratio": 0.69,
            "reinvestment_rate": null,
            "research_to_sale_ratio": 1.47,
            "price_fair": 18.43,
            "eps_avg_yearly": 0.53,
            "eps_latest_yearly": 0.04,
            "eps_growth_yearly": 258.43
        },
        "20102": {
            "year_quarter": 20102,
            "year": 2010,
            "quarter": 2,
            "eps": -0.66,
            "eps_growth_year": null,
            "eps_4q": -1.39,
            "eps_4q_growth_year": null,
            "roe": -8.81,
            "gross_profit": 49835,
            "gross_margin": 14.01,
            "net_income": -75098,
            "revenue": 355609,
            "common_shares": 1154149,
            "equity": 802544,
            "current_ratio": 151.89,
            "debt_ratio": 57.57,
            "inventory_turnover_ratio": 0.45,
            "account_receivable_turnover_ratio": 1.24,
            "reinvestment_rate": null,
            "research_to_sale_ratio": 2.81,
            "price_fair": 18.43,
            "eps_avg_yearly": 0.53,
            "eps_latest_yearly": 0.04,
            "eps_growth_yearly": 258.43
        },
        "20103": {
            "year_quarter": 20103,
            "year": 2010,
            "quarter": 3,
            "eps": -0.58,
            "eps_growth_year": -407.33,
            "eps_4q": -2.19,
            "eps_4q_growth_year": null,
            "roe": -8.52,
            "gross_profit": 32977,
            "gross_margin": 13.13,
            "net_income": -67453,
            "revenue": 251222,
            "common_shares": 1154869,
            "equity": 781477,
            "current_ratio": 132.81,
            "debt_ratio": 52.51,
            "inventory_turnover_ratio": 0.31,
            "account_receivable_turnover_ratio": 0.72,
            "reinvestment_rate": null,
            "research_to_sale_ratio": 1.8,
            "price_fair": 18.43,
            "eps_avg_yearly": 0.53,
            "eps_latest_yearly": 0.04,
            "eps_growth_yearly": 258.43
        },
        "20104": {
            "year_quarter": 20104,
            "year": 2010,
            "quarter": 4,
            "eps": -0.89,
            "eps_growth_year": null,
            "eps_4q": -2.66,
            "eps_4q_growth_year": null,
            "roe": -14.35,
            "gross_profit": 26550,
            "gross_margin": 6.19,
            "net_income": -102237,
            "revenue": 428931,
            "common_shares": 1155061,
            "equity": 643761,
            "current_ratio": 116.24,
            "debt_ratio": 55.58,
            "inventory_turnover_ratio": 0.67,
            "account_receivable_turnover_ratio": 1.31,
            "reinvestment_rate": null,
            "research_to_sale_ratio": 4.67,
            "price_fair": 18.43,
            "eps_avg_yearly": 0.53,
            "eps_latest_yearly": 0.04,
            "eps_growth_yearly": 258.43
        },
        "20111": {
            "year_quarter": 20111,
            "year": 2011,
            "quarter": 1,
            "eps": -0.7,
            "eps_growth_year": null,
            "eps_4q": -2.82,
            "eps_4q_growth_year": null,
            "roe": -13.09,
            "gross_profit": 13400,
            "gross_margin": 5.17,
            "net_income": -80821,
            "revenue": 258974,
            "common_shares": 1155141,
            "equity": 590951,
            "current_ratio": 110.13,
            "debt_ratio": 54.87,
            "inventory_turnover_ratio": 0.55,
            "account_receivable_turnover_ratio": 1.11,
            "reinvestment_rate": null,
            "research_to_sale_ratio": 2.91,
            "price_fair": 18.43,
            "eps_avg_yearly": 0.53,
            "eps_latest_yearly": 0.04,
            "eps_growth_yearly": 258.43
        },
        "20112": {
            "year_quarter": 20112,
            "year": 2011,
            "quarter": 2,
            "eps": 0,
            "eps_growth_year": null,
            "eps_4q": -2.17,
            "eps_4q_growth_year": null,
            "roe": 0.02,
            "gross_profit": 35775,
            "gross_margin": 18.28,
            "net_income": 122,
            "revenue": 195673,
            "common_shares": 1155141,
            "equity": 580232,
            "current_ratio": 113.81,
            "debt_ratio": 53.51,
            "inventory_turnover_ratio": 0.37,
            "account_receivable_turnover_ratio": 1.27,
            "reinvestment_rate": null,
            "research_to_sale_ratio": 6.48,
            "price_fair": 18.48,
            "eps_avg_yearly": 0.53,
            "eps_latest_yearly": 0.04,
            "eps_growth_yearly": 335.38
        },
        "20113": {
            "year_quarter": 20113,
            "year": 2011,
            "quarter": 3,
            "eps": -0.44,
            "eps_growth_year": null,
            "eps_4q": -2.02,
            "eps_4q_growth_year": null,
            "roe": -9.13,
            "gross_profit": 20187,
            "gross_margin": 8.7,
            "net_income": -50621,
            "revenue": 232110,
            "common_shares": 1155141,
            "equity": 528124,
            "current_ratio": 175.3,
            "debt_ratio": 42.6,
            "inventory_turnover_ratio": 0.53,
            "account_receivable_turnover_ratio": 1.58,
            "reinvestment_rate": null,
            "research_to_sale_ratio": 5,
            "price_fair": 3.5,
            "eps_avg_yearly": 0.1,
            "eps_latest_yearly": 0.04,
            "eps_growth_yearly": 88.45
        },
        "20114": {
            "year_quarter": 20114,
            "year": 2011,
            "quarter": 4,
            "eps": -1.26,
            "eps_growth_year": null,
            "eps_4q": -2.4,
            "eps_4q_growth_year": null,
            "roe": -32.55,
            "gross_profit": -67131,
            "gross_margin": -105.43,
            "net_income": -145930,
            "revenue": 63673,
            "common_shares": 1155141,
            "equity": 368534,
            "current_ratio": 142.61,
            "debt_ratio": 49.99,
            "inventory_turnover_ratio": 0.43,
            "account_receivable_turnover_ratio": 0.43,
            "reinvestment_rate": null,
            "research_to_sale_ratio": 20.99,
            "price_fair": 4.2,
            "eps_avg_yearly": 0.12,
            "eps_latest_yearly": 0.04,
            "eps_growth_yearly": 248.89
        },
        "20121": {
            "year_quarter": 20121,
            "year": 2012,
            "quarter": 1,
            "eps": -0.28,
            "eps_growth_year": null,
            "eps_4q": -1.98,
            "eps_4q_growth_year": null,
            "roe": -9.01,
            "gross_profit": 12031,
            "gross_margin": 15.92,
            "net_income": -31855,
            "revenue": 75559,
            "common_shares": 1155141,
            "equity": 338193,
            "current_ratio": 153.25,
            "debt_ratio": 42.83,
            "inventory_turnover_ratio": 0.31,
            "account_receivable_turnover_ratio": 0.67,
            "reinvestment_rate": null,
            "research_to_sale_ratio": 11.41,
            "price_fair": 0.36,
            "eps_avg_yearly": 0.12,
            "eps_latest_yearly": 0.04,
            "eps_growth_yearly": -26.67
        },
        "20122": {
            "year_quarter": 20122,
            "year": 2012,
            "quarter": 2,
            "eps": -1.09,
            "eps_growth_year": -103049.05,
            "eps_4q": -5.61,
            "eps_4q_growth_year": null,
            "roe": -17.95,
            "gross_profit": 5440,
            "gross_margin": 5.71,
            "net_income": -54916,
            "revenue": 95241,
            "common_shares": 505141,
            "equity": 273774,
            "current_ratio": 131.9,
            "debt_ratio": 47.74,
            "inventory_turnover_ratio": 0.54,
            "account_receivable_turnover_ratio": 1.45,
            "reinvestment_rate": null,
            "research_to_sale_ratio": 11.01,
            "price_fair": 0.12,
            "eps_avg_yearly": 0.04,
            "eps_latest_yearly": 0.04,
            "eps_growth_yearly": -320
        },
        "20123": {
            "year_quarter": 20123,
            "year": 2012,
            "quarter": 3,
            "eps": -0.46,
            "eps_growth_year": null,
            "eps_4q": -4.74,
            "eps_4q_growth_year": null,
            "roe": -9,
            "gross_profit": 29316,
            "gross_margin": 21.18,
            "net_income": -24813,
            "revenue": 138387,
            "common_shares": 543141,
            "equity": 277736,
            "current_ratio": 136.36,
            "debt_ratio": 47.39,
            "inventory_turnover_ratio": 0.72,
            "account_receivable_turnover_ratio": 2.1,
            "reinvestment_rate": null,
            "research_to_sale_ratio": 6.44,
            "price_fair": 0,
            "eps_avg_yearly": 0,
            "eps_latest_yearly": 0,
            "eps_growth_yearly": 0
        },
        "20124": {
            "year_quarter": 20124,
            "year": 2012,
            "quarter": 4,
            "eps": -1.31,
            "eps_growth_year": null,
            "eps_4q": -3.08,
            "eps_4q_growth_year": null,
            "roe": -31.29,
            "gross_profit": -6244,
            "gross_margin": -7.86,
            "net_income": -82295,
            "revenue": 79466,
            "common_shares": 629348,
            "equity": 248236,
            "current_ratio": 105.37,
            "debt_ratio": 48.13,
            "inventory_turnover_ratio": 0.63,
            "account_receivable_turnover_ratio": 1.22,
            "reinvestment_rate": null,
            "research_to_sale_ratio": 12.13,
            "price_fair": 0,
            "eps_avg_yearly": 0,
            "eps_latest_yearly": 0,
            "eps_growth_yearly": 0
        },
        "20131": {
            "year_quarter": 20131,
            "year": 2013,
            "quarter": 1,
            "eps": -0.47,
            "eps_growth_year": null,
            "eps_4q": -3.04,
            "eps_4q_growth_year": null,
            "roe": -12.72,
            "gross_profit": 6706,
            "gross_margin": 8.86,
            "net_income": -29579,
            "revenue": 75668,
            "common_shares": 629348,
            "equity": 216981,
            "current_ratio": 166.72,
            "debt_ratio": 35.94,
            "inventory_turnover_ratio": 0.59,
            "account_receivable_turnover_ratio": 1.42,
            "reinvestment_rate": null,
            "research_to_sale_ratio": 12.12,
            "price_fair": 0,
            "eps_avg_yearly": 0,
            "eps_latest_yearly": 0,
            "eps_growth_yearly": 0
        },
        "20132": {
            "year_quarter": 20132,
            "year": 2013,
            "quarter": 2,
            "eps": -0.53,
            "eps_growth_year": null,
            "eps_4q": -2.71,
            "eps_4q_growth_year": null,
            "roe": -16.56,
            "gross_profit": 10661,
            "gross_margin": 13.44,
            "net_income": -33612,
            "revenue": 79336,
            "common_shares": 629348,
            "equity": 188939,
            "current_ratio": 143.63,
            "debt_ratio": 42.31,
            "inventory_turnover_ratio": 0.61,
            "account_receivable_turnover_ratio": 1.78,
            "reinvestment_rate": null,
            "research_to_sale_ratio": 11.76,
            "price_fair": 0,
            "eps_avg_yearly": 0,
            "eps_latest_yearly": 0,
            "eps_growth_yearly": 0
        },
        "20133": {
            "year_quarter": 20133,
            "year": 2013,
            "quarter": 3,
            "eps": -0.84,
            "eps_growth_year": null,
            "eps_4q": -3.15,
            "eps_4q_growth_year": null,
            "roe": -32.24,
            "gross_profit": 2358,
            "gross_margin": 4.46,
            "net_income": -52931,
            "revenue": 52908,
            "common_shares": 629348,
            "equity": 139420,
            "current_ratio": 114.05,
            "debt_ratio": 51.38,
            "inventory_turnover_ratio": 0.51,
            "account_receivable_turnover_ratio": 1.32,
            "reinvestment_rate": null,
            "research_to_sale_ratio": 15.93,
            "price_fair": 0,
            "eps_avg_yearly": 0,
            "eps_latest_yearly": 0,
            "eps_growth_yearly": 0
        },
        "20134": {
            "year_quarter": 20134,
            "year": 2013,
            "quarter": 4,
            "eps": -0.76,
            "eps_growth_year": null,
            "eps_4q": -2.6,
            "eps_4q_growth_year": null,
            "roe": -39.87,
            "gross_profit": -6985,
            "gross_margin": -14.21,
            "net_income": -47765,
            "revenue": 49171,
            "common_shares": 629348,
            "equity": 100213,
            "current_ratio": 87.98,
            "debt_ratio": 57.16,
            "inventory_turnover_ratio": 0.73,
            "account_receivable_turnover_ratio": 1.49,
            "reinvestment_rate": null,
            "research_to_sale_ratio": 14.44,
            "price_fair": 0,
            "eps_avg_yearly": 0,
            "eps_latest_yearly": 0,
            "eps_growth_yearly": 0
        },
        "20141": {
            "year_quarter": 20141,
            "year": 2014,
            "quarter": 1,
            "eps": -0.46,
            "eps_growth_year": null,
            "eps_4q": -2.51,
            "eps_4q_growth_year": null,
            "roe": -32.27,
            "gross_profit": -1464,
            "gross_margin": -6.33,
            "net_income": -29545,
            "revenue": 23129,
            "common_shares": 652548,
            "equity": 82896,
            "current_ratio": 76.67,
            "debt_ratio": 60.89,
            "inventory_turnover_ratio": 0.39,
            "account_receivable_turnover_ratio": 1.35,
            "reinvestment_rate": null,
            "research_to_sale_ratio": 25.23,
            "price_fair": 0,
            "eps_avg_yearly": 0,
            "eps_latest_yearly": 0,
            "eps_growth_yearly": 0
        },
        "20142": {
            "year_quarter": 20142,
            "year": 2014,
            "quarter": 2,
            "eps": -0.42,
            "eps_growth_year": null,
            "eps_4q": -2.42,
            "eps_4q_growth_year": null,
            "roe": -43.5,
            "gross_profit": 5303,
            "gross_margin": 12.97,
            "net_income": -27707,
            "revenue": 40873,
            "common_shares": 652548,
            "equity": 44487,
            "current_ratio": 69.31,
            "debt_ratio": 80.01,
            "inventory_turnover_ratio": 0.58,
            "account_receivable_turnover_ratio": 2.4,
            "reinvestment_rate": null,
            "research_to_sale_ratio": 13.4,
            "price_fair": 0,
            "eps_avg_yearly": 0,
            "eps_latest_yearly": 0,
            "eps_growth_yearly": 0
        },
        "20143": {
            "year_quarter": 20143,
            "year": 2014,
            "quarter": 3,
            "eps": -0.28,
            "eps_growth_year": null,
            "eps_4q": -1.89,
            "eps_4q_growth_year": null,
            "roe": -55.98,
            "gross_profit": 6691,
            "gross_margin": 16.49,
            "net_income": -18266,
            "revenue": 40570,
            "common_shares": 652548,
            "equity": 20770,
            "current_ratio": 66.35,
            "debt_ratio": 90.14,
            "inventory_turnover_ratio": 0.59,
            "account_receivable_turnover_ratio": 1.42,
            "reinvestment_rate": null,
            "research_to_sale_ratio": 10.5,
            "price_fair": 0,
            "eps_avg_yearly": 0,
            "eps_latest_yearly": 0,
            "eps_growth_yearly": 0
        },
        "20144": {
            "year_quarter": 20144,
            "year": 2014,
            "quarter": 4,
            "eps": -0.77,
            "eps_growth_year": null,
            "eps_4q": -1.66,
            "eps_4q_growth_year": null,
            "roe": -203.22,
            "gross_profit": -4881,
            "gross_margin": -13.16,
            "net_income": -65980,
            "revenue": 37084,
            "common_shares": 852548,
            "equity": 44165,
            "current_ratio": 96.37,
            "debt_ratio": 77.32,
            "inventory_turnover_ratio": 0.67,
            "account_receivable_turnover_ratio": 1.76,
            "reinvestment_rate": null,
            "research_to_sale_ratio": 7.44,
            "price_fair": 0,
            "eps_avg_yearly": 0,
            "eps_latest_yearly": 0,
            "eps_growth_yearly": 0
        },
        "20151": {
            "year_quarter": 20151,
            "year": 2015,
            "quarter": 1,
            "eps": -0.11,
            "eps_growth_year": null,
            "eps_4q": -1.42,
            "eps_4q_growth_year": null,
            "roe": -26.68,
            "gross_profit": 18069,
            "gross_margin": 51.72,
            "net_income": -8998,
            "revenue": 34934,
            "common_shares": 852548,
            "equity": 23282,
            "current_ratio": 89.64,
            "debt_ratio": 85.58,
            "inventory_turnover_ratio": 0.21,
            "account_receivable_turnover_ratio": 3.32,
            "reinvestment_rate": null,
            "research_to_sale_ratio": 5.86,
            "price_fair": 0,
            "eps_avg_yearly": 0,
            "eps_latest_yearly": 0,
            "eps_growth_yearly": 0
        },
        "20152": {
            "year_quarter": 20152,
            "year": 2015,
            "quarter": 2,
            "eps": -0.35,
            "eps_growth_year": null,
            "eps_4q": -1.35,
            "eps_4q_growth_year": null,
            "roe": -139.07,
            "gross_profit": 6998,
            "gross_margin": 32.73,
            "net_income": -29573,
            "revenue": 21382,
            "common_shares": 907548,
            "equity": 19247,
            "current_ratio": 101.98,
            "debt_ratio": 86.11,
            "inventory_turnover_ratio": 0.16,
            "account_receivable_turnover_ratio": 3.04,
            "reinvestment_rate": null,
            "research_to_sale_ratio": 9.94,
            "price_fair": 0,
            "eps_avg_yearly": 0,
            "eps_latest_yearly": 0,
            "eps_growth_yearly": 0
        },
        "20153": {
            "year_quarter": 20153,
            "year": 2015,
            "quarter": 3,
            "eps": -0.11,
            "eps_growth_year": null,
            "eps_4q": -1.27,
            "eps_4q_growth_year": null,
            "roe": -64.41,
            "gross_profit": 5225,
            "gross_margin": 26.17,
            "net_income": -10334,
            "revenue": 19964,
            "common_shares": 907548,
            "equity": 12840,
            "current_ratio": 105.12,
            "debt_ratio": 87.71,
            "inventory_turnover_ratio": 0.18,
            "account_receivable_turnover_ratio": 6.63,
            "reinvestment_rate": null,
            "research_to_sale_ratio": 12.54,
            "price_fair": 0,
            "eps_avg_yearly": 0,
            "eps_latest_yearly": 0,
            "eps_growth_yearly": 0
        },
        "20154": {
            "year_quarter": 20154,
            "year": 2015,
            "quarter": 4,
            "eps": -0.12,
            "eps_growth_year": null,
            "eps_4q": -0.64,
            "eps_4q_growth_year": null,
            "roe": -70.76,
            "gross_profit": -10510,
            "gross_margin": -161.64,
            "net_income": -10998,
            "revenue": 6502,
            "common_shares": 939227,
            "equity": 18246,
            "current_ratio": 133.36,
            "debt_ratio": 73.48,
            "inventory_turnover_ratio": 0.28,
            "account_receivable_turnover_ratio": 7.04,
            "reinvestment_rate": null,
            "research_to_sale_ratio": 10.04,
            "price_fair": 0,
            "eps_avg_yearly": 0,
            "eps_latest_yearly": 0,
            "eps_growth_yearly": 0
        },
        "20161": {
            "year_quarter": 20161,
            "year": 2016,
            "quarter": 1,
            "eps": -0.07,
            "eps_growth_year": null,
            "eps_4q": -0.61,
            "eps_4q_growth_year": null,
            "roe": -41.15,
            "gross_profit": -2348,
            "gross_margin": -23.04,
            "net_income": -6227,
            "revenue": 10193,
            "common_shares": 939227,
            "equity": 12018,
            "current_ratio": 126.42,
            "debt_ratio": 77.12,
            "inventory_turnover_ratio": 0.29,
            "account_receivable_turnover_ratio": 22.43,
            "reinvestment_rate": null,
            "research_to_sale_ratio": 5.93,
            "price_fair": 0,
            "eps_avg_yearly": 0,
            "eps_latest_yearly": 0,
            "eps_growth_yearly": 0
        },
        "20162": {
            "year_quarter": 20162,
            "year": 2016,
            "quarter": 2,
            "eps": -0.08,
            "eps_growth_year": null,
            "eps_4q": -0.38,
            "eps_4q_growth_year": null,
            "roe": -96.48,
            "gross_profit": -6403,
            "gross_margin": -114.79,
            "net_income": -7822,
            "revenue": 5578,
            "common_shares": 939227,
            "equity": 4196,
            "current_ratio": 110.98,
            "debt_ratio": 86.9,
            "inventory_turnover_ratio": 0.38,
            "account_receivable_turnover_ratio": 10.17,
            "reinvestment_rate": null,
            "research_to_sale_ratio": 7.91,
            "price_fair": 0,
            "eps_avg_yearly": 0,
            "eps_latest_yearly": 0,
            "eps_growth_yearly": 0
        },
        "20163": {
            "year_quarter": 20163,
            "year": 2016,
            "quarter": 3,
            "eps": -0.03,
            "eps_growth_year": null,
            "eps_4q": -0.29,
            "eps_4q_growth_year": null,
            "roe": -57.13,
            "gross_profit": -4224,
            "gross_margin": -152.77,
            "net_income": -2979,
            "revenue": 2765,
            "common_shares": 955727,
            "equity": 6232,
            "current_ratio": 128.32,
            "debt_ratio": 77.5,
            "inventory_turnover_ratio": 0.37,
            "account_receivable_turnover_ratio": 1.53,
            "reinvestment_rate": null,
            "research_to_sale_ratio": 0,
            "price_fair": 0,
            "eps_avg_yearly": 0,
            "eps_latest_yearly": 0,
            "eps_growth_yearly": 0
        },
        "20164": {
            "year_quarter": 20164,
            "year": 2016,
            "quarter": 4,
            "eps": -0.07,
            "eps_growth_year": null,
            "eps_4q": -0.24,
            "eps_4q_growth_year": null,
            "roe": -119.36,
            "gross_profit": -533,
            "gross_margin": -75.6,
            "net_income": -6529,
            "revenue": 705,
            "common_shares": 973727,
            "equity": 4708,
            "current_ratio": 126.92,
            "debt_ratio": 80.35,
            "inventory_turnover_ratio": 0.09,
            "account_receivable_turnover_ratio": 0.4,
            "reinvestment_rate": null,
            "research_to_sale_ratio": 0,
            "price_fair": 0,
            "eps_avg_yearly": 0,
            "eps_latest_yearly": 0,
            "eps_growth_yearly": 0
        },
        "20171": {
            "year_quarter": 20171,
            "year": 2017,
            "quarter": 1,
            "eps": -0.04,
            "eps_growth_year": null,
            "eps_4q": -0.22,
            "eps_4q_growth_year": null,
            "roe": -106.76,
            "gross_profit": -2523,
            "gross_margin": -444.19,
            "net_income": -4333,
            "revenue": 568,
            "common_shares": 984727,
            "equity": 3409,
            "current_ratio": 122.31,
            "debt_ratio": 83.62,
            "inventory_turnover_ratio": 0.25,
            "account_receivable_turnover_ratio": 1.07,
            "reinvestment_rate": null,
            "research_to_sale_ratio": 0,
            "price_fair": 0,
            "eps_avg_yearly": 0,
            "eps_latest_yearly": 0,
            "eps_growth_yearly": 0
        },
        "20172": {
            "year_quarter": 20172,
            "year": 2017,
            "quarter": 2,
            "eps": -0.02,
            "eps_growth_year": null,
            "eps_4q": -0.16,
            "eps_4q_growth_year": null,
            "roe": -52.54,
            "gross_profit": -3036,
            "gross_margin": -632.5,
            "net_income": -1836,
            "revenue": 480,
            "common_shares": 992327,
            "equity": 3580,
            "current_ratio": 133.58,
            "debt_ratio": 79.56,
            "inventory_turnover_ratio": 0.37,
            "account_receivable_turnover_ratio": 3.14,
            "reinvestment_rate": null,
            "research_to_sale_ratio": 0,
            "price_fair": 0,
            "eps_avg_yearly": 0,
            "eps_latest_yearly": 0,
            "eps_growth_yearly": 0
        },
        "20173": {
            "year_quarter": 20173,
            "year": 2017,
            "quarter": 3,
            "eps": -0.04,
            "eps_growth_year": null,
            "eps_4q": -0.16,
            "eps_4q_growth_year": null,
            "roe": -83.84,
            "gross_profit": -770,
            "gross_margin": -186.89,
            "net_income": -3592,
            "revenue": 412,
            "common_shares": 1013167,
            "equity": 4989,
            "current_ratio": 144.96,
            "debt_ratio": 74.09,
            "inventory_turnover_ratio": 0.12,
            "account_receivable_turnover_ratio": 5.68,
            "reinvestment_rate": null,
            "research_to_sale_ratio": null,
            "price_fair": 0,
            "eps_avg_yearly": 0,
            "eps_latest_yearly": 0,
            "eps_growth_yearly": 0
        },
        "20174": {
            "year_quarter": 20174,
            "year": 2017,
            "quarter": 4,
            "eps": -0.03,
            "eps_growth_year": null,
            "eps_4q": -0.13,
            "eps_4q_growth_year": null,
            "roe": -73.27,
            "gross_profit": -825,
            "gross_margin": -120.26,
            "net_income": -3482,
            "revenue": 686,
            "common_shares": 1023767,
            "equity": 4516,
            "current_ratio": 146.3,
            "debt_ratio": 75.69,
            "inventory_turnover_ratio": 0.13,
            "account_receivable_turnover_ratio": 5.28,
            "reinvestment_rate": null,
            "research_to_sale_ratio": null,
            "price_fair": 0,
            "eps_avg_yearly": 0,
            "eps_latest_yearly": 0,
            "eps_growth_yearly": 0
        },
        "20181": {
            "year_quarter": 20181,
            "year": 2018,
            "quarter": 1,
            "eps": -0.03,
            "eps_growth_year": null,
            "eps_4q": -0.11,
            "eps_4q_growth_year": null,
            "roe": -91.12,
            "gross_profit": -541,
            "gross_margin": -55.89,
            "net_income": -2827,
            "revenue": 968,
            "common_shares": 1023767,
            "equity": 1689,
            "current_ratio": 123.27,
            "debt_ratio": 88.57,
            "inventory_turnover_ratio": 0.15,
            "account_receivable_turnover_ratio": 11.8,
            "reinvestment_rate": null,
            "research_to_sale_ratio": null,
            "price_fair": 0,
            "eps_avg_yearly": 0,
            "eps_latest_yearly": 0,
            "eps_growth_yearly": 0
        },
        "20182": {
            "year_quarter": 20182,
            "year": 2018,
            "quarter": 2,
            "eps": -0.08,
            "eps_growth_year": null,
            "eps_4q": -0.17,
            "eps_4q_growth_year": null,
            "roe": -364.61,
            "gross_profit": -4614,
            "gross_margin": -243.61,
            "net_income": -8665,
            "revenue": 1894,
            "common_shares": 1063767,
            "equity": 3064,
            "current_ratio": 137.89,
            "debt_ratio": 81.62,
            "inventory_turnover_ratio": 1.11,
            "account_receivable_turnover_ratio": 11.27,
            "reinvestment_rate": null,
            "research_to_sale_ratio": null,
            "price_fair": 0,
            "eps_avg_yearly": 0,
            "eps_latest_yearly": 0,
            "eps_growth_yearly": 0
        },
        "20183": {
            "year_quarter": 20183,
            "year": 2018,
            "quarter": 3,
            "eps": -0.03,
            "eps_growth_year": null,
            "eps_4q": -0.16,
            "eps_4q_growth_year": null,
            "roe": -67.11,
            "gross_profit": 62,
            "gross_margin": 2.43,
            "net_income": -2796,
            "revenue": 2556,
            "common_shares": 1103767,
            "equity": 5268,
            "current_ratio": 164.11,
            "debt_ratio": 70.81,
            "inventory_turnover_ratio": 0.68,
            "account_receivable_turnover_ratio": 6.71,
            "reinvestment_rate": null,
            "research_to_sale_ratio": null,
            "price_fair": 0,
            "eps_avg_yearly": 0,
            "eps_latest_yearly": 0,
            "eps_growth_yearly": 0
        },
        "20184": {
            "year_quarter": 20184,
            "year": 2018,
            "quarter": 4,
            "eps": -0.04,
            "eps_growth_year": null,
            "eps_4q": -0.16,
            "eps_4q_growth_year": null,
            "roe": -66.49,
            "gross_profit": 90,
            "gross_margin": 3.6,
            "net_income": -4126,
            "revenue": 2499,
            "common_shares": 1151767,
            "equity": 7142,
            "current_ratio": 183.01,
            "debt_ratio": 64.46,
            "inventory_turnover_ratio": 0.58,
            "account_receivable_turnover_ratio": 6.18,
            "reinvestment_rate": null,
            "research_to_sale_ratio": null,
            "price_fair": 0,
            "eps_avg_yearly": 0,
            "eps_latest_yearly": 0,
            "eps_growth_yearly": 0
        },
        "20191": {
            "year_quarter": 20191,
            "year": 2019,
            "quarter": 1,
            "eps": -0.04,
            "eps_growth_year": null,
            "eps_4q": -0.17,
            "eps_4q_growth_year": null,
            "roe": -85.22,
            "gross_profit": 51,
            "gross_margin": 1.97,
            "net_income": -4268,
            "revenue": 2595,
            "common_shares": 1151767,
            "equity": 2874,
            "current_ratio": 130.88,
            "debt_ratio": 82.49,
            "inventory_turnover_ratio": 0.97,
            "account_receivable_turnover_ratio": 5.08,
            "reinvestment_rate": null,
            "research_to_sale_ratio": null,
            "price_fair": 0,
            "eps_avg_yearly": 0,
            "eps_latest_yearly": 0,
            "eps_growth_yearly": 0
        },
        "20192": {
            "year_quarter": 20192,
            "year": 2019,
            "quarter": 2,
            "eps": 0.02,
            "eps_growth_year": null,
            "eps_4q": -0.08,
            "eps_4q_growth_year": null,
            "roe": 58.79,
            "gross_profit": 168,
            "gross_margin": 6.32,
            "net_income": 2393,
            "revenue": 2658,
            "common_shares": 1151767,
            "equity": 5267,
            "current_ratio": 220.38,
            "debt_ratio": 62.13,
            "inventory_turnover_ratio": 1.14,
            "account_receivable_turnover_ratio": 2.87,
            "reinvestment_rate": null,
            "research_to_sale_ratio": null,
            "price_fair": 0,
            "eps_avg_yearly": 0,
            "eps_latest_yearly": 0,
            "eps_growth_yearly": 0
        },
        "20193": {
            "year_quarter": 20193,
            "year": 2019,
            "quarter": 3,
            "eps": -0.03,
            "eps_growth_year": null,
            "eps_4q": -0.08,
            "eps_4q_growth_year": null,
            "roe": -35.03,
            "gross_profit": 52,
            "gross_margin": 2,
            "net_income": -3035,
            "revenue": 2601,
            "common_shares": 1190767,
            "equity": 12060,
            "current_ratio": 378.84,
            "debt_ratio": 41.22,
            "inventory_turnover_ratio": 0.71,
            "account_receivable_turnover_ratio": 2.26,
            "reinvestment_rate": null,
            "research_to_sale_ratio": null,
            "price_fair": 0,
            "eps_avg_yearly": 0,
            "eps_latest_yearly": 0,
            "eps_growth_yearly": 0
        },
        "20194": {
            "year_quarter": 20194,
            "year": 2019,
            "quarter": 4,
            "eps": -0.03,
            "eps_growth_year": null,
            "eps_4q": -0.07,
            "eps_4q_growth_year": null,
            "roe": -37.54,
            "gross_profit": 1841,
            "gross_margin": 41.13,
            "net_income": -3812,
            "revenue": 4476,
            "common_shares": 1190767,
            "equity": 8248,
            "current_ratio": 290.78,
            "debt_ratio": 52.23,
            "inventory_turnover_ratio": 0.68,
            "account_receivable_turnover_ratio": 5.02,
            "reinvestment_rate": null,
            "research_to_sale_ratio": null,
            "price_fair": 0,
            "eps_avg_yearly": 0,
            "eps_latest_yearly": 0,
            "eps_growth_yearly": 0
        },
        "20201": {
            "year_quarter": 20201,
            "year": 2020,
            "quarter": 1,
            "eps": -0.02,
            "eps_growth_year": null,
            "eps_4q": -0.06,
            "eps_4q_growth_year": null,
            "roe": -20.08,
            "gross_profit": 249,
            "gross_margin": 13.07,
            "net_income": -2855,
            "revenue": 1905,
            "common_shares": 1270767,
            "equity": 20193,
            "current_ratio": 588.48,
            "debt_ratio": 28.98,
            "inventory_turnover_ratio": 0.25,
            "account_receivable_turnover_ratio": 2.51,
            "reinvestment_rate": null,
            "research_to_sale_ratio": null,
            "price_fair": 0,
            "eps_avg_yearly": 0,
            "eps_latest_yearly": 0,
            "eps_growth_yearly": 0
        },
        "20202": {
            "year_quarter": 20202,
            "year": 2020,
            "quarter": 2,
            "eps": -0.02,
            "eps_growth_year": -200,
            "eps_4q": -0.09,
            "eps_4q_growth_year": null,
            "roe": -11.46,
            "gross_profit": 1205,
            "gross_margin": 21.14,
            "net_income": -2189,
            "revenue": 5700,
            "common_shares": 1270767,
            "equity": 18004,
            "current_ratio": 542.78,
            "debt_ratio": 30.98,
            "inventory_turnover_ratio": 0.47,
            "account_receivable_turnover_ratio": 2.96,
            "reinvestment_rate": null,
            "research_to_sale_ratio": null,
            "price_fair": 0,
            "eps_avg_yearly": 0,
            "eps_latest_yearly": 0,
            "eps_growth_yearly": 0
        },
        "20203": {
            "year_quarter": 20203,
            "year": 2020,
            "quarter": 3,
            "eps": -0.01,
            "eps_growth_year": null,
            "eps_4q": -0.08,
            "eps_4q_growth_year": null,
            "roe": -4.24,
            "gross_profit": 1923,
            "gross_margin": 21.61,
            "net_income": -747,
            "revenue": 8897,
            "common_shares": 1270767,
            "equity": 17257,
            "current_ratio": 536.75,
            "debt_ratio": 31.36,
            "inventory_turnover_ratio": 0.79,
            "account_receivable_turnover_ratio": 3.83,
            "reinvestment_rate": null,
            "research_to_sale_ratio": null,
            "price_fair": 0,
            "eps_avg_yearly": 0,
            "eps_latest_yearly": 0,
            "eps_growth_yearly": 0
        },
        "20204": {
            "year_quarter": 20204,
            "year": 2020,
            "quarter": 4,
            "eps": -0.01,
            "eps_growth_year": null,
            "eps_4q": -0.05,
            "eps_4q_growth_year": null,
            "roe": -5.78,
            "gross_profit": 1185,
            "gross_margin": 17.69,
            "net_income": -969,
            "revenue": 6700,
            "common_shares": 1270767,
            "equity": 16288,
            "current_ratio": 522.24,
            "debt_ratio": 32.08,
            "inventory_turnover_ratio": 0.76,
            "account_receivable_turnover_ratio": 3.4,
            "reinvestment_rate": null,
            "research_to_sale_ratio": null,
            "price_fair": 0,
            "eps_avg_yearly": 0,
            "eps_latest_yearly": 0,
            "eps_growth_yearly": 0
        },
        "20211": {
            "year_quarter": 20211,
            "year": 2021,
            "quarter": 1,
            "eps": -0.01,
            "eps_growth_year": null,
            "eps_4q": -0.04,
            "eps_4q_growth_year": null,
            "roe": -10.36,
            "gross_profit": 766,
            "gross_margin": 20.3,
            "net_income": -1604,
            "revenue": 3773,
            "common_shares": 1270767,
            "equity": 14684,
            "current_ratio": 524.83,
            "debt_ratio": 33.04,
            "inventory_turnover_ratio": 0.52,
            "account_receivable_turnover_ratio": 1.1,
            "reinvestment_rate": null,
            "research_to_sale_ratio": null,
            "price_fair": 0,
            "eps_avg_yearly": 0,
            "eps_latest_yearly": 0,
            "eps_growth_yearly": 0
        },
        "20212": {
            "year_quarter": 20212,
            "year": 2021,
            "quarter": 2,
            "eps": -0.04,
            "eps_growth_year": null,
            "eps_4q": -0.12,
            "eps_4q_growth_year": null,
            "roe": -13.81,
            "gross_profit": 722,
            "gross_margin": 21.19,
            "net_income": -1897,
            "revenue": 3408,
            "common_shares": 437237,
            "equity": 12787,
            "current_ratio": 325.07,
            "debt_ratio": 43.14,
            "inventory_turnover_ratio": 0.33,
            "account_receivable_turnover_ratio": 0.83,
            "reinvestment_rate": null,
            "research_to_sale_ratio": null,
            "price_fair": 0,
            "eps_avg_yearly": 0,
            "eps_latest_yearly": 0,
            "eps_growth_yearly": 0
        },
        "20213": {
            "year_quarter": 20213,
            "year": 2021,
            "quarter": 3,
            "eps": -0.03,
            "eps_growth_year": null,
            "eps_4q": -0.13,
            "eps_4q_growth_year": null,
            "roe": -10.43,
            "gross_profit": 1506,
            "gross_margin": 19.61,
            "net_income": -1268,
            "revenue": 7680,
            "common_shares": 437237,
            "equity": 11519,
            "current_ratio": 272.28,
            "debt_ratio": 48.66,
            "inventory_turnover_ratio": 0.64,
            "account_receivable_turnover_ratio": 1.83,
            "reinvestment_rate": null,
            "research_to_sale_ratio": null,
            "price_fair": 0,
            "eps_avg_yearly": 0,
            "eps_latest_yearly": 0,
            "eps_growth_yearly": 0
        },
        "20214": {
            "year_quarter": 20214,
            "year": 2021,
            "quarter": 4,
            "eps": 0.02,
            "eps_growth_year": null,
            "eps_4q": -0.09,
            "eps_4q_growth_year": null,
            "roe": 8.33,
            "gross_profit": 3496,
            "gross_margin": 21.75,
            "net_income": 1001,
            "revenue": 16070,
            "common_shares": 437237,
            "equity": 12520,
            "current_ratio": 261.26,
            "debt_ratio": 48.98,
            "inventory_turnover_ratio": 1.63,
            "account_receivable_turnover_ratio": 1.94,
            "reinvestment_rate": null,
            "research_to_sale_ratio": null,
            "price_fair": 0,
            "eps_avg_yearly": 0,
            "eps_latest_yearly": 0,
            "eps_growth_yearly": 0
        },
        "20221": {
            "year_quarter": 20221,
            "year": 2022,
            "quarter": 1,
            "eps": -0.01,
            "eps_growth_year": null,
            "eps_4q": -0.06,
            "eps_4q_growth_year": null,
            "roe": -3.03,
            "gross_profit": 2064,
            "gross_margin": 21.9,
            "net_income": -374,
            "revenue": 9426,
            "common_shares": 437237,
            "equity": 12146,
            "current_ratio": 251.09,
            "debt_ratio": 50.7,
            "inventory_turnover_ratio": 1.07,
            "account_receivable_turnover_ratio": 0.94,
            "reinvestment_rate": null,
            "research_to_sale_ratio": null,
            "price_fair": 0,
            "eps_avg_yearly": 0,
            "eps_latest_yearly": 0,
            "eps_growth_yearly": 0
        },
        "20222": {
            "year_quarter": 20222,
            "year": 2022,
            "quarter": 2,
            "eps": -0.05,
            "eps_growth_year": null,
            "eps_4q": -0.06,
            "eps_4q_growth_year": null,
            "roe": -19.17,
            "gross_profit": 894,
            "gross_margin": 18.57,
            "net_income": -2125,
            "revenue": 4813,
            "common_shares": 437237,
            "equity": 10021,
            "current_ratio": 229.94,
            "debt_ratio": 55.63,
            "inventory_turnover_ratio": 0.5,
            "account_receivable_turnover_ratio": 0.59,
            "reinvestment_rate": null,
            "research_to_sale_ratio": null,
            "price_fair": 0,
            "eps_avg_yearly": 0,
            "eps_latest_yearly": 0,
            "eps_growth_yearly": 0
        },
        "20223": {
            "year_quarter": 20223,
            "year": 2022,
            "quarter": 3,
            "eps": -0.03,
            "eps_growth_year": null,
            "eps_4q": -0.07,
            "eps_4q_growth_year": null,
            "roe": -15.08,
            "gross_profit": 1615,
            "gross_margin": 18.69,
            "net_income": -1405,
            "revenue": 8642,
            "common_shares": 437237,
            "equity": 8616,
            "current_ratio": 196.47,
            "debt_ratio": 63.19,
            "inventory_turnover_ratio": 0.81,
            "account_receivable_turnover_ratio": 1.13,
            "reinvestment_rate": null,
            "research_to_sale_ratio": null,
            "price_fair": 0,
            "eps_avg_yearly": 0,
            "eps_latest_yearly": 0,
            "eps_growth_yearly": 0
        },
        "20224": {
            "year_quarter": 20224,
            "year": 2022,
            "quarter": 4,
            "eps": -0,
            "eps_growth_year": -106.44,
            "eps_4q": -0.14,
            "eps_4q_growth_year": null,
            "roe": -0.09,
            "gross_profit": 2476,
            "gross_margin": 21.92,
            "net_income": -41,
            "revenue": 11294,
            "common_shares": 278000,
            "equity": 86575,
            "current_ratio": 1246.07,
            "debt_ratio": 11.13,
            "inventory_turnover_ratio": 1.14,
            "account_receivable_turnover_ratio": 1.25,
            "reinvestment_rate": null,
            "research_to_sale_ratio": null,
            "price_fair": 0,
            "eps_avg_yearly": 0,
            "eps_latest_yearly": 0,
            "eps_growth_yearly": 0
        },
        "20231": {
            "year_quarter": 20231,
            "year": 2023,
            "quarter": 1,
            "eps": -0.03,
            "eps_growth_year": null,
            "eps_4q": -0.16,
            "eps_4q_growth_year": null,
            "roe": -1.01,
            "gross_profit": 1545,
            "gross_margin": 20.18,
            "net_income": -870,
            "revenue": 7655,
            "common_shares": 278000,
            "equity": 85705,
            "current_ratio": 920.87,
            "debt_ratio": 13.87,
            "inventory_turnover_ratio": 0.87,
            "account_receivable_turnover_ratio": 0.68,
            "reinvestment_rate": null,
            "research_to_sale_ratio": null,
            "price_fair": 0,
            "eps_avg_yearly": 0,
            "eps_latest_yearly": 0,
            "eps_growth_yearly": 0
        }
    },
    "months": {
        "2003-01": {
            "month": "2003-01",
            "price": "49.03",
            "revenue": 245169
        },
        "2003-02": {
            "month": "2003-02",
            "price": "42.92",
            "revenue": 219219
        },
        "2003-03": {
            "month": "2003-03",
            "price": "40.95",
            "revenue": 353204
        },
        "2003-04": {
            "month": "2003-04",
            "price": "42.17",
            "revenue": 364120
        },
        "2003-05": {
            "month": "2003-05",
            "price": "42.26",
            "revenue": 353909
        },
        "2003-06": {
            "month": "2003-06",
            "price": "48.80",
            "revenue": 262616
        },
        "2003-07": {
            "month": "2003-07",
            "price": "57.98",
            "revenue": 404629
        },
        "2003-08": {
            "month": "2003-08",
            "price": "64.21",
            "revenue": 464098
        },
        "2003-09": {
            "month": "2003-09",
            "price": "58.43",
            "revenue": 464579
        },
        "2003-10": {
            "month": "2003-10",
            "price": "51.69",
            "revenue": 546173
        },
        "2003-11": {
            "month": "2003-11",
            "price": "50.60",
            "revenue": 810024
        },
        "2003-12": {
            "month": "2003-12",
            "price": "51.26",
            "revenue": 542629
        },
        "2004-01": {
            "month": "2004-01",
            "price": "51.10",
            "revenue": 305213
        },
        "2004-02": {
            "month": "2004-02",
            "price": "48.56",
            "revenue": 318654
        },
        "2004-03": {
            "month": "2004-03",
            "price": "47.09",
            "revenue": 510925
        },
        "2004-04": {
            "month": "2004-04",
            "price": "45.42",
            "revenue": 415183
        },
        "2004-05": {
            "month": "2004-05",
            "price": "31.76",
            "revenue": 313516
        },
        "2004-06": {
            "month": "2004-06",
            "price": "27.85",
            "revenue": 235281
        },
        "2004-07": {
            "month": "2004-07",
            "price": "25.03",
            "revenue": 248368
        },
        "2004-08": {
            "month": "2004-08",
            "price": "21.09",
            "revenue": 364080
        },
        "2004-09": {
            "month": "2004-09",
            "price": "17.73",
            "revenue": 373742
        },
        "2004-10": {
            "month": "2004-10",
            "price": "18.20",
            "revenue": 381337
        },
        "2004-11": {
            "month": "2004-11",
            "price": "13.33",
            "revenue": 305772
        },
        "2004-12": {
            "month": "2004-12",
            "price": "13.72",
            "revenue": 326909
        },
        "2005-01": {
            "month": "2005-01",
            "price": "13.68",
            "revenue": 132844
        },
        "2005-02": {
            "month": "2005-02",
            "price": "14.20",
            "revenue": 162397
        },
        "2005-03": {
            "month": "2005-03",
            "price": "14.46",
            "revenue": 184223
        },
        "2005-04": {
            "month": "2005-04",
            "price": "13.50",
            "revenue": 418822
        },
        "2005-05": {
            "month": "2005-05",
            "price": "13.21",
            "revenue": 405871
        },
        "2005-06": {
            "month": "2005-06",
            "price": "14.25",
            "revenue": 200015
        },
        "2005-07": {
            "month": "2005-07",
            "price": "14.59",
            "revenue": 173088
        },
        "2005-08": {
            "month": "2005-08",
            "price": "13.08",
            "revenue": 132920
        },
        "2005-09": {
            "month": "2005-09",
            "price": "10.81",
            "revenue": 289489
        },
        "2005-10": {
            "month": "2005-10",
            "price": "8.47",
            "revenue": 401460
        },
        "2005-11": {
            "month": "2005-11",
            "price": "7.93",
            "revenue": 314591
        },
        "2005-12": {
            "month": "2005-12",
            "price": "10.69",
            "revenue": 138329
        },
        "2006-01": {
            "month": "2006-01",
            "price": "10.96",
            "revenue": 162509
        },
        "2006-02": {
            "month": "2006-02",
            "price": "10.94",
            "revenue": 213453
        },
        "2006-03": {
            "month": "2006-03",
            "price": "10.82",
            "revenue": 215296
        },
        "2006-04": {
            "month": "2006-04",
            "price": "10.76",
            "revenue": 219219
        },
        "2006-05": {
            "month": "2006-05",
            "price": "9.45",
            "revenue": 221847
        },
        "2006-06": {
            "month": "2006-06",
            "price": "7.89",
            "revenue": 142785
        },
        "2006-07": {
            "month": "2006-07",
            "price": "7.81",
            "revenue": 162847
        },
        "2006-08": {
            "month": "2006-08",
            "price": "7.49",
            "revenue": 207155
        },
        "2006-09": {
            "month": "2006-09",
            "price": "7.43",
            "revenue": 424643
        },
        "2006-10": {
            "month": "2006-10",
            "price": "9.11",
            "revenue": 252279
        },
        "2006-11": {
            "month": "2006-11",
            "price": "9.12",
            "revenue": 133433
        },
        "2006-12": {
            "month": "2006-12",
            "price": "8.16",
            "revenue": 188005
        },
        "2007-01": {
            "month": "2007-01",
            "price": "8.58",
            "revenue": 121239
        },
        "2007-02": {
            "month": "2007-02",
            "price": "9.03",
            "revenue": 111617
        },
        "2007-03": {
            "month": "2007-03",
            "price": "10.27",
            "revenue": 280826
        },
        "2007-04": {
            "month": "2007-04",
            "price": "11.33",
            "revenue": 166631
        },
        "2007-05": {
            "month": "2007-05",
            "price": "9.93",
            "revenue": 255493
        },
        "2007-06": {
            "month": "2007-06",
            "price": "15.47",
            "revenue": 224429
        },
        "2007-07": {
            "month": "2007-07",
            "price": "18.73",
            "revenue": 289621
        },
        "2007-08": {
            "month": "2007-08",
            "price": "21.37",
            "revenue": 454949
        },
        "2007-09": {
            "month": "2007-09",
            "price": "22.70",
            "revenue": 556502
        },
        "2007-10": {
            "month": "2007-10",
            "price": "19.52",
            "revenue": 578772
        },
        "2007-11": {
            "month": "2007-11",
            "price": "21.12",
            "revenue": 305417
        },
        "2007-12": {
            "month": "2007-12",
            "price": "20.94",
            "revenue": 224501
        },
        "2008-01": {
            "month": "2008-01",
            "price": "15.40",
            "revenue": 175929
        },
        "2008-02": {
            "month": "2008-02",
            "price": "14.46",
            "revenue": 150959
        },
        "2008-03": {
            "month": "2008-03",
            "price": "14.68",
            "revenue": 318391
        },
        "2008-04": {
            "month": "2008-04",
            "price": "15.80",
            "revenue": 225036
        },
        "2008-05": {
            "month": "2008-05",
            "price": "16.48",
            "revenue": 306153
        },
        "2008-06": {
            "month": "2008-06",
            "price": "16.73",
            "revenue": 194817
        },
        "2008-07": {
            "month": "2008-07",
            "price": "14.03",
            "revenue": 253848
        },
        "2008-08": {
            "month": "2008-08",
            "price": "12.91",
            "revenue": 398490
        },
        "2008-09": {
            "month": "2008-09",
            "price": "9.58",
            "revenue": 430995
        },
        "2008-10": {
            "month": "2008-10",
            "price": "7.16",
            "revenue": 442787
        },
        "2008-11": {
            "month": "2008-11",
            "price": "4.81",
            "revenue": 160524
        },
        "2008-12": {
            "month": "2008-12",
            "price": "4.76",
            "revenue": 104807
        },
        "2009-01": {
            "month": "2009-01",
            "price": "5.13",
            "revenue": 124898
        },
        "2009-02": {
            "month": "2009-02",
            "price": "4.95",
            "revenue": 98770
        },
        "2009-03": {
            "month": "2009-03",
            "price": "8.19",
            "revenue": 94690
        },
        "2009-04": {
            "month": "2009-04",
            "price": "11.55",
            "revenue": 101029
        },
        "2009-05": {
            "month": "2009-05",
            "price": "9.09",
            "revenue": 89433
        },
        "2009-06": {
            "month": "2009-06",
            "price": "11.24",
            "revenue": 100739
        },
        "2009-07": {
            "month": "2009-07",
            "price": "18.41",
            "revenue": 101792
        },
        "2009-08": {
            "month": "2009-08",
            "price": "16.95",
            "revenue": 119939
        },
        "2009-09": {
            "month": "2009-09",
            "price": "20.06",
            "revenue": 228405
        },
        "2009-10": {
            "month": "2009-10",
            "price": "24.72",
            "revenue": 235431
        },
        "2009-11": {
            "month": "2009-11",
            "price": "25.40",
            "revenue": 181039
        },
        "2009-12": {
            "month": "2009-12",
            "price": "42.37",
            "revenue": 100634
        },
        "2010-01": {
            "month": "2010-01",
            "price": "38.45",
            "revenue": 74117
        },
        "2010-02": {
            "month": "2010-02",
            "price": "30.58",
            "revenue": 76768
        },
        "2010-03": {
            "month": "2010-03",
            "price": "33.13",
            "revenue": 78952
        },
        "2010-04": {
            "month": "2010-04",
            "price": "30.53",
            "revenue": 101315
        },
        "2010-05": {
            "month": "2010-05",
            "price": "22.65",
            "revenue": 101457
        },
        "2010-06": {
            "month": "2010-06",
            "price": "27.81",
            "revenue": 134736
        },
        "2010-07": {
            "month": "2010-07",
            "price": "26.50",
            "revenue": 68250
        },
        "2010-08": {
            "month": "2010-08",
            "price": "23.24",
            "revenue": 103201
        },
        "2010-09": {
            "month": "2010-09",
            "price": "22.55",
            "revenue": 111457
        },
        "2010-10": {
            "month": "2010-10",
            "price": "20.77",
            "revenue": 111894
        },
        "2010-11": {
            "month": "2010-11",
            "price": "19.50",
            "revenue": 181070
        },
        "2010-12": {
            "month": "2010-12",
            "price": "20.26",
            "revenue": 80554
        },
        "2011-01": {
            "month": "2011-01",
            "price": "19.43",
            "revenue": 97901
        },
        "2011-02": {
            "month": "2011-02",
            "price": "17.55",
            "revenue": 66825
        },
        "2011-03": {
            "month": "2011-03",
            "price": "15.51",
            "revenue": 79939
        },
        "2011-04": {
            "month": "2011-04",
            "price": "15.29",
            "revenue": 67106
        },
        "2011-05": {
            "month": "2011-05",
            "price": "15.63",
            "revenue": 91881
        },
        "2011-06": {
            "month": "2011-06",
            "price": "13.65",
            "revenue": 49980
        },
        "2011-07": {
            "month": "2011-07",
            "price": "11.91",
            "revenue": 79505
        },
        "2011-08": {
            "month": "2011-08",
            "price": "11.17",
            "revenue": 91190
        },
        "2011-09": {
            "month": "2011-09",
            "price": "9.57",
            "revenue": 82025
        },
        "2011-10": {
            "month": "2011-10",
            "price": "8.46",
            "revenue": 48644
        },
        "2011-11": {
            "month": "2011-11",
            "price": "4.64",
            "revenue": 54025
        },
        "2011-12": {
            "month": "2011-12",
            "price": "2.36",
            "revenue": 51923
        },
        "2012-01": {
            "month": "2012-01",
            "price": "3.35",
            "revenue": 29695
        },
        "2012-02": {
            "month": "2012-02",
            "price": "3.36",
            "revenue": 20936
        },
        "2012-03": {
            "month": "2012-03",
            "price": "3.34",
            "revenue": 38147
        },
        "2012-04": {
            "month": "2012-04",
            "price": "2.93",
            "revenue": 7250
        },
        "2012-05": {
            "month": "2012-05",
            "price": "2.25",
            "revenue": 38595
        },
        "2012-06": {
            "month": "2012-06",
            "price": "2.84",
            "revenue": 36552
        },
        "2012-07": {
            "month": "2012-07",
            "price": "2.65",
            "revenue": 53052
        },
        "2012-08": {
            "month": "2012-08",
            "price": "4.22",
            "revenue": 54888
        },
        "2012-09": {
            "month": "2012-09",
            "price": "4.20",
            "revenue": 32810
        },
        "2012-10": {
            "month": "2012-10",
            "price": "4.71",
            "revenue": 27413
        },
        "2012-11": {
            "month": "2012-11",
            "price": "4.40",
            "revenue": 23881
        },
        "2012-12": {
            "month": "2012-12",
            "price": "4.22",
            "revenue": 30141
        },
        "2013-01": {
            "month": "2013-01",
            "price": "4.29",
            "revenue": 39645
        },
        "2013-02": {
            "month": "2013-02",
            "price": "4.27",
            "revenue": 5295
        },
        "2013-03": {
            "month": "2013-03",
            "price": "4.39",
            "revenue": 30777
        },
        "2013-04": {
            "month": "2013-04",
            "price": "4.68",
            "revenue": 22019
        },
        "2013-05": {
            "month": "2013-05",
            "price": "5.20",
            "revenue": 35776
        },
        "2013-06": {
            "month": "2013-06",
            "price": "4.92",
            "revenue": 21377
        },
        "2013-07": {
            "month": "2013-07",
            "price": "4.81",
            "revenue": 15536
        },
        "2013-08": {
            "month": "2013-08",
            "price": "4.73",
            "revenue": 19517
        },
        "2013-09": {
            "month": "2013-09",
            "price": "4.96",
            "revenue": 17966
        },
        "2013-10": {
            "month": "2013-10",
            "price": "4.83",
            "revenue": 12088
        },
        "2013-11": {
            "month": "2013-11",
            "price": "4.91",
            "revenue": 20772
        },
        "2013-12": {
            "month": "2013-12",
            "price": "4.66",
            "revenue": 16560
        },
        "2014-01": {
            "month": "2014-01",
            "price": "4.94",
            "revenue": 12804
        },
        "2014-02": {
            "month": "2014-02",
            "price": "5.34",
            "revenue": 6721
        },
        "2014-03": {
            "month": "2014-03",
            "price": "7.60",
            "revenue": 3604
        },
        "2014-04": {
            "month": "2014-04",
            "price": "10.18",
            "revenue": 13291
        },
        "2014-05": {
            "month": "2014-05",
            "price": "8.16",
            "revenue": 16668
        },
        "2014-06": {
            "month": "2014-06",
            "price": "6.45",
            "revenue": 10913
        },
        "2014-07": {
            "month": "2014-07",
            "price": "7.06",
            "revenue": 12132
        },
        "2014-08": {
            "month": "2014-08",
            "price": "5.08",
            "revenue": 16917
        },
        "2014-09": {
            "month": "2014-09",
            "price": "4.55",
            "revenue": 11520
        },
        "2014-10": {
            "month": "2014-10",
            "price": "4.48",
            "revenue": 11887
        },
        "2014-11": {
            "month": "2014-11",
            "price": "5.50",
            "revenue": 13864
        },
        "2014-12": {
            "month": "2014-12",
            "price": "5.68",
            "revenue": 11939
        },
        "2015-01": {
            "month": "2015-01",
            "price": "5.04",
            "revenue": 14378
        },
        "2015-02": {
            "month": "2015-02",
            "price": "4.75",
            "revenue": 9615
        },
        "2015-03": {
            "month": "2015-03",
            "price": "5.68",
            "revenue": 11274
        },
        "2015-04": {
            "month": "2015-04",
            "price": "4.75",
            "revenue": 9507
        },
        "2015-05": {
            "month": "2015-05",
            "price": "4.69",
            "revenue": 8223
        },
        "2015-06": {
            "month": "2015-06",
            "price": "4.40",
            "revenue": 3316
        },
        "2015-07": {
            "month": "2015-07",
            "price": "4.37",
            "revenue": 8208
        },
        "2015-08": {
            "month": "2015-08",
            "price": "4.10",
            "revenue": 7266
        },
        "2015-09": {
            "month": "2015-09",
            "price": "3.96",
            "revenue": 4493
        },
        "2015-10": {
            "month": "2015-10",
            "price": "3.80",
            "revenue": 1707
        },
        "2015-11": {
            "month": "2015-11",
            "price": "3.47",
            "revenue": 14
        },
        "2015-12": {
            "month": "2015-12",
            "price": "3.23",
            "revenue": 4781
        },
        "2016-01": {
            "month": "2016-01",
            "price": "2.92",
            "revenue": 5332
        },
        "2016-02": {
            "month": "2016-02",
            "price": "2.72",
            "revenue": 104
        },
        "2016-03": {
            "month": "2016-03",
            "price": "2.38",
            "revenue": 4757
        },
        "2016-04": {
            "month": "2016-04",
            "price": "2.04",
            "revenue": 616
        },
        "2016-05": {
            "month": "2016-05",
            "price": "3.12",
            "revenue": 2848
        },
        "2016-06": {
            "month": "2016-06",
            "price": "3.78",
            "revenue": 2114
        },
        "2016-07": {
            "month": "2016-07",
            "price": "3.64",
            "revenue": 0
        },
        "2016-08": {
            "month": "2016-08",
            "price": "3.79",
            "revenue": 2699
        },
        "2016-09": {
            "month": "2016-09",
            "price": "3.96",
            "revenue": 66
        },
        "2016-10": {
            "month": "2016-10",
            "price": "3.68",
            "revenue": 484
        },
        "2016-11": {
            "month": "2016-11",
            "price": "3.48",
            "revenue": 0
        },
        "2016-12": {
            "month": "2016-12",
            "price": "3.49",
            "revenue": 221
        },
        "2017-01": {
            "month": "2017-01",
            "price": "3.71",
            "revenue": 68
        },
        "2017-02": {
            "month": "2017-02",
            "price": "3.52",
            "revenue": 99
        },
        "2017-03": {
            "month": "2017-03",
            "price": "3.40",
            "revenue": 401
        },
        "2017-04": {
            "month": "2017-04",
            "price": "3.16",
            "revenue": 155
        },
        "2017-05": {
            "month": "2017-05",
            "price": "3.00",
            "revenue": 60
        },
        "2017-06": {
            "month": "2017-06",
            "price": "3.02",
            "revenue": 265
        },
        "2017-07": {
            "month": "2017-07",
            "price": "3.00",
            "revenue": 0
        },
        "2017-08": {
            "month": "2017-08",
            "price": "2.99",
            "revenue": 224
        },
        "2017-09": {
            "month": "2017-09",
            "price": "3.01",
            "revenue": 188
        },
        "2017-10": {
            "month": "2017-10",
            "price": "3.33",
            "revenue": 114
        },
        "2017-11": {
            "month": "2017-11",
            "price": "3.68",
            "revenue": 196
        },
        "2017-12": {
            "month": "2017-12",
            "price": "3.46",
            "revenue": 376
        },
        "2018-01": {
            "month": "2018-01",
            "price": "3.09",
            "revenue": 229
        },
        "2018-02": {
            "month": "2018-02",
            "price": "2.88",
            "revenue": 263
        },
        "2018-03": {
            "month": "2018-03",
            "price": "2.95",
            "revenue": 476
        },
        "2018-04": {
            "month": "2018-04",
            "price": "3.07",
            "revenue": 618
        },
        "2018-05": {
            "month": "2018-05",
            "price": "4.04",
            "revenue": 574
        },
        "2018-06": {
            "month": "2018-06",
            "price": "4.54",
            "revenue": 703
        },
        "2018-07": {
            "month": "2018-07",
            "price": "4.79",
            "revenue": 808
        },
        "2018-08": {
            "month": "2018-08",
            "price": "4.35",
            "revenue": 960
        },
        "2018-09": {
            "month": "2018-09",
            "price": "3.79",
            "revenue": 788
        },
        "2018-10": {
            "month": "2018-10",
            "price": "3.60",
            "revenue": 1014
        },
        "2018-11": {
            "month": "2018-11",
            "price": "3.66",
            "revenue": 766
        },
        "2018-12": {
            "month": "2018-12",
            "price": "3.42",
            "revenue": 719
        },
        "2019-01": {
            "month": "2019-01",
            "price": "3.17",
            "revenue": 1249
        },
        "2019-02": {
            "month": "2019-02",
            "price": "3.14",
            "revenue": 633
        },
        "2019-03": {
            "month": "2019-03",
            "price": "3.04",
            "revenue": 713
        },
        "2019-04": {
            "month": "2019-04",
            "price": "2.94",
            "revenue": 838
        },
        "2019-05": {
            "month": "2019-05",
            "price": "3.00",
            "revenue": 752
        },
        "2019-06": {
            "month": "2019-06",
            "price": "2.85",
            "revenue": 1069
        },
        "2019-07": {
            "month": "2019-07",
            "price": "2.90",
            "revenue": 984
        },
        "2019-08": {
            "month": "2019-08",
            "price": "2.90",
            "revenue": 920
        },
        "2019-09": {
            "month": "2019-09",
            "price": "2.75",
            "revenue": 696
        },
        "2019-10": {
            "month": "2019-10",
            "price": "2.71",
            "revenue": 838
        },
        "2019-11": {
            "month": "2019-11",
            "price": "2.48",
            "revenue": 699
        },
        "2019-12": {
            "month": "2019-12",
            "price": "1.73",
            "revenue": 2938
        },
        "2020-01": {
            "month": "2020-01",
            "price": "2.01",
            "revenue": 573
        },
        "2020-02": {
            "month": "2020-02",
            "price": "2.40",
            "revenue": 480
        },
        "2020-03": {
            "month": "2020-03",
            "price": "1.86",
            "revenue": 852
        },
        "2020-04": {
            "month": "2020-04",
            "price": "2.51",
            "revenue": 368
        },
        "2020-05": {
            "month": "2020-05",
            "price": "2.74",
            "revenue": 2499
        },
        "2020-06": {
            "month": "2020-06",
            "price": "2.95",
            "revenue": 2833
        },
        "2020-07": {
            "month": "2020-07",
            "price": "4.04",
            "revenue": 2922
        },
        "2020-08": {
            "month": "2020-08",
            "price": "4.65",
            "revenue": 3208
        },
        "2020-09": {
            "month": "2020-09",
            "price": "4.54",
            "revenue": 2767
        },
        "2020-10": {
            "month": "2020-10",
            "price": "4.20",
            "revenue": 542
        },
        "2020-11": {
            "month": "2020-11",
            "price": "3.62",
            "revenue": 2869
        },
        "2020-12": {
            "month": "2020-12",
            "price": "3.39",
            "revenue": 3290
        },
        "2021-01": {
            "month": "2021-01",
            "price": "3.34",
            "revenue": 712
        },
        "2021-02": {
            "month": "2021-02",
            "price": "3.42",
            "revenue": 716
        },
        "2021-03": {
            "month": "2021-03",
            "price": "3.74",
            "revenue": 2345
        },
        "2021-04": {
            "month": "2021-04",
            "price": "4.19",
            "revenue": 1042
        },
        "2021-05": {
            "month": "2021-05",
            "price": "3.88",
            "revenue": 1069
        },
        "2021-06": {
            "month": "2021-06",
            "price": "3.60",
            "revenue": 1297
        },
        "2021-07": {
            "month": "2021-07",
            "price": "5.99",
            "revenue": 3249
        },
        "2021-08": {
            "month": "2021-08",
            "price": "8.02",
            "revenue": 2461
        },
        "2021-09": {
            "month": "2021-09",
            "price": "7.10",
            "revenue": 1969
        },
        "2021-10": {
            "month": "2021-10",
            "price": "7.22",
            "revenue": 2137
        },
        "2021-11": {
            "month": "2021-11",
            "price": "7.07",
            "revenue": 5695
        },
        "2021-12": {
            "month": "2021-12",
            "price": "6.85",
            "revenue": 8238
        },
        "2022-01": {
            "month": "2022-01",
            "price": "8.76",
            "revenue": 4394
        },
        "2022-02": {
            "month": "2022-02",
            "price": "8.86",
            "revenue": 3495
        },
        "2022-03": {
            "month": "2022-03",
            "price": "11.04",
            "revenue": 1537
        },
        "2022-04": {
            "month": "2022-04",
            "price": "11.51",
            "revenue": 831
        },
        "2022-05": {
            "month": "2022-05",
            "price": "11.43",
            "revenue": 1494
        },
        "2022-06": {
            "month": "2022-06",
            "price": "10.75",
            "revenue": 2487
        },
        "2022-07": {
            "month": "2022-07",
            "price": "6.82",
            "revenue": 2781
        },
        "2022-08": {
            "month": "2022-08",
            "price": "9.52",
            "revenue": 2770
        },
        "2022-09": {
            "month": "2022-09",
            "price": "9.53",
            "revenue": 3090
        },
        "2022-10": {
            "month": "2022-10",
            "price": "7.49",
            "revenue": 2520
        },
        "2022-11": {
            "month": "2022-11",
            "price": "6.16",
            "revenue": 4109
        },
        "2022-12": {
            "month": "2022-12",
            "price": "10.50",
            "revenue": 4665
        },
        "2023-01": {
            "month": "2023-01",
            "price": "12.42",
            "revenue": 2113
        },
        "2023-02": {
            "month": "2023-02",
            "price": "12.78",
            "revenue": 1498
        },
        "2023-03": {
            "month": "2023-03",
            "price": "11.42",
            "revenue": 4044
        },
        "2023-04": {
            "month": "2023-04",
            "price": "10.94",
            "revenue": 3604
        }
    }
}
