{
    "summary": {
        "stock_name": "光鼎",
        "stock_id": "6226",
        "category": "光電",
        "main_business": "發光二極體<br>房地銷售",
        "website_url": "https://www.para.com.tw",
        "ceo": "馬景鵬",
        "pe_ratio": -14,
        "report_year_from": 2001,
        "report_year_to": 2023,
        "age": 23,
        "eps_negative_percentage": 26,
        "eps_growth_avg": {
            "last_all": -29.38,
            "last_2y": -75,
            "last_4y": -37.5,
            "last_8y": -53.97,
            "last_12y": -53.78,
            "last_16y": -50.75,
            "last_20y": -37.46,
            "at_2006_last_3y": 2.39,
            "at_2007_last_3y": 27.4,
            "at_2008_last_3y": 35.13,
            "at_2009_last_3y": -14.87,
            "at_2010_last_3y": -41.64,
            "at_2011_last_3y": -83.77,
            "at_2012_last_3y": -100,
            "at_2013_last_3y": -100,
            "at_2014_last_3y": -53.13,
            "at_2015_last_3y": -53.13,
            "at_2016_last_3y": -53.13,
            "at_2017_last_3y": -55.79,
            "at_2018_last_3y": -75.93,
            "at_2019_last_3y": -9.26,
            "at_2020_last_3y": -31.94,
            "at_2021_last_3y": -22.22,
            "at_2022_last_3y": -16.67,
            "at_2023_last_3y": -83.33,
            "at_2024_last_3y": -83.33,
            "at_2006_last_all": 21.91,
            "at_2007_last_all": 22.65,
            "at_2008_last_all": 12.09,
            "at_2009_last_all": -1.92,
            "at_2010_last_all": -1.92,
            "at_2011_last_all": -12.82,
            "at_2012_last_all": -12.82,
            "at_2013_last_all": -12.82,
            "at_2014_last_all": -12.16,
            "at_2015_last_all": -20.15,
            "at_2016_last_all": -20.15,
            "at_2017_last_all": -23.56,
            "at_2018_last_all": -26.88,
            "at_2019_last_all": -17.82,
            "at_2020_last_all": -23.29,
            "at_2021_last_all": -23.29,
            "at_2022_last_all": -24.96,
            "at_2023_last_all": -29.38,
            "at_2024_last_all": -29.38
        },
        "latest_eps": -0.84,
        "latest_price": 11.55,
        "latest_roe": -7.23,
        "latest_gross_margin": 22.83,
        "latest_equity": 1258160,
        "latest_revenue": 246565,
        "latest_gross_profit": 56283,
        "latest_net_income": -26405,
        "latest_debt_ratio": 47.85,
        "latest_current_ratio": 191.07,
        "latest_account_receivable_turnover_ratio": 1.16,
        "latest_inventory_turnover_ratio": 0.27,
        "latest_reinvestment_rate": 1625.27,
        "latest_research_to_sale_ratio": 2.81
    },
    "eps_dividends": {
        "2000": {
            "cash": 0,
            "stock": 0.7,
            "eps": 0
        },
        "2001": {
            "cash": 0,
            "stock": 1.5,
            "eps": 0.19
        },
        "2002": {
            "cash": 0,
            "stock": 2,
            "eps": 1.71
        },
        "2003": {
            "cash": 0.3,
            "stock": 0.1,
            "eps": 0.45
        },
        "2004": {
            "cash": 0,
            "stock": 0.5,
            "eps": 0.08
        },
        "2005": {
            "cash": 0,
            "stock": 0.2,
            "eps": 0.55
        },
        "2006": {
            "cash": 0,
            "stock": 0.49,
            "eps": 0.91
        },
        "2007": {
            "cash": 0.16,
            "stock": 0.44,
            "eps": 1.15
        },
        "2008": {
            "cash": 0.25,
            "stock": 0.45,
            "eps": 0.56
        },
        "2009": {
            "cash": 0,
            "stock": 0.37,
            "eps": -0.29
        },
        "2010": {
            "cash": 0,
            "stock": 0,
            "eps": 0.27
        },
        "2011": {
            "cash": 0,
            "stock": 0.4,
            "eps": -1.06
        },
        "2012": {
            "cash": 0,
            "stock": 0,
            "eps": -1.85
        },
        "2013": {
            "cash": 0,
            "stock": 0,
            "eps": 0.32
        },
        "2014": {
            "cash": 0.13,
            "stock": 0.13,
            "eps": 0.3
        },
        "2015": {
            "cash": 0.1,
            "stock": 0.15,
            "eps": -0.73
        },
        "2016": {
            "cash": 0,
            "stock": 0,
            "eps": 0.54
        },
        "2017": {
            "cash": 0.1,
            "stock": 0.1,
            "eps": 0.21
        },
        "2018": {
            "cash": 0.12,
            "stock": 0,
            "eps": 0.07
        },
        "2019": {
            "cash": 0.12,
            "stock": 0,
            "eps": 1.31
        },
        "2020": {
            "cash": 0.4,
            "stock": 0,
            "eps": -0.39
        },
        "2021": {
            "cash": 0,
            "stock": 0,
            "eps": 0.02
        },
        "2022": {
            "cash": 0.12,
            "stock": 0,
            "eps": 0.01
        },
        "2023": {
            "cash": 0,
            "stock": 0,
            "eps": -0.6
        }
    },
    "dividends": {
        "2000-05-16": {
            "cash": 0,
            "stock": 0.7
        },
        "2001-06-08": {
            "cash": 0,
            "stock": 1.5
        },
        "2002-05-28": {
            "cash": 0,
            "stock": 2
        },
        "2003-03-14": {
            "cash": 0.3,
            "stock": 0.1
        },
        "2004-03-29": {
            "cash": 0,
            "stock": 0.5
        },
        "2005-03-22": {
            "cash": 0,
            "stock": 0.2
        },
        "2006-04-04": {
            "cash": 0,
            "stock": 0.49
        },
        "2007-04-03": {
            "cash": 0.16,
            "stock": 0.44
        },
        "2008-03-25": {
            "cash": 0.25,
            "stock": 0.45
        },
        "2009-03-16": {
            "cash": 0,
            "stock": 0.37
        },
        "2011-04-15": {
            "cash": 0,
            "stock": 0.4
        },
        "2014-09-11": {
            "cash": 0.13,
            "stock": 0.13
        },
        "2015-10-12": {
            "cash": 0.1,
            "stock": 0.15
        },
        "2017-09-20": {
            "cash": 0.1,
            "stock": 0.1
        },
        "2018-08-16": {
            "cash": 0.12,
            "stock": 0
        },
        "2019-08-16": {
            "cash": 0.12,
            "stock": 0
        },
        "2020-08-18": {
            "cash": 0.4,
            "stock": 0
        },
        "2022-09-15": {
            "cash": 0.12,
            "stock": 0
        }
    },
    "prices": {
        "200101": "無",
        "200102": "無",
        "200103": "無",
        "200104": "無",
        "200105": "無",
        "200106": "無",
        "200107": "無",
        "200108": "無",
        "200109": "無",
        "200110": "無",
        "200111": "無",
        "200112": "無",
        "200201": "無",
        "200202": "無",
        "200203": "無",
        "200204": "無",
        "200205": "無",
        "200206": "無",
        "200207": "無",
        "200208": "無",
        "200209": "無",
        "200210": "無",
        "200211": "無",
        "200212": "無",
        "200301": "24.29",
        "200302": "22.01",
        "200303": "16.66",
        "200304": "16.78",
        "200305": "15.60",
        "200306": "17.34",
        "200307": "17.04",
        "200308": "14.81",
        "200309": "12.29",
        "200310": "12.50",
        "200311": "13.17",
        "200312": "12.77",
        "200401": "15.78",
        "200402": "16.16",
        "200403": "14.58",
        "200404": "14.50",
        "200405": "12.19",
        "200406": "10.22",
        "200407": "10.14",
        "200408": "10.39",
        "200409": "9.97",
        "200410": "10.35",
        "200411": "10.49",
        "200412": "9.68",
        "200501": "9.07",
        "200502": "10.00",
        "200503": "9.89",
        "200504": "8.30",
        "200505": "7.94",
        "200506": "8.36",
        "200507": "9.38",
        "200508": "8.47",
        "200509": "7.83",
        "200510": "7.87",
        "200511": "8.11",
        "200512": "10.25",
        "200601": "13.93",
        "200602": "11.04",
        "200603": "11.95",
        "200604": "13.76",
        "200605": "13.30",
        "200606": "11.29",
        "200607": "10.48",
        "200608": "10.39",
        "200609": "10.57",
        "200610": "11.29",
        "200611": "12.08",
        "200612": "14.73",
        "200701": "17.12",
        "200702": "16.66",
        "200703": "17.83",
        "200704": "17.47",
        "200705": "16.47",
        "200706": "18.83",
        "200707": "20.91",
        "200708": "19.89",
        "200709": "19.27",
        "200710": "19.26",
        "200711": "15.85",
        "200712": "15.05",
        "200801": "13.49",
        "200802": "12.35",
        "200803": "13.60",
        "200804": "15.38",
        "200805": "15.45",
        "200806": "13.36",
        "200807": "10.87",
        "200808": "10.84",
        "200809": "10.31",
        "200810": "9.26",
        "200811": "7.96",
        "200812": "7.41",
        "200901": "8.08",
        "200902": "8.49",
        "200903": "8.99",
        "200904": "9.95",
        "200905": "10.84",
        "200906": "11.90",
        "200907": "13.30",
        "200908": "13.08",
        "200909": "14.50",
        "200910": "14.90",
        "200911": "15.20",
        "200912": "17.55",
        "201001": "16.47",
        "201002": "14.25",
        "201003": "15.27",
        "201004": "17.47",
        "201005": "15.11",
        "201006": "15.90",
        "201007": "16.55",
        "201008": "17.41",
        "201009": "16.12",
        "201010": "15.14",
        "201011": "14.24",
        "201012": "16.05",
        "201101": "17.10",
        "201102": "16.56",
        "201103": "15.80",
        "201104": "15.12",
        "201105": "14.27",
        "201106": "13.32",
        "201107": "11.78",
        "201108": "9.45",
        "201109": "8.88",
        "201110": "8.86",
        "201111": "8.38",
        "201112": "8.24",
        "201201": "8.18",
        "201202": "9.63",
        "201203": "9.55",
        "201204": "8.72",
        "201205": "8.80",
        "201206": "8.57",
        "201207": "7.88",
        "201208": "6.53",
        "201209": "6.10",
        "201210": "5.24",
        "201211": "4.44",
        "201212": "4.54",
        "201301": "4.97",
        "201302": "4.87",
        "201303": "4.92",
        "201304": "4.89",
        "201305": "7.00",
        "201306": "5.74",
        "201307": "5.63",
        "201308": "5.48",
        "201309": "6.63",
        "201310": "7.05",
        "201311": "9.07",
        "201312": "12.51",
        "201401": "13.76",
        "201402": "12.70",
        "201403": "13.58",
        "201404": "12.61",
        "201405": "11.36",
        "201406": "11.39",
        "201407": "11.35",
        "201408": "11.20",
        "201409": "10.52",
        "201410": "9.52",
        "201411": "9.25",
        "201412": "9.79",
        "201501": "9.71",
        "201502": "9.71",
        "201503": "9.75",
        "201504": "9.68",
        "201505": "9.03",
        "201506": "7.84",
        "201507": "7.50",
        "201508": "5.93",
        "201509": "5.92",
        "201510": "6.22",
        "201511": "6.16",
        "201512": "5.73",
        "201601": "5.34",
        "201602": "5.50",
        "201603": "5.95",
        "201604": "5.47",
        "201605": "5.43",
        "201606": "5.30",
        "201607": "5.48",
        "201608": "5.72",
        "201609": "6.54",
        "201610": "6.25",
        "201611": "5.95",
        "201612": "6.47",
        "201701": "7.13",
        "201702": "8.26",
        "201703": "8.53",
        "201704": "8.42",
        "201705": "8.24",
        "201706": "8.02",
        "201707": "8.69",
        "201708": "9.25",
        "201709": "9.80",
        "201710": "10.62",
        "201711": "10.81",
        "201712": "10.02",
        "201801": "10.64",
        "201802": "9.80",
        "201803": "9.85",
        "201804": "9.32",
        "201805": "9.25",
        "201806": "10.02",
        "201807": "9.65",
        "201808": "9.57",
        "201809": "9.12",
        "201810": "8.72",
        "201811": "8.91",
        "201812": "9.05",
        "201901": "8.75",
        "201902": "8.74",
        "201903": "8.75",
        "201904": "8.15",
        "201905": "7.88",
        "201906": "7.71",
        "201907": "7.64",
        "201908": "7.16",
        "201909": "7.66",
        "201910": "7.98",
        "201911": "8.48",
        "201912": "8.02",
        "202001": "7.93",
        "202002": "7.33",
        "202003": "6.46",
        "202004": "7.50",
        "202005": "8.32",
        "202006": "8.25",
        "202007": "8.42",
        "202008": "7.80",
        "202009": "8.01",
        "202010": "7.96",
        "202011": "8.12",
        "202012": "9.74",
        "202101": "10.47",
        "202102": "9.89",
        "202103": "10.36",
        "202104": "10.93",
        "202105": "9.02",
        "202106": "9.10",
        "202107": "12.49",
        "202108": "16.04",
        "202109": "14.19",
        "202110": "13.30",
        "202111": "15.07",
        "202112": "16.18",
        "202201": "14.99",
        "202202": "13.96",
        "202203": "13.06",
        "202204": "12.83",
        "202205": "12.22",
        "202206": "12.93",
        "202207": "12.66",
        "202208": "13.03",
        "202209": "11.39",
        "202210": "10.03",
        "202211": "10.56",
        "202212": "10.93",
        "202301": "10.24",
        "202302": "11.38",
        "202303": "11.72",
        "202304": "12.28",
        "202305": "11.89",
        "202306": "11.86",
        "202307": "11.07",
        "202308": "10.31",
        "202309": "10.06",
        "202310": "10.07",
        "202311": "10.28",
        "202312": "10.23"
    },
    "quarters": {
        "20011": {
            "year_quarter": 20011,
            "year": 2001,
            "quarter": 1,
            "eps": -0.18,
            "eps_growth_year": null,
            "eps_4q": null,
            "eps_4q_growth_year": null,
            "roe": -1.58,
            "roe_4q": -1.58,
            "gross_profit": 26609,
            "gross_margin": 21.78,
            "gross_margin_4q_avg": 21.78,
            "net_income": -4812,
            "net_income_4q": null,
            "revenue": 122165,
            "revenue_4q": null,
            "common_shares": 230237,
            "book_valuer_per_share": 13.04,
            "book_valuer_per_share_4q_avg": 13.04,
            "equity": 300190,
            "current_ratio": 180.67,
            "debt_ratio": 44.62,
            "inventory_turnover_ratio": 0.7,
            "account_receivable_turnover_ratio": null,
            "reinvestment_rate": null,
            "research_to_sale_ratio": null,
            "price_fair": 0,
            "eps_avg_yearly": 0,
            "eps_latest_yearly": 0,
            "eps_growth_yearly": 0
        },
        "20012": {
            "year_quarter": 20012,
            "year": 2001,
            "quarter": 2,
            "eps": 0.37,
            "eps_growth_year": null,
            "eps_4q": null,
            "eps_4q_growth_year": null,
            "roe": 2.78,
            "roe_4q": 1.1999999999999997,
            "gross_profit": 23832,
            "gross_margin": 17.27,
            "gross_margin_4q_avg": 19.53,
            "net_income": 8511,
            "net_income_4q": null,
            "revenue": 137972,
            "revenue_4q": null,
            "common_shares": 230237,
            "book_valuer_per_share": 13.55,
            "book_valuer_per_share_4q_avg": 13.3,
            "equity": 312073,
            "current_ratio": 195.68,
            "debt_ratio": 41.35,
            "inventory_turnover_ratio": 0.93,
            "account_receivable_turnover_ratio": null,
            "reinvestment_rate": null,
            "research_to_sale_ratio": null,
            "price_fair": 0,
            "eps_avg_yearly": 0,
            "eps_latest_yearly": 0,
            "eps_growth_yearly": 0
        },
        "20013": {
            "year_quarter": 20013,
            "year": 2001,
            "quarter": 3,
            "eps": null,
            "eps_growth_year": null,
            "eps_4q": null,
            "eps_4q_growth_year": null,
            "roe": null,
            "roe_4q": 1.1999999999999997,
            "gross_profit": null,
            "gross_margin": null,
            "gross_margin_4q_avg": 13.02,
            "net_income": null,
            "net_income_4q": null,
            "revenue": null,
            "revenue_4q": null,
            "common_shares": null,
            "book_valuer_per_share": null,
            "book_valuer_per_share_4q_avg": 8.86,
            "equity": null,
            "current_ratio": null,
            "debt_ratio": null,
            "inventory_turnover_ratio": null,
            "account_receivable_turnover_ratio": null,
            "reinvestment_rate": null,
            "research_to_sale_ratio": null,
            "price_fair": 0,
            "eps_avg_yearly": 0,
            "eps_latest_yearly": 0,
            "eps_growth_yearly": 0
        },
        "20014": {
            "year_quarter": 20014,
            "year": 2001,
            "quarter": 4,
            "eps": null,
            "eps_growth_year": null,
            "eps_4q": null,
            "eps_4q_growth_year": null,
            "roe": null,
            "roe_4q": 1.1999999999999997,
            "gross_profit": null,
            "gross_margin": null,
            "gross_margin_4q_avg": 9.76,
            "net_income": null,
            "net_income_4q": null,
            "revenue": null,
            "revenue_4q": null,
            "common_shares": 266435,
            "book_valuer_per_share": 13.55,
            "book_valuer_per_share_4q_avg": 10.04,
            "equity": 361012,
            "current_ratio": 163.43,
            "debt_ratio": 44.91,
            "inventory_turnover_ratio": null,
            "account_receivable_turnover_ratio": null,
            "reinvestment_rate": null,
            "research_to_sale_ratio": null,
            "price_fair": 0,
            "eps_avg_yearly": 0,
            "eps_latest_yearly": 0,
            "eps_growth_yearly": 0
        },
        "20021": {
            "year_quarter": 20021,
            "year": 2002,
            "quarter": 1,
            "eps": 0.44,
            "eps_growth_year": null,
            "eps_4q": null,
            "eps_4q_growth_year": null,
            "roe": 3.22,
            "roe_4q": 6,
            "gross_profit": 39887,
            "gross_margin": 29.13,
            "gross_margin_4q_avg": 11.6,
            "net_income": 11808,
            "net_income_4q": null,
            "revenue": 136947,
            "revenue_4q": null,
            "common_shares": 266435,
            "book_valuer_per_share": 13.99,
            "book_valuer_per_share_4q_avg": 10.27,
            "equity": 372873,
            "current_ratio": 232.98,
            "debt_ratio": 36.41,
            "inventory_turnover_ratio": 0.73,
            "account_receivable_turnover_ratio": null,
            "reinvestment_rate": null,
            "research_to_sale_ratio": null,
            "price_fair": 0,
            "eps_avg_yearly": 0,
            "eps_latest_yearly": 0,
            "eps_growth_yearly": 0
        },
        "20022": {
            "year_quarter": 20022,
            "year": 2002,
            "quarter": 2,
            "eps": 0.46,
            "eps_growth_year": 24.32,
            "eps_4q": null,
            "eps_4q_growth_year": null,
            "roe": 3.23,
            "roe_4q": 6.45,
            "gross_profit": 35141,
            "gross_margin": 22.02,
            "gross_margin_4q_avg": 12.79,
            "net_income": 12158,
            "net_income_4q": null,
            "revenue": 159562,
            "revenue_4q": null,
            "common_shares": 324996,
            "book_valuer_per_share": 11.71,
            "book_valuer_per_share_4q_avg": 9.81,
            "equity": 380488,
            "current_ratio": 216.49,
            "debt_ratio": 37.38,
            "inventory_turnover_ratio": 1.01,
            "account_receivable_turnover_ratio": null,
            "reinvestment_rate": null,
            "research_to_sale_ratio": null,
            "price_fair": 51.85,
            "eps_avg_yearly": 1.84,
            "eps_latest_yearly": 1.84,
            "eps_growth_yearly": 18.18
        },
        "20023": {
            "year_quarter": 20023,
            "year": 2002,
            "quarter": 3,
            "eps": 0.27,
            "eps_growth_year": null,
            "eps_4q": null,
            "eps_4q_growth_year": null,
            "roe": 2.3,
            "roe_4q": 8.75,
            "gross_profit": 37128,
            "gross_margin": 22.8,
            "gross_margin_4q_avg": 18.49,
            "net_income": 8889,
            "net_income_4q": null,
            "revenue": 162877,
            "revenue_4q": null,
            "common_shares": 324996,
            "book_valuer_per_share": 12.12,
            "book_valuer_per_share_4q_avg": 12.84,
            "equity": 393769,
            "current_ratio": 189.15,
            "debt_ratio": 41.18,
            "inventory_turnover_ratio": 0.94,
            "account_receivable_turnover_ratio": null,
            "reinvestment_rate": null,
            "research_to_sale_ratio": null,
            "price_fair": 4.38,
            "eps_avg_yearly": 1.46,
            "eps_latest_yearly": 1.08,
            "eps_growth_yearly": -73.52
        },
        "20024": {
            "year_quarter": 20024,
            "year": 2002,
            "quarter": 4,
            "eps": 0.54,
            "eps_growth_year": null,
            "eps_4q": 1.56,
            "eps_4q_growth_year": null,
            "roe": 4.32,
            "roe_4q": 13.07,
            "gross_profit": 41774,
            "gross_margin": 24.09,
            "gross_margin_4q_avg": 24.51,
            "net_income": 17392,
            "net_income_4q": null,
            "revenue": 173389,
            "revenue_4q": null,
            "common_shares": 324996,
            "book_valuer_per_share": 12.64,
            "book_valuer_per_share_4q_avg": 12.62,
            "equity": 410705,
            "current_ratio": 154.15,
            "debt_ratio": 49.62,
            "inventory_turnover_ratio": 0.89,
            "account_receivable_turnover_ratio": null,
            "reinvestment_rate": null,
            "research_to_sale_ratio": null,
            "price_fair": 59.27,
            "eps_avg_yearly": 1.69,
            "eps_latest_yearly": 2.16,
            "eps_growth_yearly": 84.32
        },
        "20031": {
            "year_quarter": 20031,
            "year": 2003,
            "quarter": 1,
            "eps": 0.07,
            "eps_growth_year": -84.09,
            "eps_4q": 1.29,
            "eps_4q_growth_year": null,
            "roe": 0.54,
            "roe_4q": 10.39,
            "gross_profit": 29718,
            "gross_margin": 21.13,
            "gross_margin_4q_avg": 22.51,
            "net_income": 2214,
            "net_income_4q": null,
            "revenue": 140625,
            "revenue_4q": null,
            "common_shares": 324996,
            "book_valuer_per_share": 12.7,
            "book_valuer_per_share_4q_avg": 12.29,
            "equity": 412858,
            "current_ratio": 203.56,
            "debt_ratio": 39.95,
            "inventory_turnover_ratio": 0.72,
            "account_receivable_turnover_ratio": null,
            "reinvestment_rate": null,
            "research_to_sale_ratio": null,
            "price_fair": 4.02,
            "eps_avg_yearly": 1.34,
            "eps_latest_yearly": 0.28,
            "eps_growth_yearly": -23.8
        },
        "20032": {
            "year_quarter": 20032,
            "year": 2003,
            "quarter": 2,
            "eps": 0.1,
            "eps_growth_year": -78.26,
            "eps_4q": 0.96,
            "eps_4q_growth_year": null,
            "roe": 0.81,
            "roe_4q": 7.97,
            "gross_profit": 39443,
            "gross_margin": 22.92,
            "gross_margin_4q_avg": 22.74,
            "net_income": 3321,
            "net_income_4q": null,
            "revenue": 172107,
            "revenue_4q": null,
            "common_shares": 324996,
            "book_valuer_per_share": 12.41,
            "book_valuer_per_share_4q_avg": 12.47,
            "equity": 403420,
            "current_ratio": 256.02,
            "debt_ratio": 54.35,
            "inventory_turnover_ratio": 0.95,
            "account_receivable_turnover_ratio": null,
            "reinvestment_rate": null,
            "research_to_sale_ratio": null,
            "price_fair": 29.09,
            "eps_avg_yearly": 1.15,
            "eps_latest_yearly": 0.4,
            "eps_growth_yearly": 15.25
        },
        "20033": {
            "year_quarter": 20033,
            "year": 2003,
            "quarter": 3,
            "eps": 0.07,
            "eps_growth_year": -74.07,
            "eps_4q": 0.71,
            "eps_4q_growth_year": null,
            "roe": 0.63,
            "roe_4q": 6.300000000000001,
            "gross_profit": 39619,
            "gross_margin": 22.78,
            "gross_margin_4q_avg": 22.73,
            "net_income": 2517,
            "net_income_4q": null,
            "revenue": 173882,
            "revenue_4q": null,
            "common_shares": 362922,
            "book_valuer_per_share": 11.07,
            "book_valuer_per_share_4q_avg": 12.21,
            "equity": 401870,
            "current_ratio": 234.63,
            "debt_ratio": 54.73,
            "inventory_turnover_ratio": 1.02,
            "account_receivable_turnover_ratio": null,
            "reinvestment_rate": null,
            "research_to_sale_ratio": null,
            "price_fair": 3.02,
            "eps_avg_yearly": 1.01,
            "eps_latest_yearly": 0.28,
            "eps_growth_yearly": -7.29
        },
        "20034": {
            "year_quarter": 20034,
            "year": 2003,
            "quarter": 4,
            "eps": 0.21,
            "eps_growth_year": -61.11,
            "eps_4q": 0.43,
            "eps_4q_growth_year": -72.64,
            "roe": 1.92,
            "roe_4q": 3.9,
            "gross_profit": 40130,
            "gross_margin": 21.71,
            "gross_margin_4q_avg": 22.14,
            "net_income": 7799,
            "net_income_4q": null,
            "revenue": 184835,
            "revenue_4q": null,
            "common_shares": 364267,
            "book_valuer_per_share": 11.3,
            "book_valuer_per_share_4q_avg": 11.87,
            "equity": 411472,
            "current_ratio": 152.19,
            "debt_ratio": 62.57,
            "inventory_turnover_ratio": 0.91,
            "account_receivable_turnover_ratio": null,
            "reinvestment_rate": null,
            "research_to_sale_ratio": null,
            "price_fair": 34.4,
            "eps_avg_yearly": 0.98,
            "eps_latest_yearly": 0.84,
            "eps_growth_yearly": 108.03
        },
        "20041": {
            "year_quarter": 20041,
            "year": 2004,
            "quarter": 1,
            "eps": -0.36,
            "eps_growth_year": -614.29,
            "eps_4q": 0.01,
            "eps_4q_growth_year": -99.6,
            "roe": -3.21,
            "roe_4q": 0.15000000000000002,
            "gross_profit": 30870,
            "gross_margin": 19.29,
            "gross_margin_4q_avg": 21.68,
            "net_income": -13443,
            "net_income_4q": null,
            "revenue": 160059,
            "revenue_4q": null,
            "common_shares": 389346,
            "book_valuer_per_share": 10.92,
            "book_valuer_per_share_4q_avg": 11.43,
            "equity": 424986,
            "current_ratio": 204.4,
            "debt_ratio": 54.11,
            "inventory_turnover_ratio": 0.77,
            "account_receivable_turnover_ratio": null,
            "reinvestment_rate": null,
            "research_to_sale_ratio": null,
            "price_fair": 34.4,
            "eps_avg_yearly": 0.98,
            "eps_latest_yearly": 0.84,
            "eps_growth_yearly": 108.03
        },
        "20042": {
            "year_quarter": 20042,
            "year": 2004,
            "quarter": 2,
            "eps": 0.09,
            "eps_growth_year": -10,
            "eps_4q": 0.01,
            "eps_4q_growth_year": -98.96,
            "roe": 0.82,
            "roe_4q": 0.1599999999999998,
            "gross_profit": 35076,
            "gross_margin": 18.6,
            "gross_margin_4q_avg": 20.6,
            "net_income": 3515,
            "net_income_4q": null,
            "revenue": 188619,
            "revenue_4q": null,
            "common_shares": 391007,
            "book_valuer_per_share": 11.11,
            "book_valuer_per_share_4q_avg": 11.1,
            "equity": 434285,
            "current_ratio": 207.86,
            "debt_ratio": 53.13,
            "inventory_turnover_ratio": 1.02,
            "account_receivable_turnover_ratio": null,
            "reinvestment_rate": null,
            "research_to_sale_ratio": null,
            "price_fair": 34.4,
            "eps_avg_yearly": 0.98,
            "eps_latest_yearly": 0.84,
            "eps_growth_yearly": 108.03
        },
        "20043": {
            "year_quarter": 20043,
            "year": 2004,
            "quarter": 3,
            "eps": 0.42,
            "eps_growth_year": 500,
            "eps_4q": 0.37,
            "eps_4q_growth_year": -48.05,
            "roe": 3.85,
            "roe_4q": 3.38,
            "gross_profit": 40918,
            "gross_margin": 20.05,
            "gross_margin_4q_avg": 19.91,
            "net_income": 17061,
            "net_income_4q": null,
            "revenue": 204070,
            "revenue_4q": null,
            "common_shares": 411088,
            "book_valuer_per_share": 11.02,
            "book_valuer_per_share_4q_avg": 11.09,
            "equity": 452941,
            "current_ratio": 216.55,
            "debt_ratio": 51.73,
            "inventory_turnover_ratio": 1.08,
            "account_receivable_turnover_ratio": null,
            "reinvestment_rate": null,
            "research_to_sale_ratio": null,
            "price_fair": 37.45,
            "eps_avg_yearly": 1.07,
            "eps_latest_yearly": 1.68,
            "eps_growth_yearly": 277.86
        },
        "20044": {
            "year_quarter": 20044,
            "year": 2004,
            "quarter": 4,
            "eps": -0.07,
            "eps_growth_year": -133.33,
            "eps_4q": 0.11,
            "eps_4q_growth_year": -74.59,
            "roe": -0.63,
            "roe_4q": 0.8300000000000001,
            "gross_profit": 45713,
            "gross_margin": 25.43,
            "gross_margin_4q_avg": 20.84,
            "net_income": -2800,
            "net_income_4q": null,
            "revenue": 179735,
            "revenue_4q": null,
            "common_shares": 411280,
            "book_valuer_per_share": 10.68,
            "book_valuer_per_share_4q_avg": 10.93,
            "equity": 439313,
            "current_ratio": 153.87,
            "debt_ratio": 59.85,
            "inventory_turnover_ratio": 0.73,
            "account_receivable_turnover_ratio": null,
            "reinvestment_rate": null,
            "research_to_sale_ratio": null,
            "price_fair": 37.45,
            "eps_avg_yearly": 1.07,
            "eps_latest_yearly": 1.68,
            "eps_growth_yearly": 277.86
        },
        "20051": {
            "year_quarter": 20051,
            "year": 2005,
            "quarter": 1,
            "eps": -0.03,
            "eps_growth_year": null,
            "eps_4q": 0.45,
            "eps_4q_growth_year": 8512.55,
            "roe": -0.25,
            "roe_4q": 3.79,
            "gross_profit": 31277,
            "gross_margin": 20.09,
            "gross_margin_4q_avg": 21.04,
            "net_income": -1117,
            "net_income_4q": null,
            "revenue": 155720,
            "revenue_4q": null,
            "common_shares": 411280,
            "book_valuer_per_share": 10.63,
            "book_valuer_per_share_4q_avg": 10.86,
            "equity": 437238,
            "current_ratio": 230.96,
            "debt_ratio": 50.53,
            "inventory_turnover_ratio": 0.72,
            "account_receivable_turnover_ratio": null,
            "reinvestment_rate": null,
            "research_to_sale_ratio": null,
            "price_fair": 37.45,
            "eps_avg_yearly": 1.07,
            "eps_latest_yearly": 1.68,
            "eps_growth_yearly": 277.86
        },
        "20052": {
            "year_quarter": 20052,
            "year": 2005,
            "quarter": 2,
            "eps": -0.09,
            "eps_growth_year": -200,
            "eps_4q": 0.23,
            "eps_4q_growth_year": 2210.05,
            "roe": -0.85,
            "roe_4q": 2.12,
            "gross_profit": 30762,
            "gross_margin": 16.98,
            "gross_margin_4q_avg": 20.64,
            "net_income": -3705,
            "net_income_4q": null,
            "revenue": 181138,
            "revenue_4q": null,
            "common_shares": 411280,
            "book_valuer_per_share": 10.59,
            "book_valuer_per_share_4q_avg": 10.73,
            "equity": 435632,
            "current_ratio": 144.22,
            "debt_ratio": 50.05,
            "inventory_turnover_ratio": 1.17,
            "account_receivable_turnover_ratio": null,
            "reinvestment_rate": null,
            "research_to_sale_ratio": null,
            "price_fair": 37.45,
            "eps_avg_yearly": 1.07,
            "eps_latest_yearly": 1.68,
            "eps_growth_yearly": 277.86
        },
        "20053": {
            "year_quarter": 20053,
            "year": 2005,
            "quarter": 3,
            "eps": 0.43,
            "eps_growth_year": 2.38,
            "eps_4q": 0.25,
            "eps_4q_growth_year": -32.23,
            "roe": 4.02,
            "roe_4q": 2.2899999999999996,
            "gross_profit": 36379,
            "gross_margin": 20.63,
            "gross_margin_4q_avg": 20.78,
            "net_income": 18120,
            "net_income_4q": null,
            "revenue": 176327,
            "revenue_4q": null,
            "common_shares": 419506,
            "book_valuer_per_share": 11.12,
            "book_valuer_per_share_4q_avg": 10.76,
            "equity": 466645,
            "current_ratio": 153.45,
            "debt_ratio": 46.15,
            "inventory_turnover_ratio": 1.13,
            "account_receivable_turnover_ratio": null,
            "reinvestment_rate": null,
            "research_to_sale_ratio": null,
            "price_fair": 37.45,
            "eps_avg_yearly": 1.07,
            "eps_latest_yearly": 1.68,
            "eps_growth_yearly": 277.86
        },
        "20054": {
            "year_quarter": 20054,
            "year": 2005,
            "quarter": 4,
            "eps": 0.24,
            "eps_growth_year": null,
            "eps_4q": 0.56,
            "eps_4q_growth_year": 414.86,
            "roe": 2.12,
            "roe_4q": 5.04,
            "gross_profit": 32968,
            "gross_margin": 16.71,
            "gross_margin_4q_avg": 18.6,
            "net_income": 10025,
            "net_income_4q": null,
            "revenue": 197352,
            "revenue_4q": null,
            "common_shares": 422363,
            "book_valuer_per_share": 11.33,
            "book_valuer_per_share_4q_avg": 10.92,
            "equity": 478472,
            "current_ratio": 126.25,
            "debt_ratio": 56.37,
            "inventory_turnover_ratio": 1.04,
            "account_receivable_turnover_ratio": null,
            "reinvestment_rate": 119.39,
            "research_to_sale_ratio": null,
            "price_fair": 37.02,
            "eps_avg_yearly": 1.06,
            "eps_latest_yearly": 0.96,
            "eps_growth_yearly": 227.35
        },
        "20061": {
            "year_quarter": 20061,
            "year": 2006,
            "quarter": 1,
            "eps": 0.02,
            "eps_growth_year": null,
            "eps_4q": 0.45,
            "eps_4q_growth_year": 0.39,
            "roe": 0.21,
            "roe_4q": 5.5,
            "gross_profit": 31810,
            "gross_margin": 19.07,
            "gross_margin_4q_avg": 18.35,
            "net_income": 1139,
            "net_income_4q": null,
            "revenue": 166795,
            "revenue_4q": null,
            "common_shares": 500067,
            "book_valuer_per_share": 12.55,
            "book_valuer_per_share_4q_avg": 11.4,
            "equity": 627547,
            "current_ratio": 238.41,
            "debt_ratio": 32.04,
            "inventory_turnover_ratio": 0.85,
            "account_receivable_turnover_ratio": null,
            "reinvestment_rate": 9.58,
            "research_to_sale_ratio": null,
            "price_fair": 33.6,
            "eps_avg_yearly": 0.96,
            "eps_latest_yearly": 0.08,
            "eps_growth_yearly": 167.95
        },
        "20062": {
            "year_quarter": 20062,
            "year": 2006,
            "quarter": 2,
            "eps": 0.19,
            "eps_growth_year": null,
            "eps_4q": 0.76,
            "eps_4q_growth_year": 231.92,
            "roe": 1.52,
            "roe_4q": 7.869999999999999,
            "gross_profit": 34400,
            "gross_margin": 19.38,
            "gross_margin_4q_avg": 18.95,
            "net_income": 9731,
            "net_income_4q": null,
            "revenue": 177458,
            "revenue_4q": null,
            "common_shares": 511706,
            "book_valuer_per_share": 12.69,
            "book_valuer_per_share_4q_avg": 11.92,
            "equity": 649509,
            "current_ratio": 262.12,
            "debt_ratio": 28.99,
            "inventory_turnover_ratio": 1.22,
            "account_receivable_turnover_ratio": null,
            "reinvestment_rate": 10.4,
            "research_to_sale_ratio": null,
            "price_fair": 29.82,
            "eps_avg_yearly": 0.85,
            "eps_latest_yearly": 0.76,
            "eps_growth_yearly": 506.13
        },
        "20063": {
            "year_quarter": 20063,
            "year": 2006,
            "quarter": 3,
            "eps": 0.41,
            "eps_growth_year": -4.65,
            "eps_4q": 0.8,
            "eps_4q_growth_year": 222.54,
            "roe": 3.28,
            "roe_4q": 7.13,
            "gross_profit": 37403,
            "gross_margin": 17.9,
            "gross_margin_4q_avg": 18.27,
            "net_income": 21770,
            "net_income_4q": null,
            "revenue": 208983,
            "revenue_4q": null,
            "common_shares": 540505,
            "book_valuer_per_share": 12.56,
            "book_valuer_per_share_4q_avg": 12.28,
            "equity": 678840,
            "current_ratio": 219.04,
            "debt_ratio": 31.79,
            "inventory_turnover_ratio": 1.45,
            "account_receivable_turnover_ratio": null,
            "reinvestment_rate": -24.49,
            "research_to_sale_ratio": null,
            "price_fair": 31.78,
            "eps_avg_yearly": 0.91,
            "eps_latest_yearly": 1.64,
            "eps_growth_yearly": 568.97
        },
        "20064": {
            "year_quarter": 20064,
            "year": 2006,
            "quarter": 4,
            "eps": 0.29,
            "eps_growth_year": 20.83,
            "eps_4q": 0.87,
            "eps_4q_growth_year": 56.49,
            "roe": 2.3,
            "roe_4q": 7.31,
            "gross_profit": 38780,
            "gross_margin": 20.51,
            "gross_margin_4q_avg": 19.22,
            "net_income": 16214,
            "net_income_4q": null,
            "revenue": 189074,
            "revenue_4q": null,
            "common_shares": 575214,
            "book_valuer_per_share": 12.73,
            "book_valuer_per_share_4q_avg": 12.63,
            "equity": 732115,
            "current_ratio": 176.27,
            "debt_ratio": 43.22,
            "inventory_turnover_ratio": 0.9,
            "account_receivable_turnover_ratio": null,
            "reinvestment_rate": 112.78,
            "research_to_sale_ratio": null,
            "price_fair": 28.28,
            "eps_avg_yearly": 0.81,
            "eps_latest_yearly": 1.16,
            "eps_growth_yearly": 517.26
        },
        "20071": {
            "year_quarter": 20071,
            "year": 2007,
            "quarter": 1,
            "eps": 0.22,
            "eps_growth_year": 1000,
            "eps_4q": 1.01,
            "eps_4q_growth_year": 125.54,
            "roe": 1.74,
            "roe_4q": 8.84,
            "gross_profit": 31456,
            "gross_margin": 16.64,
            "gross_margin_4q_avg": 18.61,
            "net_income": 13237,
            "net_income_4q": null,
            "revenue": 188996,
            "revenue_4q": null,
            "common_shares": 606678,
            "book_valuer_per_share": 12.99,
            "book_valuer_per_share_4q_avg": 12.74,
            "equity": 787783,
            "current_ratio": 291.6,
            "debt_ratio": 25.49,
            "inventory_turnover_ratio": 0.94,
            "account_receivable_turnover_ratio": null,
            "reinvestment_rate": -41.53,
            "research_to_sale_ratio": null,
            "price_fair": 30.38,
            "eps_avg_yearly": 0.87,
            "eps_latest_yearly": 0.88,
            "eps_growth_yearly": 542.42
        },
        "20072": {
            "year_quarter": 20072,
            "year": 2007,
            "quarter": 2,
            "eps": 0.08,
            "eps_growth_year": -57.89,
            "eps_4q": 0.72,
            "eps_4q_growth_year": -5.67,
            "roe": 0.81,
            "roe_4q": 8.129999999999999,
            "gross_profit": 28101,
            "gross_margin": 14.27,
            "gross_margin_4q_avg": 17.33,
            "net_income": 6417,
            "net_income_4q": null,
            "revenue": 196887,
            "revenue_4q": null,
            "common_shares": 608251,
            "book_valuer_per_share": 12.95,
            "book_valuer_per_share_4q_avg": 12.81,
            "equity": 787695,
            "current_ratio": 260.54,
            "debt_ratio": 25.69,
            "inventory_turnover_ratio": 1.38,
            "account_receivable_turnover_ratio": null,
            "reinvestment_rate": -30.19,
            "research_to_sale_ratio": null,
            "price_fair": 30.1,
            "eps_avg_yearly": 0.86,
            "eps_latest_yearly": 0.32,
            "eps_growth_yearly": 499.82
        },
        "20073": {
            "year_quarter": 20073,
            "year": 2007,
            "quarter": 3,
            "eps": 0.2,
            "eps_growth_year": -51.22,
            "eps_4q": 0.73,
            "eps_4q_growth_year": -9.76,
            "roe": 1.7,
            "roe_4q": 6.55,
            "gross_profit": 35216,
            "gross_margin": 17.63,
            "gross_margin_4q_avg": 17.26,
            "net_income": 13661,
            "net_income_4q": null,
            "revenue": 199722,
            "revenue_4q": null,
            "common_shares": 656431,
            "book_valuer_per_share": 12.51,
            "book_valuer_per_share_4q_avg": 12.8,
            "equity": 821455,
            "current_ratio": 241.51,
            "debt_ratio": 25.67,
            "inventory_turnover_ratio": 1.42,
            "account_receivable_turnover_ratio": null,
            "reinvestment_rate": -50.7,
            "research_to_sale_ratio": null,
            "price_fair": 31.92,
            "eps_avg_yearly": 0.91,
            "eps_latest_yearly": 0.8,
            "eps_growth_yearly": 571.82
        },
        "20074": {
            "year_quarter": 20074,
            "year": 2007,
            "quarter": 4,
            "eps": 0.65,
            "eps_growth_year": 124.14,
            "eps_4q": 1.16,
            "eps_4q_growth_year": 33.29,
            "roe": 4.96,
            "roe_4q": 9.21,
            "gross_profit": 27777,
            "gross_margin": 14.28,
            "gross_margin_4q_avg": 15.71,
            "net_income": 42072,
            "net_income_4q": null,
            "revenue": 194453,
            "revenue_4q": null,
            "common_shares": 657681,
            "book_valuer_per_share": 13.33,
            "book_valuer_per_share_4q_avg": 12.95,
            "equity": 876399,
            "current_ratio": 170.98,
            "debt_ratio": 38.23,
            "inventory_turnover_ratio": 0.92,
            "account_receivable_turnover_ratio": null,
            "reinvestment_rate": 62.52,
            "research_to_sale_ratio": null,
            "price_fair": 38.08,
            "eps_avg_yearly": 1.09,
            "eps_latest_yearly": 2.6,
            "eps_growth_yearly": 581.82
        },
        "20081": {
            "year_quarter": 20081,
            "year": 2008,
            "quarter": 1,
            "eps": 0.04,
            "eps_growth_year": -81.82,
            "eps_4q": 0.84,
            "eps_4q_growth_year": -16.99,
            "roe": 0.36,
            "roe_4q": 7.83,
            "gross_profit": 80510,
            "gross_margin": 29.25,
            "gross_margin_4q_avg": 18.86,
            "net_income": 3104,
            "net_income_4q": null,
            "revenue": 275227,
            "revenue_4q": null,
            "common_shares": 659151,
            "book_valuer_per_share": 13,
            "book_valuer_per_share_4q_avg": 12.95,
            "equity": 856724,
            "current_ratio": 165.41,
            "debt_ratio": 38.03,
            "inventory_turnover_ratio": 0.78,
            "account_receivable_turnover_ratio": null,
            "reinvestment_rate": 158.46,
            "research_to_sale_ratio": null,
            "price_fair": 35.13,
            "eps_avg_yearly": 1,
            "eps_latest_yearly": 0.16,
            "eps_growth_yearly": 494.81
        },
        "20082": {
            "year_quarter": 20082,
            "year": 2008,
            "quarter": 2,
            "eps": 0.2,
            "eps_growth_year": 150,
            "eps_4q": 1.01,
            "eps_4q_growth_year": 41.16,
            "roe": 1.68,
            "roe_4q": 8.7,
            "gross_profit": 90193,
            "gross_margin": 28.3,
            "gross_margin_4q_avg": 22.37,
            "net_income": 14451,
            "net_income_4q": null,
            "revenue": 318755,
            "revenue_4q": null,
            "common_shares": 660741,
            "book_valuer_per_share": 13.04,
            "book_valuer_per_share_4q_avg": 12.97,
            "equity": 861624,
            "current_ratio": 167.27,
            "debt_ratio": 40.86,
            "inventory_turnover_ratio": 0.93,
            "account_receivable_turnover_ratio": null,
            "reinvestment_rate": 161.63,
            "research_to_sale_ratio": null,
            "price_fair": 34.53,
            "eps_avg_yearly": 0.99,
            "eps_latest_yearly": 0.8,
            "eps_growth_yearly": 586.9
        },
        "20083": {
            "year_quarter": 20083,
            "year": 2008,
            "quarter": 3,
            "eps": 0.33,
            "eps_growth_year": 65,
            "eps_4q": 1.17,
            "eps_4q_growth_year": 60.78,
            "roe": 2.63,
            "roe_4q": 9.629999999999999,
            "gross_profit": 93881,
            "gross_margin": 27.68,
            "gross_margin_4q_avg": 24.88,
            "net_income": 23584,
            "net_income_4q": null,
            "revenue": 339210,
            "revenue_4q": null,
            "common_shares": 695997,
            "book_valuer_per_share": 13.01,
            "book_valuer_per_share_4q_avg": 13.1,
            "equity": 930104,
            "current_ratio": 145.21,
            "debt_ratio": 44.24,
            "inventory_turnover_ratio": 0.94,
            "account_receivable_turnover_ratio": null,
            "reinvestment_rate": 217.29,
            "research_to_sale_ratio": null,
            "price_fair": 33.48,
            "eps_avg_yearly": 0.96,
            "eps_latest_yearly": 1.32,
            "eps_growth_yearly": 486.35
        },
        "20084": {
            "year_quarter": 20084,
            "year": 2008,
            "quarter": 4,
            "eps": -0.01,
            "eps_growth_year": -101.54,
            "eps_4q": 0.57,
            "eps_4q_growth_year": -50.91,
            "roe": -0,
            "roe_4q": 4.67,
            "gross_profit": 58787,
            "gross_margin": 25.6,
            "gross_margin_4q_avg": 27.71,
            "net_income": -7,
            "net_income_4q": null,
            "revenue": 229663,
            "revenue_4q": null,
            "common_shares": 695997,
            "book_valuer_per_share": 13.21,
            "book_valuer_per_share_4q_avg": 13.07,
            "equity": 959556,
            "current_ratio": 132.58,
            "debt_ratio": 42.01,
            "inventory_turnover_ratio": 0.68,
            "account_receivable_turnover_ratio": 1.34,
            "reinvestment_rate": 140.66,
            "research_to_sale_ratio": null,
            "price_fair": 33.48,
            "eps_avg_yearly": 0.96,
            "eps_latest_yearly": 1.32,
            "eps_growth_yearly": 486.35
        },
        "20091": {
            "year_quarter": 20091,
            "year": 2009,
            "quarter": 1,
            "eps": -0.38,
            "eps_growth_year": -1050,
            "eps_4q": 0.21,
            "eps_4q_growth_year": -75.56,
            "roe": -2.79,
            "roe_4q": 1.5199999999999998,
            "gross_profit": 26707,
            "gross_margin": 16,
            "gross_margin_4q_avg": 24.4,
            "net_income": -26689,
            "net_income_4q": null,
            "revenue": 166910,
            "revenue_4q": null,
            "common_shares": 695997,
            "book_valuer_per_share": 13.17,
            "book_valuer_per_share_4q_avg": 13.11,
            "equity": 955327,
            "current_ratio": 130.4,
            "debt_ratio": 39.29,
            "inventory_turnover_ratio": 0.64,
            "account_receivable_turnover_ratio": 0.57,
            "reinvestment_rate": 297.01,
            "research_to_sale_ratio": null,
            "price_fair": 33.48,
            "eps_avg_yearly": 0.96,
            "eps_latest_yearly": 1.32,
            "eps_growth_yearly": 486.35
        },
        "20092": {
            "year_quarter": 20092,
            "year": 2009,
            "quarter": 2,
            "eps": -0.39,
            "eps_growth_year": -295,
            "eps_4q": -0.37,
            "eps_4q_growth_year": -136.85,
            "roe": -3.16,
            "roe_4q": -3.3200000000000003,
            "gross_profit": 45149,
            "gross_margin": 21.63,
            "gross_margin_4q_avg": 22.73,
            "net_income": -29888,
            "net_income_4q": null,
            "revenue": 208690,
            "revenue_4q": null,
            "common_shares": 754821,
            "book_valuer_per_share": 11.79,
            "book_valuer_per_share_4q_avg": 12.8,
            "equity": 938743,
            "current_ratio": 126.38,
            "debt_ratio": 47.08,
            "inventory_turnover_ratio": 0.81,
            "account_receivable_turnover_ratio": 0.78,
            "reinvestment_rate": 334.01,
            "research_to_sale_ratio": null,
            "price_fair": 33.48,
            "eps_avg_yearly": 0.96,
            "eps_latest_yearly": 1.32,
            "eps_growth_yearly": 486.35
        },
        "20093": {
            "year_quarter": 20093,
            "year": 2009,
            "quarter": 3,
            "eps": 0.15,
            "eps_growth_year": -54.55,
            "eps_4q": -0.55,
            "eps_4q_growth_year": -146.75,
            "roe": 1.17,
            "roe_4q": -4.78,
            "gross_profit": 74577,
            "gross_margin": 31.03,
            "gross_margin_4q_avg": 23.57,
            "net_income": 11201,
            "net_income_4q": null,
            "revenue": 240355,
            "revenue_4q": null,
            "common_shares": 812657,
            "book_valuer_per_share": 11.22,
            "book_valuer_per_share_4q_avg": 12.35,
            "equity": 974967,
            "current_ratio": 134.32,
            "debt_ratio": 44.22,
            "inventory_turnover_ratio": 0.71,
            "account_receivable_turnover_ratio": 0.77,
            "reinvestment_rate": 338.97,
            "research_to_sale_ratio": null,
            "price_fair": 33.48,
            "eps_avg_yearly": 0.96,
            "eps_latest_yearly": 1.32,
            "eps_growth_yearly": 486.35
        },
        "20094": {
            "year_quarter": 20094,
            "year": 2009,
            "quarter": 4,
            "eps": 0.33,
            "eps_growth_year": null,
            "eps_4q": -0.19,
            "eps_4q_growth_year": -133.73,
            "roe": 2.37,
            "roe_4q": -2.41,
            "gross_profit": 82761,
            "gross_margin": 27.98,
            "gross_margin_4q_avg": 24.16,
            "net_income": 23677,
            "net_income_4q": null,
            "revenue": 295737,
            "revenue_4q": null,
            "common_shares": 846993,
            "book_valuer_per_share": 11.56,
            "book_valuer_per_share_4q_avg": 11.94,
            "equity": 1024628,
            "current_ratio": 146.34,
            "debt_ratio": 40.09,
            "inventory_turnover_ratio": 0.76,
            "account_receivable_turnover_ratio": 1.61,
            "reinvestment_rate": 252.18,
            "research_to_sale_ratio": null,
            "price_fair": 34.53,
            "eps_avg_yearly": 0.99,
            "eps_latest_yearly": 1.32,
            "eps_growth_yearly": 541.08
        },
        "20101": {
            "year_quarter": 20101,
            "year": 2010,
            "quarter": 1,
            "eps": 0.12,
            "eps_growth_year": null,
            "eps_4q": 0.22,
            "eps_4q_growth_year": 5.94,
            "roe": 0.94,
            "roe_4q": 1.3200000000000003,
            "gross_profit": 79730,
            "gross_margin": 30.68,
            "gross_margin_4q_avg": 27.83,
            "net_income": 9687,
            "net_income_4q": null,
            "revenue": 259877,
            "revenue_4q": null,
            "common_shares": 852214,
            "book_valuer_per_share": 11.62,
            "book_valuer_per_share_4q_avg": 11.55,
            "equity": 1035104,
            "current_ratio": 153.53,
            "debt_ratio": 40.49,
            "inventory_turnover_ratio": 0.59,
            "account_receivable_turnover_ratio": 0.67,
            "reinvestment_rate": 345.83,
            "research_to_sale_ratio": 1.87,
            "price_fair": 35.7,
            "eps_avg_yearly": 1.02,
            "eps_latest_yearly": 0.48,
            "eps_growth_yearly": 550.42
        },
        "20102": {
            "year_quarter": 20102,
            "year": 2010,
            "quarter": 2,
            "eps": 0.29,
            "eps_growth_year": null,
            "eps_4q": 0.83,
            "eps_4q_growth_year": null,
            "roe": 2.2,
            "roe_4q": 6.68,
            "gross_profit": 111973,
            "gross_margin": 33.41,
            "gross_margin_4q_avg": 30.78,
            "net_income": 23628,
            "net_income_4q": null,
            "revenue": 335119,
            "revenue_4q": null,
            "common_shares": 862214,
            "book_valuer_per_share": 12.37,
            "book_valuer_per_share_4q_avg": 11.69,
            "equity": 1112670,
            "current_ratio": 161.67,
            "debt_ratio": 49.46,
            "inventory_turnover_ratio": 0.57,
            "account_receivable_turnover_ratio": 0.76,
            "reinvestment_rate": 330.94,
            "research_to_sale_ratio": 1.62,
            "price_fair": 36.87,
            "eps_avg_yearly": 1.05,
            "eps_latest_yearly": 1.16,
            "eps_growth_yearly": 314.31
        },
        "20103": {
            "year_quarter": 20103,
            "year": 2010,
            "quarter": 3,
            "eps": 0.1,
            "eps_growth_year": -34.92,
            "eps_4q": 0.79,
            "eps_4q_growth_year": null,
            "roe": 0.63,
            "roe_4q": 6.140000000000001,
            "gross_profit": 112973,
            "gross_margin": 32.15,
            "gross_margin_4q_avg": 31.06,
            "net_income": 7006,
            "net_income_4q": null,
            "revenue": 351398,
            "revenue_4q": null,
            "common_shares": 871063,
            "book_valuer_per_share": 12.31,
            "book_valuer_per_share_4q_avg": 11.97,
            "equity": 1116856,
            "current_ratio": 164.21,
            "debt_ratio": 49.33,
            "inventory_turnover_ratio": 0.48,
            "account_receivable_turnover_ratio": 0.71,
            "reinvestment_rate": 370.26,
            "research_to_sale_ratio": 1.74,
            "price_fair": 33.25,
            "eps_avg_yearly": 0.95,
            "eps_latest_yearly": 0.4,
            "eps_growth_yearly": 253.87
        },
        "20104": {
            "year_quarter": 20104,
            "year": 2010,
            "quarter": 4,
            "eps": -0.24,
            "eps_growth_year": -171.85,
            "eps_4q": 0.26,
            "eps_4q_growth_year": null,
            "roe": -1.99,
            "roe_4q": 1.7800000000000002,
            "gross_profit": 94954,
            "gross_margin": 24.56,
            "gross_margin_4q_avg": 30.2,
            "net_income": -21623,
            "net_income_4q": null,
            "revenue": 386621,
            "revenue_4q": null,
            "common_shares": 873187,
            "book_valuer_per_share": 11.54,
            "book_valuer_per_share_4q_avg": 11.96,
            "equity": 1060469,
            "current_ratio": 156.96,
            "debt_ratio": 51.8,
            "inventory_turnover_ratio": 0.52,
            "account_receivable_turnover_ratio": 0.76,
            "reinvestment_rate": 267.93,
            "research_to_sale_ratio": 1.05,
            "price_fair": 32.58,
            "eps_avg_yearly": 0.93,
            "eps_latest_yearly": 0.4,
            "eps_growth_yearly": 287.6
        },
        "20111": {
            "year_quarter": 20111,
            "year": 2011,
            "quarter": 1,
            "eps": -0.11,
            "eps_growth_year": -191.67,
            "eps_4q": 0.03,
            "eps_4q_growth_year": -87.73,
            "roe": -1.04,
            "roe_4q": -0.20000000000000018,
            "gross_profit": 71768,
            "gross_margin": 29.16,
            "gross_margin_4q_avg": 29.82,
            "net_income": -11139,
            "net_income_4q": null,
            "revenue": 246155,
            "revenue_4q": null,
            "common_shares": 873187,
            "book_valuer_per_share": 11.6,
            "book_valuer_per_share_4q_avg": 11.96,
            "equity": 1077140,
            "current_ratio": 152.59,
            "debt_ratio": 52.3,
            "inventory_turnover_ratio": 0.29,
            "account_receivable_turnover_ratio": 0.5,
            "reinvestment_rate": 582.75,
            "research_to_sale_ratio": 2.12,
            "price_fair": 32.76,
            "eps_avg_yearly": 0.94,
            "eps_latest_yearly": 0.4,
            "eps_growth_yearly": 326.01
        },
        "20112": {
            "year_quarter": 20112,
            "year": 2011,
            "quarter": 2,
            "eps": -0.35,
            "eps_growth_year": -224.12,
            "eps_4q": -0.59,
            "eps_4q_growth_year": -171.31,
            "roe": -3.24,
            "roe_4q": -5.640000000000001,
            "gross_profit": 62721,
            "gross_margin": 20.94,
            "gross_margin_4q_avg": 26.7,
            "net_income": -34267,
            "net_income_4q": null,
            "revenue": 299563,
            "revenue_4q": null,
            "common_shares": 873187,
            "book_valuer_per_share": 11.18,
            "book_valuer_per_share_4q_avg": 11.66,
            "equity": 1037184,
            "current_ratio": 120.96,
            "debt_ratio": 56.83,
            "inventory_turnover_ratio": 0.33,
            "account_receivable_turnover_ratio": 0.6,
            "reinvestment_rate": 915.53,
            "research_to_sale_ratio": 1,
            "price_fair": 35.16,
            "eps_avg_yearly": 1,
            "eps_latest_yearly": 0.4,
            "eps_growth_yearly": 390.52
        },
        "20113": {
            "year_quarter": 20113,
            "year": 2011,
            "quarter": 3,
            "eps": 0.09,
            "eps_growth_year": -5.82,
            "eps_4q": -0.6,
            "eps_4q_growth_year": -175.44,
            "roe": 0.48,
            "roe_4q": -5.79,
            "gross_profit": 63393,
            "gross_margin": 21.75,
            "gross_margin_4q_avg": 24.1,
            "net_income": 5131,
            "net_income_4q": null,
            "revenue": 291411,
            "revenue_4q": null,
            "common_shares": 909926,
            "book_valuer_per_share": 11.39,
            "book_valuer_per_share_4q_avg": 11.43,
            "equity": 1094577,
            "current_ratio": 116.36,
            "debt_ratio": 57.95,
            "inventory_turnover_ratio": 0.28,
            "account_receivable_turnover_ratio": 0.57,
            "reinvestment_rate": 1141.24,
            "research_to_sale_ratio": 1.16,
            "price_fair": 36.05,
            "eps_avg_yearly": 1.03,
            "eps_latest_yearly": 0.4,
            "eps_growth_yearly": 364.33
        },
        "20114": {
            "year_quarter": 20114,
            "year": 2011,
            "quarter": 4,
            "eps": -0.69,
            "eps_growth_year": null,
            "eps_4q": -1.06,
            "eps_4q_growth_year": -511.27,
            "roe": -6.56,
            "roe_4q": -10.36,
            "gross_profit": 37555,
            "gross_margin": 15.64,
            "gross_margin_4q_avg": 21.87,
            "net_income": -69160,
            "net_income_4q": null,
            "revenue": 240161,
            "revenue_4q": null,
            "common_shares": 909926,
            "book_valuer_per_share": 10.67,
            "book_valuer_per_share_4q_avg": 11.21,
            "equity": 1015206,
            "current_ratio": 118.11,
            "debt_ratio": 59.51,
            "inventory_turnover_ratio": 0.25,
            "account_receivable_turnover_ratio": 0.49,
            "reinvestment_rate": null,
            "research_to_sale_ratio": 1.21,
            "price_fair": 28.2,
            "eps_avg_yearly": 0.81,
            "eps_latest_yearly": 0.4,
            "eps_growth_yearly": 287.81
        },
        "20121": {
            "year_quarter": 20121,
            "year": 2012,
            "quarter": 1,
            "eps": -0.53,
            "eps_growth_year": null,
            "eps_4q": -1.49,
            "eps_4q_growth_year": -5672.85,
            "roe": -4.63,
            "roe_4q": -13.95,
            "gross_profit": 44379,
            "gross_margin": 16.65,
            "gross_margin_4q_avg": 18.75,
            "net_income": -44835,
            "net_income_4q": null,
            "revenue": 266538,
            "revenue_4q": null,
            "common_shares": 909926,
            "book_valuer_per_share": 9.96,
            "book_valuer_per_share_4q_avg": 10.8,
            "equity": 919813,
            "current_ratio": 106.71,
            "debt_ratio": 65.29,
            "inventory_turnover_ratio": 0.25,
            "account_receivable_turnover_ratio": 0.64,
            "reinvestment_rate": null,
            "research_to_sale_ratio": 1.38,
            "price_fair": 31.97,
            "eps_avg_yearly": 0.91,
            "eps_latest_yearly": 0.4,
            "eps_growth_yearly": 398.34
        },
        "20122": {
            "year_quarter": 20122,
            "year": 2012,
            "quarter": 2,
            "eps": -0.4,
            "eps_growth_year": null,
            "eps_4q": -1.53,
            "eps_4q_growth_year": null,
            "roe": -3.66,
            "roe_4q": -14.369999999999997,
            "gross_profit": 46236,
            "gross_margin": 15.81,
            "gross_margin_4q_avg": 17.46,
            "net_income": -33078,
            "net_income_4q": null,
            "revenue": 292450,
            "revenue_4q": null,
            "common_shares": 909926,
            "book_valuer_per_share": 9.57,
            "book_valuer_per_share_4q_avg": 10.4,
            "equity": 888083,
            "current_ratio": 107.75,
            "debt_ratio": 65.59,
            "inventory_turnover_ratio": 0.25,
            "account_receivable_turnover_ratio": 0.77,
            "reinvestment_rate": null,
            "research_to_sale_ratio": 1.07,
            "price_fair": 32.76,
            "eps_avg_yearly": 0.94,
            "eps_latest_yearly": 0.4,
            "eps_growth_yearly": 158.01
        },
        "20123": {
            "year_quarter": 20123,
            "year": 2012,
            "quarter": 3,
            "eps": -0.38,
            "eps_growth_year": -514.93,
            "eps_4q": -2,
            "eps_4q_growth_year": null,
            "roe": -3.98,
            "roe_4q": -18.83,
            "gross_profit": 54838,
            "gross_margin": 18.84,
            "gross_margin_4q_avg": 16.74,
            "net_income": -34560,
            "net_income_4q": null,
            "revenue": 291097,
            "revenue_4q": null,
            "common_shares": 909926,
            "book_valuer_per_share": 9.13,
            "book_valuer_per_share_4q_avg": 9.83,
            "equity": 847286,
            "current_ratio": 105.8,
            "debt_ratio": 66.16,
            "inventory_turnover_ratio": 0.26,
            "account_receivable_turnover_ratio": 0.77,
            "reinvestment_rate": null,
            "research_to_sale_ratio": 1.25,
            "price_fair": 29.4,
            "eps_avg_yearly": 0.84,
            "eps_latest_yearly": 0.4,
            "eps_growth_yearly": 132.51
        },
        "20124": {
            "year_quarter": 20124,
            "year": 2012,
            "quarter": 4,
            "eps": -0.54,
            "eps_growth_year": null,
            "eps_4q": -1.86,
            "eps_4q_growth_year": null,
            "roe": -6.2,
            "roe_4q": -18.47,
            "gross_profit": 43633,
            "gross_margin": 17.11,
            "gross_margin_4q_avg": 17.1,
            "net_income": -51010,
            "net_income_4q": null,
            "revenue": 255021,
            "revenue_4q": null,
            "common_shares": 909926,
            "book_valuer_per_share": 8.6,
            "book_valuer_per_share_4q_avg": 9.32,
            "equity": 797646,
            "current_ratio": 102.77,
            "debt_ratio": 66.76,
            "inventory_turnover_ratio": 0.24,
            "account_receivable_turnover_ratio": 0.58,
            "reinvestment_rate": null,
            "research_to_sale_ratio": 1.69,
            "price_fair": 29.4,
            "eps_avg_yearly": 0.84,
            "eps_latest_yearly": 0.4,
            "eps_growth_yearly": 132.51
        },
        "20131": {
            "year_quarter": 20131,
            "year": 2013,
            "quarter": 1,
            "eps": -0.08,
            "eps_growth_year": null,
            "eps_4q": -1.39,
            "eps_4q_growth_year": null,
            "roe": -0.69,
            "roe_4q": -14.530000000000001,
            "gross_profit": 58394,
            "gross_margin": 21.02,
            "gross_margin_4q_avg": 18.2,
            "net_income": -5498,
            "net_income_4q": null,
            "revenue": 277825,
            "revenue_4q": null,
            "common_shares": 909926,
            "book_valuer_per_share": 8.56,
            "book_valuer_per_share_4q_avg": 8.97,
            "equity": 800647,
            "current_ratio": 101.11,
            "debt_ratio": 67.43,
            "inventory_turnover_ratio": 0.26,
            "account_receivable_turnover_ratio": 0.64,
            "reinvestment_rate": null,
            "research_to_sale_ratio": 1.53,
            "price_fair": 29.4,
            "eps_avg_yearly": 0.84,
            "eps_latest_yearly": 0.4,
            "eps_growth_yearly": 132.51
        },
        "20132": {
            "year_quarter": 20132,
            "year": 2013,
            "quarter": 2,
            "eps": 0.09,
            "eps_growth_year": null,
            "eps_4q": -0.9,
            "eps_4q_growth_year": null,
            "roe": 2.19,
            "roe_4q": -8.68,
            "gross_profit": 87017,
            "gross_margin": 27.27,
            "gross_margin_4q_avg": 21.06,
            "net_income": 17843,
            "net_income_4q": null,
            "revenue": 319061,
            "revenue_4q": null,
            "common_shares": 909926,
            "book_valuer_per_share": 8.77,
            "book_valuer_per_share_4q_avg": 8.77,
            "equity": 829317,
            "current_ratio": 104.19,
            "debt_ratio": 65.78,
            "inventory_turnover_ratio": 0.28,
            "account_receivable_turnover_ratio": 0.81,
            "reinvestment_rate": null,
            "research_to_sale_ratio": 1.6,
            "price_fair": 29.4,
            "eps_avg_yearly": 0.84,
            "eps_latest_yearly": 0.4,
            "eps_growth_yearly": 132.51
        },
        "20133": {
            "year_quarter": 20133,
            "year": 2013,
            "quarter": 3,
            "eps": 0.04,
            "eps_growth_year": null,
            "eps_4q": -0.64,
            "eps_4q_growth_year": null,
            "roe": 1.08,
            "roe_4q": -3.62,
            "gross_profit": 85459,
            "gross_margin": 21.95,
            "gross_margin_4q_avg": 21.84,
            "net_income": 8938,
            "net_income_4q": null,
            "revenue": 389281,
            "revenue_4q": null,
            "common_shares": 710652,
            "book_valuer_per_share": 11.24,
            "book_valuer_per_share_4q_avg": 9.29,
            "equity": 830181,
            "current_ratio": 110.89,
            "debt_ratio": 63.36,
            "inventory_turnover_ratio": 0.39,
            "account_receivable_turnover_ratio": 0.95,
            "reinvestment_rate": null,
            "research_to_sale_ratio": 1.18,
            "price_fair": 24.64,
            "eps_avg_yearly": 0.7,
            "eps_latest_yearly": 0.16,
            "eps_growth_yearly": 61.57
        },
        "20134": {
            "year_quarter": 20134,
            "year": 2013,
            "quarter": 4,
            "eps": 0.27,
            "eps_growth_year": null,
            "eps_4q": 0.33,
            "eps_4q_growth_year": null,
            "roe": 4.99,
            "roe_4q": 7.57,
            "gross_profit": 118372,
            "gross_margin": 18.94,
            "gross_margin_4q_avg": 22.3,
            "net_income": 42948,
            "net_income_4q": null,
            "revenue": 625068,
            "revenue_4q": null,
            "common_shares": 710652,
            "book_valuer_per_share": 11.67,
            "book_valuer_per_share_4q_avg": 10.06,
            "equity": 891145,
            "current_ratio": 115.46,
            "debt_ratio": 54.07,
            "inventory_turnover_ratio": 0.89,
            "account_receivable_turnover_ratio": 1.65,
            "reinvestment_rate": null,
            "research_to_sale_ratio": 0.69,
            "price_fair": 22.96,
            "eps_avg_yearly": 0.66,
            "eps_latest_yearly": 1.08,
            "eps_growth_yearly": 425.57
        },
        "20141": {
            "year_quarter": 20141,
            "year": 2014,
            "quarter": 1,
            "eps": -0.13,
            "eps_growth_year": null,
            "eps_4q": 0.3,
            "eps_4q_growth_year": null,
            "roe": -1.09,
            "roe_4q": 7.17,
            "gross_profit": 58406,
            "gross_margin": 28.37,
            "gross_margin_4q_avg": 24.13,
            "net_income": -9617,
            "net_income_4q": null,
            "revenue": 205884,
            "revenue_4q": null,
            "common_shares": 710652,
            "book_valuer_per_share": 11.5,
            "book_valuer_per_share_4q_avg": 10.8,
            "equity": 878975,
            "current_ratio": 117.97,
            "debt_ratio": 53.1,
            "inventory_turnover_ratio": 0.36,
            "account_receivable_turnover_ratio": 0.6,
            "reinvestment_rate": null,
            "research_to_sale_ratio": 1.88,
            "price_fair": 24.5,
            "eps_avg_yearly": 0.7,
            "eps_latest_yearly": 1.08,
            "eps_growth_yearly": 595.59
        },
        "20142": {
            "year_quarter": 20142,
            "year": 2014,
            "quarter": 2,
            "eps": 0.22,
            "eps_growth_year": 144.44,
            "eps_4q": 0.35,
            "eps_4q_growth_year": null,
            "roe": 2.26,
            "roe_4q": 7.24,
            "gross_profit": 123851,
            "gross_margin": 40.19,
            "gross_margin_4q_avg": 27.36,
            "net_income": 22391,
            "net_income_4q": null,
            "revenue": 308165,
            "revenue_4q": null,
            "common_shares": 910652,
            "book_valuer_per_share": 11.42,
            "book_valuer_per_share_4q_avg": 11.46,
            "equity": 1104885,
            "current_ratio": 155.8,
            "debt_ratio": 45.25,
            "inventory_turnover_ratio": 0.45,
            "account_receivable_turnover_ratio": 0.81,
            "reinvestment_rate": null,
            "research_to_sale_ratio": 1.06,
            "price_fair": 19.13,
            "eps_avg_yearly": 0.55,
            "eps_latest_yearly": 1.08,
            "eps_growth_yearly": 605.24
        },
        "20143": {
            "year_quarter": 20143,
            "year": 2014,
            "quarter": 3,
            "eps": 0.16,
            "eps_growth_year": 300,
            "eps_4q": 0.48,
            "eps_4q_growth_year": null,
            "roe": 1.01,
            "roe_4q": 7.17,
            "gross_profit": 80240,
            "gross_margin": 30.54,
            "gross_margin_4q_avg": 29.51,
            "net_income": 11417,
            "net_income_4q": null,
            "revenue": 262703,
            "revenue_4q": null,
            "common_shares": 921393,
            "book_valuer_per_share": 11.66,
            "book_valuer_per_share_4q_avg": 11.56,
            "equity": 1161217,
            "current_ratio": 166.21,
            "debt_ratio": 43.28,
            "inventory_turnover_ratio": 0.43,
            "account_receivable_turnover_ratio": 0.61,
            "reinvestment_rate": null,
            "research_to_sale_ratio": 1.39,
            "price_fair": 21.93,
            "eps_avg_yearly": 0.63,
            "eps_latest_yearly": 0.64,
            "eps_growth_yearly": 656.23
        },
        "20144": {
            "year_quarter": 20144,
            "year": 2014,
            "quarter": 4,
            "eps": 0.05,
            "eps_growth_year": -82.92,
            "eps_4q": 0.32,
            "eps_4q_growth_year": -3.86,
            "roe": 0.28,
            "roe_4q": 2.46,
            "gross_profit": 66792,
            "gross_margin": 26.34,
            "gross_margin_4q_avg": 31.36,
            "net_income": 3233,
            "net_income_4q": null,
            "revenue": 253621,
            "revenue_4q": null,
            "common_shares": 921393,
            "book_valuer_per_share": 11.93,
            "book_valuer_per_share_4q_avg": 11.63,
            "equity": 1185437,
            "current_ratio": 181.93,
            "debt_ratio": 46.07,
            "inventory_turnover_ratio": 0.42,
            "account_receivable_turnover_ratio": 0.57,
            "reinvestment_rate": null,
            "research_to_sale_ratio": 2.45,
            "price_fair": 18.2,
            "eps_avg_yearly": 0.52,
            "eps_latest_yearly": 0.2,
            "eps_growth_yearly": 423.42
        },
        "20151": {
            "year_quarter": 20151,
            "year": 2015,
            "quarter": 1,
            "eps": -0.21,
            "eps_growth_year": null,
            "eps_4q": 0.21,
            "eps_4q_growth_year": -30.06,
            "roe": -1.7,
            "roe_4q": 1.8499999999999999,
            "gross_profit": 60678,
            "gross_margin": 21.78,
            "gross_margin_4q_avg": 29.71,
            "net_income": -20020,
            "net_income_4q": null,
            "revenue": 278596,
            "revenue_4q": null,
            "common_shares": 921393,
            "book_valuer_per_share": 11.77,
            "book_valuer_per_share_4q_avg": 11.7,
            "equity": 1168723,
            "current_ratio": 181.42,
            "debt_ratio": 46.26,
            "inventory_turnover_ratio": 0.48,
            "account_receivable_turnover_ratio": 0.64,
            "reinvestment_rate": null,
            "research_to_sale_ratio": 1.97,
            "price_fair": 18.2,
            "eps_avg_yearly": 0.52,
            "eps_latest_yearly": 0.2,
            "eps_growth_yearly": 423.42
        },
        "20152": {
            "year_quarter": 20152,
            "year": 2015,
            "quarter": 2,
            "eps": -0.34,
            "eps_growth_year": -254.55,
            "eps_4q": -0.34,
            "eps_4q_growth_year": -196.35,
            "roe": -2.73,
            "roe_4q": -3.1399999999999997,
            "gross_profit": 82536,
            "gross_margin": 26.43,
            "gross_margin_4q_avg": 26.27,
            "net_income": -31177,
            "net_income_4q": null,
            "revenue": 312250,
            "revenue_4q": null,
            "common_shares": 921393,
            "book_valuer_per_share": 11.26,
            "book_valuer_per_share_4q_avg": 11.66,
            "equity": 1118519,
            "current_ratio": 163.05,
            "debt_ratio": 51.98,
            "inventory_turnover_ratio": 0.49,
            "account_receivable_turnover_ratio": 0.7,
            "reinvestment_rate": null,
            "research_to_sale_ratio": 1.85,
            "price_fair": 18.2,
            "eps_avg_yearly": 0.52,
            "eps_latest_yearly": 0.2,
            "eps_growth_yearly": 423.42
        },
        "20153": {
            "year_quarter": 20153,
            "year": 2015,
            "quarter": 3,
            "eps": 0.04,
            "eps_growth_year": -75,
            "eps_4q": -0.46,
            "eps_4q_growth_year": -195.94,
            "roe": 0.23,
            "roe_4q": -3.92,
            "gross_profit": 73099,
            "gross_margin": 27.3,
            "gross_margin_4q_avg": 25.46,
            "net_income": 2651,
            "net_income_4q": null,
            "revenue": 267734,
            "revenue_4q": null,
            "common_shares": 937814,
            "book_valuer_per_share": 11.39,
            "book_valuer_per_share_4q_avg": 11.59,
            "equity": 1138531,
            "current_ratio": 165.05,
            "debt_ratio": 53.06,
            "inventory_turnover_ratio": 0.38,
            "account_receivable_turnover_ratio": 0.58,
            "reinvestment_rate": null,
            "research_to_sale_ratio": 2.22,
            "price_fair": 18.2,
            "eps_avg_yearly": 0.52,
            "eps_latest_yearly": 0.2,
            "eps_growth_yearly": 423.42
        },
        "20154": {
            "year_quarter": 20154,
            "year": 2015,
            "quarter": 4,
            "eps": -0.22,
            "eps_growth_year": -563.87,
            "eps_4q": -0.72,
            "eps_4q_growth_year": -328.37,
            "roe": -1.86,
            "roe_4q": -6.0600000000000005,
            "gross_profit": 60343,
            "gross_margin": 25.42,
            "gross_margin_4q_avg": 25.23,
            "net_income": -20801,
            "net_income_4q": null,
            "revenue": 237341,
            "revenue_4q": null,
            "common_shares": 937814,
            "book_valuer_per_share": 11.02,
            "book_valuer_per_share_4q_avg": 11.36,
            "equity": 1101615,
            "current_ratio": 167.54,
            "debt_ratio": 53.46,
            "inventory_turnover_ratio": 0.35,
            "account_receivable_turnover_ratio": 0.55,
            "reinvestment_rate": null,
            "research_to_sale_ratio": 2.23,
            "price_fair": 18.2,
            "eps_avg_yearly": 0.52,
            "eps_latest_yearly": 0.2,
            "eps_growth_yearly": 423.42
        },
        "20161": {
            "year_quarter": 20161,
            "year": 2016,
            "quarter": 1,
            "eps": -0.18,
            "eps_growth_year": null,
            "eps_4q": -0.69,
            "eps_4q_growth_year": -432.45,
            "roe": -1.65,
            "roe_4q": -6.01,
            "gross_profit": 69199,
            "gross_margin": 28.27,
            "gross_margin_4q_avg": 26.86,
            "net_income": -17931,
            "net_income_4q": null,
            "revenue": 244739,
            "revenue_4q": null,
            "common_shares": 937814,
            "book_valuer_per_share": 10.69,
            "book_valuer_per_share_4q_avg": 11.09,
            "equity": 1067960,
            "current_ratio": 164.6,
            "debt_ratio": 53.07,
            "inventory_turnover_ratio": 0.37,
            "account_receivable_turnover_ratio": 0.63,
            "reinvestment_rate": null,
            "research_to_sale_ratio": 2.32,
            "price_fair": 18.2,
            "eps_avg_yearly": 0.52,
            "eps_latest_yearly": 0.2,
            "eps_growth_yearly": 423.42
        },
        "20162": {
            "year_quarter": 20162,
            "year": 2016,
            "quarter": 2,
            "eps": 0.21,
            "eps_growth_year": null,
            "eps_4q": -0.15,
            "eps_4q_growth_year": null,
            "roe": 1.73,
            "roe_4q": -1.55,
            "gross_profit": 82435,
            "gross_margin": 31.18,
            "gross_margin_4q_avg": 28.04,
            "net_income": 18423,
            "net_income_4q": null,
            "revenue": 264427,
            "revenue_4q": null,
            "common_shares": 937814,
            "book_valuer_per_share": 10.67,
            "book_valuer_per_share_4q_avg": 10.94,
            "equity": 1064024,
            "current_ratio": 167.11,
            "debt_ratio": 52.1,
            "inventory_turnover_ratio": 0.37,
            "account_receivable_turnover_ratio": 0.7,
            "reinvestment_rate": null,
            "research_to_sale_ratio": 1.97,
            "price_fair": 18.2,
            "eps_avg_yearly": 0.52,
            "eps_latest_yearly": 0.2,
            "eps_growth_yearly": 423.42
        },
        "20163": {
            "year_quarter": 20163,
            "year": 2016,
            "quarter": 3,
            "eps": 0.13,
            "eps_growth_year": 225,
            "eps_4q": -0.06,
            "eps_4q_growth_year": null,
            "roe": 1.01,
            "roe_4q": -0.7699999999999998,
            "gross_profit": 66085,
            "gross_margin": 30.62,
            "gross_margin_4q_avg": 28.87,
            "net_income": 10675,
            "net_income_4q": null,
            "revenue": 215838,
            "revenue_4q": null,
            "common_shares": 937814,
            "book_valuer_per_share": 10.52,
            "book_valuer_per_share_4q_avg": 10.73,
            "equity": 1045798,
            "current_ratio": 156.78,
            "debt_ratio": 54.88,
            "inventory_turnover_ratio": 0.28,
            "account_receivable_turnover_ratio": 0.58,
            "reinvestment_rate": null,
            "research_to_sale_ratio": 3.17,
            "price_fair": 18.2,
            "eps_avg_yearly": 0.52,
            "eps_latest_yearly": 0.52,
            "eps_growth_yearly": 308.26
        },
        "20164": {
            "year_quarter": 20164,
            "year": 2016,
            "quarter": 4,
            "eps": 0.38,
            "eps_growth_year": null,
            "eps_4q": 0.54,
            "eps_4q_growth_year": null,
            "roe": 3.28,
            "roe_4q": 4.369999999999999,
            "gross_profit": 76525,
            "gross_margin": 30.37,
            "gross_margin_4q_avg": 30.11,
            "net_income": 34726,
            "net_income_4q": null,
            "revenue": 251963,
            "revenue_4q": null,
            "common_shares": 937814,
            "book_valuer_per_share": 10.79,
            "book_valuer_per_share_4q_avg": 10.67,
            "equity": 1070100,
            "current_ratio": 130.43,
            "debt_ratio": 53.98,
            "inventory_turnover_ratio": 0.29,
            "account_receivable_turnover_ratio": 0.7,
            "reinvestment_rate": -41.59,
            "research_to_sale_ratio": 2.86,
            "price_fair": 24.03,
            "eps_avg_yearly": 0.69,
            "eps_latest_yearly": 1.52,
            "eps_growth_yearly": 385.09
        },
        "20171": {
            "year_quarter": 20171,
            "year": 2017,
            "quarter": 1,
            "eps": 0.04,
            "eps_growth_year": null,
            "eps_4q": 0.76,
            "eps_4q_growth_year": null,
            "roe": 0.44,
            "roe_4q": 6.459999999999999,
            "gross_profit": 78300,
            "gross_margin": 32.59,
            "gross_margin_4q_avg": 31.19,
            "net_income": 4598,
            "net_income_4q": null,
            "revenue": 240283,
            "revenue_4q": null,
            "common_shares": 937814,
            "book_valuer_per_share": 10.38,
            "book_valuer_per_share_4q_avg": 10.59,
            "equity": 1028494,
            "current_ratio": 131.27,
            "debt_ratio": 53.79,
            "inventory_turnover_ratio": 0.26,
            "account_receivable_turnover_ratio": 0.69,
            "reinvestment_rate": -51.58,
            "research_to_sale_ratio": 2.05,
            "price_fair": 21.4,
            "eps_avg_yearly": 0.61,
            "eps_latest_yearly": 0.16,
            "eps_growth_yearly": 278.95
        },
        "20172": {
            "year_quarter": 20172,
            "year": 2017,
            "quarter": 2,
            "eps": 0.23,
            "eps_growth_year": 9.52,
            "eps_4q": 0.77,
            "eps_4q_growth_year": null,
            "roe": 1.93,
            "roe_4q": 6.66,
            "gross_profit": 96382,
            "gross_margin": 34.61,
            "gross_margin_4q_avg": 32.05,
            "net_income": 20216,
            "net_income_4q": null,
            "revenue": 278495,
            "revenue_4q": null,
            "common_shares": 937814,
            "book_valuer_per_share": 10.78,
            "book_valuer_per_share_4q_avg": 10.62,
            "equity": 1065301,
            "current_ratio": 134.67,
            "debt_ratio": 55.53,
            "inventory_turnover_ratio": 0.28,
            "account_receivable_turnover_ratio": 0.81,
            "reinvestment_rate": -44.78,
            "research_to_sale_ratio": 1.89,
            "price_fair": 22.75,
            "eps_avg_yearly": 0.65,
            "eps_latest_yearly": 0.92,
            "eps_growth_yearly": 481.58
        },
        "20173": {
            "year_quarter": 20173,
            "year": 2017,
            "quarter": 3,
            "eps": 0.07,
            "eps_growth_year": -46.15,
            "eps_4q": 0.72,
            "eps_4q_growth_year": null,
            "roe": 0.55,
            "roe_4q": 6.199999999999999,
            "gross_profit": 62706,
            "gross_margin": 26.07,
            "gross_margin_4q_avg": 30.91,
            "net_income": 5947,
            "net_income_4q": null,
            "revenue": 240564,
            "revenue_4q": null,
            "common_shares": 954308,
            "book_valuer_per_share": 10.74,
            "book_valuer_per_share_4q_avg": 10.67,
            "equity": 1079869,
            "current_ratio": 133.98,
            "debt_ratio": 56.65,
            "inventory_turnover_ratio": 0.25,
            "account_receivable_turnover_ratio": 0.66,
            "reinvestment_rate": 3.71,
            "research_to_sale_ratio": 3.25,
            "price_fair": 23.28,
            "eps_avg_yearly": 0.67,
            "eps_latest_yearly": 0.28,
            "eps_growth_yearly": 474.58
        },
        "20174": {
            "year_quarter": 20174,
            "year": 2017,
            "quarter": 4,
            "eps": -0.13,
            "eps_growth_year": -134.33,
            "eps_4q": 0.15,
            "eps_4q_growth_year": -71.55,
            "roe": -1.05,
            "roe_4q": 1.8699999999999999,
            "gross_profit": 80820,
            "gross_margin": 25.4,
            "gross_margin_4q_avg": 29.67,
            "net_income": -12314,
            "net_income_4q": null,
            "revenue": 318195,
            "revenue_4q": null,
            "common_shares": 1162858,
            "book_valuer_per_share": 10.46,
            "book_valuer_per_share_4q_avg": 10.59,
            "equity": 1274866,
            "current_ratio": 150.91,
            "debt_ratio": 51.21,
            "inventory_turnover_ratio": 0.3,
            "account_receivable_turnover_ratio": 0.91,
            "reinvestment_rate": 33.76,
            "research_to_sale_ratio": 2.72,
            "price_fair": 21.2,
            "eps_avg_yearly": 0.61,
            "eps_latest_yearly": 0.28,
            "eps_growth_yearly": 213.8
        },
        "20181": {
            "year_quarter": 20181,
            "year": 2018,
            "quarter": 1,
            "eps": 0.14,
            "eps_growth_year": 250,
            "eps_4q": 0.26,
            "eps_4q_growth_year": -66.36,
            "roe": 1.85,
            "roe_4q": 3.2800000000000002,
            "gross_profit": 101254,
            "gross_margin": 25.15,
            "gross_margin_4q_avg": 27.81,
            "net_income": 23972,
            "net_income_4q": null,
            "revenue": 402572,
            "revenue_4q": null,
            "common_shares": 1162858,
            "book_valuer_per_share": 10.72,
            "book_valuer_per_share_4q_avg": 10.68,
            "equity": 1313627,
            "current_ratio": 143.65,
            "debt_ratio": 49.06,
            "inventory_turnover_ratio": 0.38,
            "account_receivable_turnover_ratio": 1.22,
            "reinvestment_rate": -21.17,
            "research_to_sale_ratio": 1.31,
            "price_fair": 21.2,
            "eps_avg_yearly": 0.61,
            "eps_latest_yearly": 0.28,
            "eps_growth_yearly": 213.8
        },
        "20182": {
            "year_quarter": 20182,
            "year": 2018,
            "quarter": 2,
            "eps": 0.02,
            "eps_growth_year": -91.3,
            "eps_4q": 0.09,
            "eps_4q_growth_year": -88.11,
            "roe": 0.47,
            "roe_4q": 1.8200000000000003,
            "gross_profit": 86601,
            "gross_margin": 26.38,
            "gross_margin_4q_avg": 25.75,
            "net_income": 6116,
            "net_income_4q": null,
            "revenue": 328312,
            "revenue_4q": null,
            "common_shares": 1162858,
            "book_valuer_per_share": 10.72,
            "book_valuer_per_share_4q_avg": 10.66,
            "equity": 1316000,
            "current_ratio": 148.94,
            "debt_ratio": 48.65,
            "inventory_turnover_ratio": 0.34,
            "account_receivable_turnover_ratio": 0.98,
            "reinvestment_rate": 116.32,
            "research_to_sale_ratio": 1.54,
            "price_fair": 18.9,
            "eps_avg_yearly": 0.54,
            "eps_latest_yearly": 0.08,
            "eps_growth_yearly": 144.22
        },
        "20183": {
            "year_quarter": 20183,
            "year": 2018,
            "quarter": 3,
            "eps": 0.1,
            "eps_growth_year": 42.86,
            "eps_4q": 0.13,
            "eps_4q_growth_year": -82.04,
            "roe": 1.2,
            "roe_4q": 2.4699999999999998,
            "gross_profit": 96182,
            "gross_margin": 29.03,
            "gross_margin_4q_avg": 26.49,
            "net_income": 15683,
            "net_income_4q": null,
            "revenue": 331274,
            "revenue_4q": null,
            "common_shares": 1149518,
            "book_valuer_per_share": 10.5,
            "book_valuer_per_share_4q_avg": 10.6,
            "equity": 1292238,
            "current_ratio": 134.51,
            "debt_ratio": 49.32,
            "inventory_turnover_ratio": 0.36,
            "account_receivable_turnover_ratio": 0.96,
            "reinvestment_rate": 21.65,
            "research_to_sale_ratio": 1.36,
            "price_fair": 17.85,
            "eps_avg_yearly": 0.51,
            "eps_latest_yearly": 0.4,
            "eps_growth_yearly": 357.85
        },
        "20184": {
            "year_quarter": 20184,
            "year": 2018,
            "quarter": 4,
            "eps": -0.19,
            "eps_growth_year": null,
            "eps_4q": 0.07,
            "eps_4q_growth_year": -52.61,
            "roe": -1.21,
            "roe_4q": 2.31,
            "gross_profit": 76372,
            "gross_margin": 20.19,
            "gross_margin_4q_avg": 25.19,
            "net_income": -15463,
            "net_income_4q": null,
            "revenue": 378215,
            "revenue_4q": null,
            "common_shares": 1149518,
            "book_valuer_per_share": 10.45,
            "book_valuer_per_share_4q_avg": 10.6,
            "equity": 1266415,
            "current_ratio": 137.96,
            "debt_ratio": 48.29,
            "inventory_turnover_ratio": 0.57,
            "account_receivable_turnover_ratio": 1.17,
            "reinvestment_rate": 17.2,
            "research_to_sale_ratio": 1.1,
            "price_fair": 19.4,
            "eps_avg_yearly": 0.55,
            "eps_latest_yearly": 0.4,
            "eps_growth_yearly": 448.26
        },
        "20191": {
            "year_quarter": 20191,
            "year": 2019,
            "quarter": 1,
            "eps": 0,
            "eps_growth_year": -100,
            "eps_4q": -0.07,
            "eps_4q_growth_year": -125.92,
            "roe": 0.03,
            "roe_4q": 0.49,
            "gross_profit": 64778,
            "gross_margin": 26.78,
            "gross_margin_4q_avg": 25.6,
            "net_income": 424,
            "net_income_4q": null,
            "revenue": 241880,
            "revenue_4q": null,
            "common_shares": 1149518,
            "book_valuer_per_share": 10.74,
            "book_valuer_per_share_4q_avg": 10.6,
            "equity": 1204355,
            "current_ratio": 123.88,
            "debt_ratio": 50.41,
            "inventory_turnover_ratio": 0.43,
            "account_receivable_turnover_ratio": 0.87,
            "reinvestment_rate": 123.99,
            "research_to_sale_ratio": 4.07,
            "price_fair": 19.4,
            "eps_avg_yearly": 0.55,
            "eps_latest_yearly": 0.4,
            "eps_growth_yearly": 448.26
        },
        "20192": {
            "year_quarter": 20192,
            "year": 2019,
            "quarter": 2,
            "eps": 0.13,
            "eps_growth_year": 550,
            "eps_4q": 0.04,
            "eps_4q_growth_year": -55.55,
            "roe": 1.22,
            "roe_4q": 1.24,
            "gross_profit": 90886,
            "gross_margin": 33.72,
            "gross_margin_4q_avg": 27.43,
            "net_income": 14372,
            "net_income_4q": null,
            "revenue": 269507,
            "revenue_4q": null,
            "common_shares": 1149518,
            "book_valuer_per_share": 10.26,
            "book_valuer_per_share_4q_avg": 10.49,
            "equity": 1149407,
            "current_ratio": 117.7,
            "debt_ratio": 52.66,
            "inventory_turnover_ratio": 0.48,
            "account_receivable_turnover_ratio": 1,
            "reinvestment_rate": -178.45,
            "research_to_sale_ratio": 3.97,
            "price_fair": 19.4,
            "eps_avg_yearly": 0.55,
            "eps_latest_yearly": 0.4,
            "eps_growth_yearly": 448.26
        },
        "20193": {
            "year_quarter": 20193,
            "year": 2019,
            "quarter": 3,
            "eps": 0.08,
            "eps_growth_year": -20,
            "eps_4q": 0.02,
            "eps_4q_growth_year": -84.14,
            "roe": 0.68,
            "roe_4q": 0.72,
            "gross_profit": 94521,
            "gross_margin": 30.22,
            "gross_margin_4q_avg": 27.73,
            "net_income": 8039,
            "net_income_4q": null,
            "revenue": 312746,
            "revenue_4q": null,
            "common_shares": 1149518,
            "book_valuer_per_share": 10.04,
            "book_valuer_per_share_4q_avg": 10.37,
            "equity": 1228490,
            "current_ratio": 140.28,
            "debt_ratio": 48.76,
            "inventory_turnover_ratio": 0.57,
            "account_receivable_turnover_ratio": 1.12,
            "reinvestment_rate": -204.45,
            "research_to_sale_ratio": 3.35,
            "price_fair": 18.38,
            "eps_avg_yearly": 0.53,
            "eps_latest_yearly": 0.32,
            "eps_growth_yearly": 373
        },
        "20194": {
            "year_quarter": 20194,
            "year": 2019,
            "quarter": 4,
            "eps": 1.1,
            "eps_growth_year": null,
            "eps_4q": 1.32,
            "eps_4q_growth_year": 1721.74,
            "roe": 9.47,
            "roe_4q": 11.4,
            "gross_profit": 61907,
            "gross_margin": 31.05,
            "gross_margin_4q_avg": 30.44,
            "net_income": 121959,
            "net_income_4q": null,
            "revenue": 199407,
            "revenue_4q": null,
            "common_shares": 1149518,
            "book_valuer_per_share": 11.08,
            "book_valuer_per_share_4q_avg": 10.53,
            "equity": 1347672,
            "current_ratio": 193.99,
            "debt_ratio": 38.13,
            "inventory_turnover_ratio": 0.34,
            "account_receivable_turnover_ratio": 0.71,
            "reinvestment_rate": 19.49,
            "research_to_sale_ratio": 6.58,
            "price_fair": 33.44,
            "eps_avg_yearly": 0.96,
            "eps_latest_yearly": 4.4,
            "eps_growth_yearly": 898.22
        },
        "20201": {
            "year_quarter": 20201,
            "year": 2020,
            "quarter": 1,
            "eps": -0.14,
            "eps_growth_year": null,
            "eps_4q": 1.18,
            "eps_4q_growth_year": null,
            "roe": -1.24,
            "roe_4q": 10.13,
            "gross_profit": 45047,
            "gross_margin": 27.22,
            "gross_margin_4q_avg": 30.55,
            "net_income": -16517,
            "net_income_4q": null,
            "revenue": 165504,
            "revenue_4q": null,
            "common_shares": 1149518,
            "book_valuer_per_share": 10.68,
            "book_valuer_per_share_4q_avg": 10.52,
            "equity": 1306332,
            "current_ratio": 185.24,
            "debt_ratio": 39.13,
            "inventory_turnover_ratio": 0.3,
            "account_receivable_turnover_ratio": 0.65,
            "reinvestment_rate": 16.03,
            "research_to_sale_ratio": 4.44,
            "price_fair": 33.44,
            "eps_avg_yearly": 0.96,
            "eps_latest_yearly": 4.4,
            "eps_growth_yearly": 898.22
        },
        "20202": {
            "year_quarter": 20202,
            "year": 2020,
            "quarter": 2,
            "eps": -0.06,
            "eps_growth_year": -146.15,
            "eps_4q": 0.99,
            "eps_4q_growth_year": 2327.52,
            "roe": -0.73,
            "roe_4q": 8.180000000000001,
            "gross_profit": 81932,
            "gross_margin": 39.5,
            "gross_margin_4q_avg": 32,
            "net_income": -9374,
            "net_income_4q": null,
            "revenue": 207420,
            "revenue_4q": null,
            "common_shares": 1149518,
            "book_valuer_per_share": 10.16,
            "book_valuer_per_share_4q_avg": 10.49,
            "equity": 1244661,
            "current_ratio": 193.05,
            "debt_ratio": 49.47,
            "inventory_turnover_ratio": 0.3,
            "account_receivable_turnover_ratio": 0.86,
            "reinvestment_rate": 22.55,
            "research_to_sale_ratio": 5.87,
            "price_fair": 33.44,
            "eps_avg_yearly": 0.96,
            "eps_latest_yearly": 4.4,
            "eps_growth_yearly": 898.22
        },
        "20203": {
            "year_quarter": 20203,
            "year": 2020,
            "quarter": 3,
            "eps": -0.06,
            "eps_growth_year": -175,
            "eps_4q": 0.85,
            "eps_4q_growth_year": 4064,
            "roe": -0.73,
            "roe_4q": 6.7700000000000005,
            "gross_profit": 71256,
            "gross_margin": 34.46,
            "gross_margin_4q_avg": 33.06,
            "net_income": -9149,
            "net_income_4q": null,
            "revenue": 206785,
            "revenue_4q": null,
            "common_shares": 1149518,
            "book_valuer_per_share": 10.43,
            "book_valuer_per_share_4q_avg": 10.59,
            "equity": 1278317,
            "current_ratio": 187.39,
            "debt_ratio": 50.31,
            "inventory_turnover_ratio": 0.25,
            "account_receivable_turnover_ratio": 0.79,
            "reinvestment_rate": 23.48,
            "research_to_sale_ratio": 6.44,
            "price_fair": 35.35,
            "eps_avg_yearly": 1.01,
            "eps_latest_yearly": 4.4,
            "eps_growth_yearly": 1029.55
        },
        "20204": {
            "year_quarter": 20204,
            "year": 2020,
            "quarter": 4,
            "eps": -0.13,
            "eps_growth_year": -111.65,
            "eps_4q": -0.39,
            "eps_4q_growth_year": -129.8,
            "roe": -1.33,
            "roe_4q": -4.03,
            "gross_profit": 66857,
            "gross_margin": 29.13,
            "gross_margin_4q_avg": 32.58,
            "net_income": -17027,
            "net_income_4q": null,
            "revenue": 229499,
            "revenue_4q": null,
            "common_shares": 1149518,
            "book_valuer_per_share": 10.38,
            "book_valuer_per_share_4q_avg": 10.41,
            "equity": 1272794,
            "current_ratio": 179.49,
            "debt_ratio": 51.06,
            "inventory_turnover_ratio": 0.24,
            "account_receivable_turnover_ratio": 0.85,
            "reinvestment_rate": 56.8,
            "research_to_sale_ratio": 4.99,
            "price_fair": 32.8,
            "eps_avg_yearly": 0.94,
            "eps_latest_yearly": 4.4,
            "eps_growth_yearly": 1066.73
        },
        "20211": {
            "year_quarter": 20211,
            "year": 2021,
            "quarter": 1,
            "eps": 0.02,
            "eps_growth_year": null,
            "eps_4q": -0.24,
            "eps_4q_growth_year": -120.13,
            "roe": -0.05,
            "roe_4q": -2.8400000000000003,
            "gross_profit": 71595,
            "gross_margin": 34.56,
            "gross_margin_4q_avg": 34.41,
            "net_income": -697,
            "net_income_4q": null,
            "revenue": 207149,
            "revenue_4q": null,
            "common_shares": 1149518,
            "book_valuer_per_share": 10.45,
            "book_valuer_per_share_4q_avg": 10.36,
            "equity": 1277781,
            "current_ratio": 169.69,
            "debt_ratio": 52.61,
            "inventory_turnover_ratio": 0.19,
            "account_receivable_turnover_ratio": 0.76,
            "reinvestment_rate": 78.25,
            "research_to_sale_ratio": 5.13,
            "price_fair": 37.33,
            "eps_avg_yearly": 1.07,
            "eps_latest_yearly": 4.4,
            "eps_growth_yearly": 1304.17
        },
        "20212": {
            "year_quarter": 20212,
            "year": 2021,
            "quarter": 2,
            "eps": 0.15,
            "eps_growth_year": null,
            "eps_4q": -0.02,
            "eps_4q_growth_year": -102.27,
            "roe": 1.03,
            "roe_4q": -1.08,
            "gross_profit": 87652,
            "gross_margin": 36.83,
            "gross_margin_4q_avg": 33.75,
            "net_income": 13043,
            "net_income_4q": null,
            "revenue": 238000,
            "revenue_4q": null,
            "common_shares": 1149518,
            "book_valuer_per_share": 10.39,
            "book_valuer_per_share_4q_avg": 10.41,
            "equity": 1266233,
            "current_ratio": 167.5,
            "debt_ratio": 53.19,
            "inventory_turnover_ratio": 0.19,
            "account_receivable_turnover_ratio": 0.84,
            "reinvestment_rate": 74.34,
            "research_to_sale_ratio": 4.08,
            "price_fair": 35.47,
            "eps_avg_yearly": 1.01,
            "eps_latest_yearly": 0.6,
            "eps_growth_yearly": 1420.84
        },
        "20213": {
            "year_quarter": 20213,
            "year": 2021,
            "quarter": 3,
            "eps": 0.08,
            "eps_growth_year": null,
            "eps_4q": 0.12,
            "eps_4q_growth_year": -85.99,
            "roe": 0.61,
            "roe_4q": 0.26,
            "gross_profit": 74672,
            "gross_margin": 27.88,
            "gross_margin_4q_avg": 32.1,
            "net_income": 7799,
            "net_income_4q": null,
            "revenue": 267792,
            "revenue_4q": null,
            "common_shares": 1160763,
            "book_valuer_per_share": 10.38,
            "book_valuer_per_share_4q_avg": 10.4,
            "equity": 1275516,
            "current_ratio": 168.03,
            "debt_ratio": 53.36,
            "inventory_turnover_ratio": 0.24,
            "account_receivable_turnover_ratio": 0.92,
            "reinvestment_rate": 55.97,
            "research_to_sale_ratio": 4.08,
            "price_fair": 35.7,
            "eps_avg_yearly": 1.02,
            "eps_latest_yearly": 0.32,
            "eps_growth_yearly": 1436.11
        },
        "20214": {
            "year_quarter": 20214,
            "year": 2021,
            "quarter": 4,
            "eps": -0.23,
            "eps_growth_year": null,
            "eps_4q": 0.01,
            "eps_4q_growth_year": null,
            "roe": -2.17,
            "roe_4q": -0.5800000000000001,
            "gross_profit": 58467,
            "gross_margin": 26.27,
            "gross_margin_4q_avg": 31.39,
            "net_income": -27812,
            "net_income_4q": null,
            "revenue": 222562,
            "revenue_4q": null,
            "common_shares": 1160763,
            "book_valuer_per_share": 10.33,
            "book_valuer_per_share_4q_avg": 10.39,
            "equity": 1292770,
            "current_ratio": 167.08,
            "debt_ratio": 53.08,
            "inventory_turnover_ratio": 0.2,
            "account_receivable_turnover_ratio": 0.77,
            "reinvestment_rate": 61.36,
            "research_to_sale_ratio": 4.17,
            "price_fair": 35.7,
            "eps_avg_yearly": 1.02,
            "eps_latest_yearly": 0.32,
            "eps_growth_yearly": 1436.11
        },
        "20221": {
            "year_quarter": 20221,
            "year": 2022,
            "quarter": 1,
            "eps": 0.06,
            "eps_growth_year": 200,
            "eps_4q": 0.05,
            "eps_4q_growth_year": null,
            "roe": 0.68,
            "roe_4q": 0.15000000000000024,
            "gross_profit": 66287,
            "gross_margin": 25.98,
            "gross_margin_4q_avg": 29.24,
            "net_income": 8912,
            "net_income_4q": null,
            "revenue": 255100,
            "revenue_4q": null,
            "common_shares": 1160763,
            "book_valuer_per_share": 10.67,
            "book_valuer_per_share_4q_avg": 10.44,
            "equity": 1343285,
            "current_ratio": 162.21,
            "debt_ratio": 53.75,
            "inventory_turnover_ratio": 0.21,
            "account_receivable_turnover_ratio": 0.87,
            "reinvestment_rate": 112.13,
            "research_to_sale_ratio": 3.49,
            "price_fair": 35.7,
            "eps_avg_yearly": 1.02,
            "eps_latest_yearly": 0.32,
            "eps_growth_yearly": 1436.11
        },
        "20222": {
            "year_quarter": 20222,
            "year": 2022,
            "quarter": 2,
            "eps": 0.11,
            "eps_growth_year": -26.67,
            "eps_4q": 0.02,
            "eps_4q_growth_year": null,
            "roe": 1.07,
            "roe_4q": 0.19000000000000006,
            "gross_profit": 70907,
            "gross_margin": 24.03,
            "gross_margin_4q_avg": 26.04,
            "net_income": 14170,
            "net_income_4q": null,
            "revenue": 295113,
            "revenue_4q": null,
            "common_shares": 1165398,
            "book_valuer_per_share": 10.45,
            "book_valuer_per_share_4q_avg": 10.46,
            "equity": 1316861,
            "current_ratio": 131.92,
            "debt_ratio": 51.89,
            "inventory_turnover_ratio": 0.25,
            "account_receivable_turnover_ratio": 1.03,
            "reinvestment_rate": 76.4,
            "research_to_sale_ratio": 3.49,
            "price_fair": 37.8,
            "eps_avg_yearly": 1.08,
            "eps_latest_yearly": 0.44,
            "eps_growth_yearly": 1548.8
        },
        "20223": {
            "year_quarter": 20223,
            "year": 2022,
            "quarter": 3,
            "eps": 0.07,
            "eps_growth_year": -12.5,
            "eps_4q": 0.01,
            "eps_4q_growth_year": -95.44,
            "roe": 0.52,
            "roe_4q": 0.10000000000000009,
            "gross_profit": 51743,
            "gross_margin": 24.9,
            "gross_margin_4q_avg": 25.3,
            "net_income": 6905,
            "net_income_4q": null,
            "revenue": 207812,
            "revenue_4q": null,
            "common_shares": 1165398,
            "book_valuer_per_share": 10.59,
            "book_valuer_per_share_4q_avg": 10.51,
            "equity": 1334134,
            "current_ratio": 131.62,
            "debt_ratio": 51.18,
            "inventory_turnover_ratio": 0.19,
            "account_receivable_turnover_ratio": 0.78,
            "reinvestment_rate": 172.8,
            "research_to_sale_ratio": 4.02,
            "price_fair": 37.1,
            "eps_avg_yearly": 1.06,
            "eps_latest_yearly": 0.28,
            "eps_growth_yearly": 1257.89
        },
        "20224": {
            "year_quarter": 20224,
            "year": 2022,
            "quarter": 4,
            "eps": -0.23,
            "eps_growth_year": null,
            "eps_4q": 0.01,
            "eps_4q_growth_year": 29.81,
            "roe": -2,
            "roe_4q": 0.27000000000000013,
            "gross_profit": 57268,
            "gross_margin": 31.77,
            "gross_margin_4q_avg": 26.67,
            "net_income": -26308,
            "net_income_4q": null,
            "revenue": 180271,
            "revenue_4q": null,
            "common_shares": 1166198,
            "book_valuer_per_share": 10.29,
            "book_valuer_per_share_4q_avg": 10.5,
            "equity": 1298716,
            "current_ratio": 131.21,
            "debt_ratio": 49.69,
            "inventory_turnover_ratio": 0.15,
            "account_receivable_turnover_ratio": 0.73,
            "reinvestment_rate": 178.6,
            "research_to_sale_ratio": 4.4,
            "price_fair": 37.1,
            "eps_avg_yearly": 1.06,
            "eps_latest_yearly": 0.28,
            "eps_growth_yearly": 1257.89
        },
        "20231": {
            "year_quarter": 20231,
            "year": 2023,
            "quarter": 1,
            "eps": -0.23,
            "eps_growth_year": -483.33,
            "eps_4q": -0.28,
            "eps_4q_growth_year": -673.51,
            "roe": -2.02,
            "roe_4q": -2.4299999999999997,
            "gross_profit": 43272,
            "gross_margin": 22.94,
            "gross_margin_4q_avg": 25.91,
            "net_income": -26132,
            "net_income_4q": null,
            "revenue": 188616,
            "revenue_4q": null,
            "common_shares": 1166198,
            "book_valuer_per_share": 10.23,
            "book_valuer_per_share_4q_avg": 10.39,
            "equity": 1292403,
            "current_ratio": 132.57,
            "debt_ratio": 49.41,
            "inventory_turnover_ratio": 0.19,
            "account_receivable_turnover_ratio": 0.87,
            "reinvestment_rate": 216.8,
            "research_to_sale_ratio": 4.16,
            "price_fair": 37.1,
            "eps_avg_yearly": 1.06,
            "eps_latest_yearly": 0.28,
            "eps_growth_yearly": 1257.89
        },
        "20232": {
            "year_quarter": 20232,
            "year": 2023,
            "quarter": 2,
            "eps": -0.12,
            "eps_growth_year": -209.09,
            "eps_4q": -0.52,
            "eps_4q_growth_year": -2982.18,
            "roe": -1.17,
            "roe_4q": -4.67,
            "gross_profit": 42247,
            "gross_margin": 27.88,
            "gross_margin_4q_avg": 26.87,
            "net_income": -14823,
            "net_income_4q": null,
            "revenue": 151546,
            "revenue_4q": null,
            "common_shares": 1166198,
            "book_valuer_per_share": 9.85,
            "book_valuer_per_share_4q_avg": 10.24,
            "equity": 1244825,
            "current_ratio": 182.6,
            "debt_ratio": 49.41,
            "inventory_turnover_ratio": 0.15,
            "account_receivable_turnover_ratio": 0.74,
            "reinvestment_rate": 357.86,
            "research_to_sale_ratio": 5.5,
            "price_fair": 37.1,
            "eps_avg_yearly": 1.06,
            "eps_latest_yearly": 0.28,
            "eps_growth_yearly": 1257.89
        },
        "20233": {
            "year_quarter": 20233,
            "year": 2023,
            "quarter": 3,
            "eps": -0.25,
            "eps_growth_year": -457.14,
            "eps_4q": -0.84,
            "eps_4q_growth_year": -15561.69,
            "roe": -2.11,
            "roe_4q": -7.3,
            "gross_profit": 56283,
            "gross_margin": 22.83,
            "gross_margin_4q_avg": 26.36,
            "net_income": -26405,
            "net_income_4q": null,
            "revenue": 246565,
            "revenue_4q": null,
            "common_shares": 1166198,
            "book_valuer_per_share": 9.92,
            "book_valuer_per_share_4q_avg": 10.07,
            "equity": 1258160,
            "current_ratio": 191.07,
            "debt_ratio": 47.85,
            "inventory_turnover_ratio": 0.27,
            "account_receivable_turnover_ratio": 1.16,
            "reinvestment_rate": 1625.27,
            "research_to_sale_ratio": 2.81,
            "price_fair": 42.28,
            "eps_avg_yearly": 1.21,
            "eps_latest_yearly": 0.28,
            "eps_growth_yearly": 1540.24
        }
    },
    "months": {
        "2003-01": {
            "month": "2003-01",
            "price": "24.29",
            "revenue": 47149
        },
        "2003-02": {
            "month": "2003-02",
            "price": "22.01",
            "revenue": 41018
        },
        "2003-03": {
            "month": "2003-03",
            "price": "16.66",
            "revenue": 58241
        },
        "2003-04": {
            "month": "2003-04",
            "price": "16.78",
            "revenue": 52057
        },
        "2003-05": {
            "month": "2003-05",
            "price": "15.60",
            "revenue": 55595
        },
        "2003-06": {
            "month": "2003-06",
            "price": "17.34",
            "revenue": 58672
        },
        "2003-07": {
            "month": "2003-07",
            "price": "17.04",
            "revenue": 54676
        },
        "2003-08": {
            "month": "2003-08",
            "price": "14.81",
            "revenue": 57470
        },
        "2003-09": {
            "month": "2003-09",
            "price": "12.29",
            "revenue": 60886
        },
        "2003-10": {
            "month": "2003-10",
            "price": "12.50",
            "revenue": 63112
        },
        "2003-11": {
            "month": "2003-11",
            "price": "13.17",
            "revenue": 65127
        },
        "2003-12": {
            "month": "2003-12",
            "price": "12.77",
            "revenue": 56663
        },
        "2004-01": {
            "month": "2004-01",
            "price": "15.78",
            "revenue": 45101
        },
        "2004-02": {
            "month": "2004-02",
            "price": "16.16",
            "revenue": 56120
        },
        "2004-03": {
            "month": "2004-03",
            "price": "14.58",
            "revenue": 58838
        },
        "2004-04": {
            "month": "2004-04",
            "price": "14.50",
            "revenue": 61549
        },
        "2004-05": {
            "month": "2004-05",
            "price": "12.19",
            "revenue": 66241
        },
        "2004-06": {
            "month": "2004-06",
            "price": "10.22",
            "revenue": 66885
        },
        "2004-07": {
            "month": "2004-07",
            "price": "10.14",
            "revenue": 63551
        },
        "2004-08": {
            "month": "2004-08",
            "price": "10.39",
            "revenue": 67850
        },
        "2004-09": {
            "month": "2004-09",
            "price": "9.97",
            "revenue": 66641
        },
        "2004-10": {
            "month": "2004-10",
            "price": "10.35",
            "revenue": 65585
        },
        "2004-11": {
            "month": "2004-11",
            "price": "10.49",
            "revenue": 53212
        },
        "2004-12": {
            "month": "2004-12",
            "price": "9.68",
            "revenue": 56367
        },
        "2005-01": {
            "month": "2005-01",
            "price": "9.07",
            "revenue": 56499
        },
        "2005-02": {
            "month": "2005-02",
            "price": "10.00",
            "revenue": 46008
        },
        "2005-03": {
            "month": "2005-03",
            "price": "9.89",
            "revenue": 57717
        },
        "2005-04": {
            "month": "2005-04",
            "price": "8.30",
            "revenue": 62688
        },
        "2005-05": {
            "month": "2005-05",
            "price": "7.94",
            "revenue": 61287
        },
        "2005-06": {
            "month": "2005-06",
            "price": "8.36",
            "revenue": 58432
        },
        "2005-07": {
            "month": "2005-07",
            "price": "9.38",
            "revenue": 51616
        },
        "2005-08": {
            "month": "2005-08",
            "price": "8.47",
            "revenue": 60618
        },
        "2005-09": {
            "month": "2005-09",
            "price": "7.83",
            "revenue": 67889
        },
        "2005-10": {
            "month": "2005-10",
            "price": "7.87",
            "revenue": 66243
        },
        "2005-11": {
            "month": "2005-11",
            "price": "8.11",
            "revenue": 69601
        },
        "2005-12": {
            "month": "2005-12",
            "price": "10.25",
            "revenue": 65433
        },
        "2006-01": {
            "month": "2006-01",
            "price": "13.93",
            "revenue": 54736
        },
        "2006-02": {
            "month": "2006-02",
            "price": "11.04",
            "revenue": 51337
        },
        "2006-03": {
            "month": "2006-03",
            "price": "11.95",
            "revenue": 58538
        },
        "2006-04": {
            "month": "2006-04",
            "price": "13.76",
            "revenue": 64026
        },
        "2006-05": {
            "month": "2006-05",
            "price": "13.30",
            "revenue": 58884
        },
        "2006-06": {
            "month": "2006-06",
            "price": "11.29",
            "revenue": 56216
        },
        "2006-07": {
            "month": "2006-07",
            "price": "10.48",
            "revenue": 70122
        },
        "2006-08": {
            "month": "2006-08",
            "price": "10.39",
            "revenue": 93171
        },
        "2006-09": {
            "month": "2006-09",
            "price": "10.57",
            "revenue": 90367
        },
        "2006-10": {
            "month": "2006-10",
            "price": "11.29",
            "revenue": 90398
        },
        "2006-11": {
            "month": "2006-11",
            "price": "12.08",
            "revenue": 82069
        },
        "2006-12": {
            "month": "2006-12",
            "price": "14.73",
            "revenue": 88003
        },
        "2007-01": {
            "month": "2007-01",
            "price": "17.12",
            "revenue": 89343
        },
        "2007-02": {
            "month": "2007-02",
            "price": "16.66",
            "revenue": 62985
        },
        "2007-03": {
            "month": "2007-03",
            "price": "17.83",
            "revenue": 98987
        },
        "2007-04": {
            "month": "2007-04",
            "price": "17.47",
            "revenue": 93750
        },
        "2007-05": {
            "month": "2007-05",
            "price": "16.47",
            "revenue": 91504
        },
        "2007-06": {
            "month": "2007-06",
            "price": "18.83",
            "revenue": 93677
        },
        "2007-07": {
            "month": "2007-07",
            "price": "20.91",
            "revenue": 91637
        },
        "2007-08": {
            "month": "2007-08",
            "price": "19.89",
            "revenue": 93437
        },
        "2007-09": {
            "month": "2007-09",
            "price": "19.27",
            "revenue": 93172
        },
        "2007-10": {
            "month": "2007-10",
            "price": "19.26",
            "revenue": 100244
        },
        "2007-11": {
            "month": "2007-11",
            "price": "15.85",
            "revenue": 94034
        },
        "2007-12": {
            "month": "2007-12",
            "price": "15.05",
            "revenue": 85561
        },
        "2008-01": {
            "month": "2008-01",
            "price": "13.49",
            "revenue": 95930
        },
        "2008-02": {
            "month": "2008-02",
            "price": "12.35",
            "revenue": 86390
        },
        "2008-03": {
            "month": "2008-03",
            "price": "13.60",
            "revenue": 97990
        },
        "2008-04": {
            "month": "2008-04",
            "price": "15.38",
            "revenue": 92920
        },
        "2008-05": {
            "month": "2008-05",
            "price": "15.45",
            "revenue": 100273
        },
        "2008-06": {
            "month": "2008-06",
            "price": "13.36",
            "revenue": 104376
        },
        "2008-07": {
            "month": "2008-07",
            "price": "10.87",
            "revenue": 106886
        },
        "2008-08": {
            "month": "2008-08",
            "price": "10.84",
            "revenue": 112594
        },
        "2008-09": {
            "month": "2008-09",
            "price": "10.31",
            "revenue": 108719
        },
        "2008-10": {
            "month": "2008-10",
            "price": "9.26",
            "revenue": 105412
        },
        "2008-11": {
            "month": "2008-11",
            "price": "7.96",
            "revenue": 79114
        },
        "2008-12": {
            "month": "2008-12",
            "price": "7.41",
            "revenue": 64737
        },
        "2009-01": {
            "month": "2009-01",
            "price": "8.08",
            "revenue": 38588
        },
        "2009-02": {
            "month": "2009-02",
            "price": "8.49",
            "revenue": 54647
        },
        "2009-03": {
            "month": "2009-03",
            "price": "8.99",
            "revenue": 68942
        },
        "2009-04": {
            "month": "2009-04",
            "price": "9.95",
            "revenue": 74361
        },
        "2009-05": {
            "month": "2009-05",
            "price": "10.84",
            "revenue": 59224
        },
        "2009-06": {
            "month": "2009-06",
            "price": "11.90",
            "revenue": 78315
        },
        "2009-07": {
            "month": "2009-07",
            "price": "13.30",
            "revenue": 78533
        },
        "2009-08": {
            "month": "2009-08",
            "price": "13.08",
            "revenue": 80878
        },
        "2009-09": {
            "month": "2009-09",
            "price": "14.50",
            "revenue": 82228
        },
        "2009-10": {
            "month": "2009-10",
            "price": "14.90",
            "revenue": 99715
        },
        "2009-11": {
            "month": "2009-11",
            "price": "15.20",
            "revenue": 100700
        },
        "2009-12": {
            "month": "2009-12",
            "price": "17.55",
            "revenue": 88938
        },
        "2010-01": {
            "month": "2010-01",
            "price": "16.47",
            "revenue": 89505
        },
        "2010-02": {
            "month": "2010-02",
            "price": "14.25",
            "revenue": 71262
        },
        "2010-03": {
            "month": "2010-03",
            "price": "15.27",
            "revenue": 102914
        },
        "2010-04": {
            "month": "2010-04",
            "price": "17.47",
            "revenue": 103601
        },
        "2010-05": {
            "month": "2010-05",
            "price": "15.11",
            "revenue": 109864
        },
        "2010-06": {
            "month": "2010-06",
            "price": "15.90",
            "revenue": 123250
        },
        "2010-07": {
            "month": "2010-07",
            "price": "16.55",
            "revenue": 130027
        },
        "2010-08": {
            "month": "2010-08",
            "price": "17.41",
            "revenue": 108305
        },
        "2010-09": {
            "month": "2010-09",
            "price": "16.12",
            "revenue": 118459
        },
        "2010-10": {
            "month": "2010-10",
            "price": "15.14",
            "revenue": 97071
        },
        "2010-11": {
            "month": "2010-11",
            "price": "14.24",
            "revenue": 124314
        },
        "2010-12": {
            "month": "2010-12",
            "price": "16.05",
            "revenue": 143042
        },
        "2011-01": {
            "month": "2011-01",
            "price": "17.10",
            "revenue": 93741
        },
        "2011-02": {
            "month": "2011-02",
            "price": "16.56",
            "revenue": 63034
        },
        "2011-03": {
            "month": "2011-03",
            "price": "15.80",
            "revenue": 93083
        },
        "2011-04": {
            "month": "2011-04",
            "price": "15.12",
            "revenue": 109107
        },
        "2011-05": {
            "month": "2011-05",
            "price": "14.27",
            "revenue": 99363
        },
        "2011-06": {
            "month": "2011-06",
            "price": "13.32",
            "revenue": 86954
        },
        "2011-07": {
            "month": "2011-07",
            "price": "11.78",
            "revenue": 85253
        },
        "2011-08": {
            "month": "2011-08",
            "price": "9.45",
            "revenue": 100402
        },
        "2011-09": {
            "month": "2011-09",
            "price": "8.88",
            "revenue": 107584
        },
        "2011-10": {
            "month": "2011-10",
            "price": "8.86",
            "revenue": 68364
        },
        "2011-11": {
            "month": "2011-11",
            "price": "8.38",
            "revenue": 81887
        },
        "2011-12": {
            "month": "2011-12",
            "price": "8.24",
            "revenue": 88038
        },
        "2012-01": {
            "month": "2012-01",
            "price": "8.18",
            "revenue": 57190
        },
        "2012-02": {
            "month": "2012-02",
            "price": "9.63",
            "revenue": 73730
        },
        "2012-03": {
            "month": "2012-03",
            "price": "9.55",
            "revenue": 134100
        },
        "2012-04": {
            "month": "2012-04",
            "price": "8.72",
            "revenue": 79053
        },
        "2012-05": {
            "month": "2012-05",
            "price": "8.80",
            "revenue": 84020
        },
        "2012-06": {
            "month": "2012-06",
            "price": "8.57",
            "revenue": 128084
        },
        "2012-07": {
            "month": "2012-07",
            "price": "7.88",
            "revenue": 83993
        },
        "2012-08": {
            "month": "2012-08",
            "price": "6.53",
            "revenue": 76993
        },
        "2012-09": {
            "month": "2012-09",
            "price": "6.10",
            "revenue": 131273
        },
        "2012-10": {
            "month": "2012-10",
            "price": "5.24",
            "revenue": 71261
        },
        "2012-11": {
            "month": "2012-11",
            "price": "4.44",
            "revenue": 89939
        },
        "2012-12": {
            "month": "2012-12",
            "price": "4.54",
            "revenue": 96342
        },
        "2013-01": {
            "month": "2013-01",
            "price": "4.97",
            "revenue": 74431
        },
        "2013-02": {
            "month": "2013-02",
            "price": "4.87",
            "revenue": 56804
        },
        "2013-03": {
            "month": "2013-03",
            "price": "4.92",
            "revenue": 145393
        },
        "2013-04": {
            "month": "2013-04",
            "price": "4.89",
            "revenue": 76958
        },
        "2013-05": {
            "month": "2013-05",
            "price": "7.00",
            "revenue": 83950
        },
        "2013-06": {
            "month": "2013-06",
            "price": "5.74",
            "revenue": 151822
        },
        "2013-07": {
            "month": "2013-07",
            "price": "5.63",
            "revenue": 104818
        },
        "2013-08": {
            "month": "2013-08",
            "price": "5.48",
            "revenue": 96997
        },
        "2013-09": {
            "month": "2013-09",
            "price": "6.63",
            "revenue": 194545
        },
        "2013-10": {
            "month": "2013-10",
            "price": "7.05",
            "revenue": 270007
        },
        "2013-11": {
            "month": "2013-11",
            "price": "9.07",
            "revenue": 224985
        },
        "2013-12": {
            "month": "2013-12",
            "price": "12.51",
            "revenue": 131803
        },
        "2014-01": {
            "month": "2014-01",
            "price": "13.76",
            "revenue": 72297
        },
        "2014-02": {
            "month": "2014-02",
            "price": "12.70",
            "revenue": 59429
        },
        "2014-03": {
            "month": "2014-03",
            "price": "13.58",
            "revenue": 74779
        },
        "2014-04": {
            "month": "2014-04",
            "price": "12.61",
            "revenue": 106138
        },
        "2014-05": {
            "month": "2014-05",
            "price": "11.36",
            "revenue": 84583
        },
        "2014-06": {
            "month": "2014-06",
            "price": "11.39",
            "revenue": 114391
        },
        "2014-07": {
            "month": "2014-07",
            "price": "11.35",
            "revenue": 90653
        },
        "2014-08": {
            "month": "2014-08",
            "price": "11.20",
            "revenue": 86135
        },
        "2014-09": {
            "month": "2014-09",
            "price": "10.52",
            "revenue": 86880
        },
        "2014-10": {
            "month": "2014-10",
            "price": "9.52",
            "revenue": 78273
        },
        "2014-11": {
            "month": "2014-11",
            "price": "9.25",
            "revenue": 80670
        },
        "2014-12": {
            "month": "2014-12",
            "price": "9.79",
            "revenue": 96451
        },
        "2015-01": {
            "month": "2015-01",
            "price": "9.71",
            "revenue": 101179
        },
        "2015-02": {
            "month": "2015-02",
            "price": "9.71",
            "revenue": 71663
        },
        "2015-03": {
            "month": "2015-03",
            "price": "9.75",
            "revenue": 105756
        },
        "2015-04": {
            "month": "2015-04",
            "price": "9.68",
            "revenue": 95301
        },
        "2015-05": {
            "month": "2015-05",
            "price": "9.03",
            "revenue": 112732
        },
        "2015-06": {
            "month": "2015-06",
            "price": "7.84",
            "revenue": 104217
        },
        "2015-07": {
            "month": "2015-07",
            "price": "7.50",
            "revenue": 86642
        },
        "2015-08": {
            "month": "2015-08",
            "price": "5.93",
            "revenue": 90230
        },
        "2015-09": {
            "month": "2015-09",
            "price": "5.92",
            "revenue": 90860
        },
        "2015-10": {
            "month": "2015-10",
            "price": "6.22",
            "revenue": 89253
        },
        "2015-11": {
            "month": "2015-11",
            "price": "6.16",
            "revenue": 75726
        },
        "2015-12": {
            "month": "2015-12",
            "price": "5.73",
            "revenue": 72362
        },
        "2016-01": {
            "month": "2016-01",
            "price": "5.34",
            "revenue": 80922
        },
        "2016-02": {
            "month": "2016-02",
            "price": "5.50",
            "revenue": 70975
        },
        "2016-03": {
            "month": "2016-03",
            "price": "5.95",
            "revenue": 92842
        },
        "2016-04": {
            "month": "2016-04",
            "price": "5.47",
            "revenue": 87864
        },
        "2016-05": {
            "month": "2016-05",
            "price": "5.43",
            "revenue": 89494
        },
        "2016-06": {
            "month": "2016-06",
            "price": "5.30",
            "revenue": 99626
        },
        "2016-07": {
            "month": "2016-07",
            "price": "5.48",
            "revenue": 51701
        },
        "2016-08": {
            "month": "2016-08",
            "price": "5.72",
            "revenue": 64211
        },
        "2016-09": {
            "month": "2016-09",
            "price": "6.54",
            "revenue": 88034
        },
        "2016-10": {
            "month": "2016-10",
            "price": "6.25",
            "revenue": 74876
        },
        "2016-11": {
            "month": "2016-11",
            "price": "5.95",
            "revenue": 70966
        },
        "2016-12": {
            "month": "2016-12",
            "price": "6.47",
            "revenue": 105455
        },
        "2017-01": {
            "month": "2017-01",
            "price": "7.13",
            "revenue": 90689
        },
        "2017-02": {
            "month": "2017-02",
            "price": "8.26",
            "revenue": 66093
        },
        "2017-03": {
            "month": "2017-03",
            "price": "8.53",
            "revenue": 83633
        },
        "2017-04": {
            "month": "2017-04",
            "price": "8.42",
            "revenue": 86888
        },
        "2017-05": {
            "month": "2017-05",
            "price": "8.24",
            "revenue": 88663
        },
        "2017-06": {
            "month": "2017-06",
            "price": "8.02",
            "revenue": 93622
        },
        "2017-07": {
            "month": "2017-07",
            "price": "8.69",
            "revenue": 79509
        },
        "2017-08": {
            "month": "2017-08",
            "price": "9.25",
            "revenue": 90082
        },
        "2017-09": {
            "month": "2017-09",
            "price": "9.80",
            "revenue": 92822
        },
        "2017-10": {
            "month": "2017-10",
            "price": "10.62",
            "revenue": 76086
        },
        "2017-11": {
            "month": "2017-11",
            "price": "10.81",
            "revenue": 105837
        },
        "2017-12": {
            "month": "2017-12",
            "price": "10.02",
            "revenue": 133196
        },
        "2018-01": {
            "month": "2018-01",
            "price": "10.64",
            "revenue": 83821
        },
        "2018-02": {
            "month": "2018-02",
            "price": "9.80",
            "revenue": 67033
        },
        "2018-03": {
            "month": "2018-03",
            "price": "9.85",
            "revenue": 130775
        },
        "2018-04": {
            "month": "2018-04",
            "price": "9.32",
            "revenue": 70244
        },
        "2018-05": {
            "month": "2018-05",
            "price": "9.25",
            "revenue": 105866
        },
        "2018-06": {
            "month": "2018-06",
            "price": "10.02",
            "revenue": 152202
        },
        "2018-07": {
            "month": "2018-07",
            "price": "9.65",
            "revenue": 86617
        },
        "2018-08": {
            "month": "2018-08",
            "price": "9.57",
            "revenue": 80792
        },
        "2018-09": {
            "month": "2018-09",
            "price": "9.12",
            "revenue": 163796
        },
        "2018-10": {
            "month": "2018-10",
            "price": "8.72",
            "revenue": 75293
        },
        "2018-11": {
            "month": "2018-11",
            "price": "8.91",
            "revenue": 71646
        },
        "2018-12": {
            "month": "2018-12",
            "price": "9.05",
            "revenue": 230993
        },
        "2019-01": {
            "month": "2019-01",
            "price": "8.75",
            "revenue": 71510
        },
        "2019-02": {
            "month": "2019-02",
            "price": "8.74",
            "revenue": 62495
        },
        "2019-03": {
            "month": "2019-03",
            "price": "8.75",
            "revenue": 107677
        },
        "2019-04": {
            "month": "2019-04",
            "price": "8.15",
            "revenue": 81194
        },
        "2019-05": {
            "month": "2019-05",
            "price": "7.88",
            "revenue": 76662
        },
        "2019-06": {
            "month": "2019-06",
            "price": "7.71",
            "revenue": 111852
        },
        "2019-07": {
            "month": "2019-07",
            "price": "7.64",
            "revenue": 75522
        },
        "2019-08": {
            "month": "2019-08",
            "price": "7.16",
            "revenue": 80482
        },
        "2019-09": {
            "month": "2019-09",
            "price": "7.66",
            "revenue": 156742
        },
        "2019-10": {
            "month": "2019-10",
            "price": "7.98",
            "revenue": 68337
        },
        "2019-11": {
            "month": "2019-11",
            "price": "8.48",
            "revenue": 69772
        },
        "2019-12": {
            "month": "2019-12",
            "price": "8.02",
            "revenue": 61113
        },
        "2020-01": {
            "month": "2020-01",
            "price": "7.93",
            "revenue": 55684
        },
        "2020-02": {
            "month": "2020-02",
            "price": "7.33",
            "revenue": 34204
        },
        "2020-03": {
            "month": "2020-03",
            "price": "6.46",
            "revenue": 75794
        },
        "2020-04": {
            "month": "2020-04",
            "price": "7.50",
            "revenue": 75728
        },
        "2020-05": {
            "month": "2020-05",
            "price": "8.32",
            "revenue": 75025
        },
        "2020-06": {
            "month": "2020-06",
            "price": "8.25",
            "revenue": 56668
        },
        "2020-07": {
            "month": "2020-07",
            "price": "8.42",
            "revenue": 69398
        },
        "2020-08": {
            "month": "2020-08",
            "price": "7.80",
            "revenue": 66335
        },
        "2020-09": {
            "month": "2020-09",
            "price": "8.01",
            "revenue": 70970
        },
        "2020-10": {
            "month": "2020-10",
            "price": "7.96",
            "revenue": 61607
        },
        "2020-11": {
            "month": "2020-11",
            "price": "8.12",
            "revenue": 67753
        },
        "2020-12": {
            "month": "2020-12",
            "price": "9.74",
            "revenue": 100211
        },
        "2021-01": {
            "month": "2021-01",
            "price": "10.47",
            "revenue": 75290
        },
        "2021-02": {
            "month": "2021-02",
            "price": "9.89",
            "revenue": 59276
        },
        "2021-03": {
            "month": "2021-03",
            "price": "10.36",
            "revenue": 72579
        },
        "2021-04": {
            "month": "2021-04",
            "price": "10.93",
            "revenue": 81608
        },
        "2021-05": {
            "month": "2021-05",
            "price": "9.02",
            "revenue": 83454
        },
        "2021-06": {
            "month": "2021-06",
            "price": "9.10",
            "revenue": 72949
        },
        "2021-07": {
            "month": "2021-07",
            "price": "12.49",
            "revenue": 79770
        },
        "2021-08": {
            "month": "2021-08",
            "price": "16.04",
            "revenue": 71152
        },
        "2021-09": {
            "month": "2021-09",
            "price": "14.19",
            "revenue": 116441
        },
        "2021-10": {
            "month": "2021-10",
            "price": "13.30",
            "revenue": 68668
        },
        "2021-11": {
            "month": "2021-11",
            "price": "15.07",
            "revenue": 73855
        },
        "2021-12": {
            "month": "2021-12",
            "price": "16.18",
            "revenue": 86085
        },
        "2022-01": {
            "month": "2022-01",
            "price": "14.99",
            "revenue": 71519
        },
        "2022-02": {
            "month": "2022-02",
            "price": "13.96",
            "revenue": 49173
        },
        "2022-03": {
            "month": "2022-03",
            "price": "13.06",
            "revenue": 136464
        },
        "2022-04": {
            "month": "2022-04",
            "price": "12.83",
            "revenue": 61656
        },
        "2022-05": {
            "month": "2022-05",
            "price": "12.22",
            "revenue": 71184
        },
        "2022-06": {
            "month": "2022-06",
            "price": "12.93",
            "revenue": 160217
        },
        "2022-07": {
            "month": "2022-07",
            "price": "12.66",
            "revenue": 69799
        },
        "2022-08": {
            "month": "2022-08",
            "price": "13.03",
            "revenue": 67205
        },
        "2022-09": {
            "month": "2022-09",
            "price": "11.39",
            "revenue": 71810
        },
        "2022-10": {
            "month": "2022-10",
            "price": "10.03",
            "revenue": 53218
        },
        "2022-11": {
            "month": "2022-11",
            "price": "10.56",
            "revenue": 57012
        },
        "2022-12": {
            "month": "2022-12",
            "price": "10.93",
            "revenue": 69581
        },
        "2023-01": {
            "month": "2023-01",
            "price": "10.24",
            "revenue": 40396
        },
        "2023-02": {
            "month": "2023-02",
            "price": "11.38",
            "revenue": 44483
        },
        "2023-03": {
            "month": "2023-03",
            "price": "11.72",
            "revenue": 102865
        },
        "2023-04": {
            "month": "2023-04",
            "price": "12.28",
            "revenue": 53284
        },
        "2023-05": {
            "month": "2023-05",
            "price": "11.89",
            "revenue": 51199
        },
        "2023-06": {
            "month": "2023-06",
            "price": "11.86",
            "revenue": 48964
        },
        "2023-07": {
            "month": "2023-07",
            "price": "11.07",
            "revenue": 57853
        },
        "2023-08": {
            "month": "2023-08",
            "price": "10.31",
            "revenue": 59225
        },
        "2023-09": {
            "month": "2023-09",
            "price": "10.06",
            "revenue": 118756
        },
        "2023-10": {
            "month": "2023-10",
            "price": "10.07",
            "revenue": 51725
        },
        "2023-11": {
            "month": "2023-11",
            "price": "10.28",
            "revenue": 62638
        },
        "2023-12": {
            "month": "2023-12",
            "price": "10.23",
            "revenue": 74862
        }
    }
}
