{
    "summary": {
        "stock_name": "茂綸",
        "stock_id": "6227",
        "category": "電子通路",
        "main_business": "各種視聽器材各種電子電器零件之進出口貿易買賣業務<br>代理國內外有關廠商經銷代購有關上項產品及進出口業務<br>倉儲業",
        "website_url": "http://www.macnica.com",
        "ceo": "吳偉國",
        "pe_ratio": 7,
        "report_year_from": 2001,
        "report_year_to": 2023,
        "age": 22,
        "eps_negative_percentage": 0,
        "eps_growth_avg": {
            "last_all": 6.71,
            "last_2y": 63.71,
            "last_4y": 37.55,
            "last_8y": 36.08,
            "last_12y": 18.73,
            "last_16y": 11.2,
            "last_20y": null,
            "at_2006_last_3y": -20.71,
            "at_2007_last_3y": -20.36,
            "at_2008_last_3y": -30.78,
            "at_2009_last_3y": -13.29,
            "at_2010_last_3y": -8.54,
            "at_2011_last_3y": -16.26,
            "at_2012_last_3y": -5.71,
            "at_2013_last_3y": -20.3,
            "at_2014_last_3y": 6.6,
            "at_2015_last_3y": 25.78,
            "at_2016_last_3y": 30.25,
            "at_2017_last_3y": 34.24,
            "at_2018_last_3y": 16.36,
            "at_2019_last_3y": 0.6,
            "at_2020_last_3y": 10.42,
            "at_2021_last_3y": 37.77,
            "at_2022_last_3y": 39.82,
            "at_2023_last_3y": 39.82,
            "at_2006_last_all": -20.71,
            "at_2007_last_all": -19.5,
            "at_2008_last_all": -23.74,
            "at_2009_last_all": -15.63,
            "at_2010_last_all": -14.62,
            "at_2011_last_all": -18.06,
            "at_2012_last_all": -16.53,
            "at_2013_last_all": -17.33,
            "at_2014_last_all": -7.55,
            "at_2015_last_all": -4.57,
            "at_2016_last_all": -3.16,
            "at_2017_last_all": -3.58,
            "at_2018_last_all": -1.57,
            "at_2019_last_all": -3.35,
            "at_2020_last_all": -0.14,
            "at_2021_last_all": 5.13,
            "at_2022_last_all": 6.71,
            "at_2023_last_all": 6.71
        },
        "latest_eps": 5.66,
        "latest_price": 41.65,
        "latest_roe": 20.08,
        "latest_gross_margin": 8.6,
        "latest_equity": 2207921,
        "latest_revenue": 3510280,
        "latest_gross_profit": 301883,
        "latest_net_income": 85703,
        "latest_debt_ratio": 75.44,
        "latest_current_ratio": 132.47,
        "latest_account_receivable_turnover_ratio": 0.98,
        "latest_inventory_turnover_ratio": 0.64,
        "latest_reinvestment_rate": 0.77,
        "latest_research_to_sale_ratio": 0.88
    },
    "eps_dividends": {
        "2000": {
            "cash": 0.53,
            "stock": 2.11,
            "eps": 0
        },
        "2001": {
            "cash": 0,
            "stock": 0.5,
            "eps": 0
        },
        "2002": {
            "cash": 3.6,
            "stock": 3,
            "eps": 6.17
        },
        "2003": {
            "cash": 4,
            "stock": 0.4,
            "eps": 5.18
        },
        "2004": {
            "cash": 2.5,
            "stock": 1.5,
            "eps": 5.01
        },
        "2005": {
            "cash": 2.53,
            "stock": 1.01,
            "eps": 3.16
        },
        "2006": {
            "cash": 1.4,
            "stock": 0.75,
            "eps": 2.32
        },
        "2007": {
            "cash": 1.28,
            "stock": 0.32,
            "eps": 1.98
        },
        "2008": {
            "cash": 1.01,
            "stock": 0.4,
            "eps": 1.09
        },
        "2009": {
            "cash": 0.8,
            "stock": 0.2,
            "eps": 1.45
        },
        "2010": {
            "cash": 1,
            "stock": 0,
            "eps": 1.34
        },
        "2011": {
            "cash": 0.8,
            "stock": 0,
            "eps": 0.73
        },
        "2012": {
            "cash": 0.5,
            "stock": 0,
            "eps": 0.71
        },
        "2013": {
            "cash": 0.5,
            "stock": 0,
            "eps": 0.53
        },
        "2014": {
            "cash": 0.4,
            "stock": 0,
            "eps": 1.41
        },
        "2015": {
            "cash": 0.9,
            "stock": 0,
            "eps": 1.85
        },
        "2016": {
            "cash": 1,
            "stock": 0,
            "eps": 2.13
        },
        "2017": {
            "cash": 1,
            "stock": 0,
            "eps": 1.93
        },
        "2018": {
            "cash": 1.1,
            "stock": 0,
            "eps": 2.48
        },
        "2019": {
            "cash": 1.5,
            "stock": 0,
            "eps": 1.69
        },
        "2020": {
            "cash": 1,
            "stock": 0,
            "eps": 2.61
        },
        "2021": {
            "cash": 1.5,
            "stock": 0,
            "eps": 5.56
        },
        "2022": {
            "cash": 3.35,
            "stock": 0,
            "eps": 7.6
        },
        "2023": {
            "cash": 4.3,
            "stock": 0,
            "eps": 1.75
        }
    },
    "dividends": {
        "2000-06-26": {
            "cash": 0.53,
            "stock": 2.11
        },
        "2001-07-16": {
            "cash": 0,
            "stock": 0.5
        },
        "2002-06-06": {
            "cash": 3.6,
            "stock": 3
        },
        "2003-06-27": {
            "cash": 4,
            "stock": 0.4
        },
        "2004-03-26": {
            "cash": 2.5,
            "stock": 1.5
        },
        "2005-03-18": {
            "cash": 2.53,
            "stock": 1.01
        },
        "2006-03-24": {
            "cash": 1.4,
            "stock": 0.75
        },
        "2007-03-23": {
            "cash": 1.28,
            "stock": 0.32
        },
        "2008-03-25": {
            "cash": 1.01,
            "stock": 0.4
        },
        "2009-03-27": {
            "cash": 0.8,
            "stock": 0.2
        },
        "2010-06-01": {
            "cash": 1,
            "stock": 0
        },
        "2011-03-22": {
            "cash": 0.8,
            "stock": 0
        },
        "2012-06-12": {
            "cash": 0.5,
            "stock": 0
        },
        "2013-06-11": {
            "cash": 0.5,
            "stock": 0
        },
        "2014-09-18": {
            "cash": 0.4,
            "stock": 0
        },
        "2015-09-18": {
            "cash": 0.9,
            "stock": 0
        },
        "2016-09-23": {
            "cash": 1,
            "stock": 0
        },
        "2017-03-21": {
            "cash": 1,
            "stock": 0
        },
        "2018-03-20": {
            "cash": 1.1,
            "stock": 0
        },
        "2019-09-12": {
            "cash": 1.5,
            "stock": 0
        },
        "2020-09-15": {
            "cash": 1,
            "stock": 0
        },
        "2021-08-25": {
            "cash": 1.5,
            "stock": 0
        },
        "2022-09-16": {
            "cash": 3.35,
            "stock": 0
        },
        "2023-09-15": {
            "cash": 4.3,
            "stock": 0
        }
    },
    "prices": {
        "200101": "無",
        "200102": "無",
        "200103": "無",
        "200104": "無",
        "200105": "無",
        "200106": "無",
        "200107": "無",
        "200108": "無",
        "200109": "無",
        "200110": "無",
        "200111": "無",
        "200112": "無",
        "200201": "無",
        "200202": "無",
        "200203": "無",
        "200204": "無",
        "200205": "無",
        "200206": "無",
        "200207": "無",
        "200208": "無",
        "200209": "無",
        "200210": "無",
        "200211": "無",
        "200212": "無",
        "200301": "60.05",
        "200302": "54.84",
        "200303": "49.30",
        "200304": "47.30",
        "200305": "45.85",
        "200306": "55.40",
        "200307": "57.96",
        "200308": "59.90",
        "200309": "53.02",
        "200310": "52.91",
        "200311": "53.98",
        "200312": "55.17",
        "200401": "55.83",
        "200402": "59.68",
        "200403": "58.87",
        "200404": "58.09",
        "200405": "48.38",
        "200406": "47.06",
        "200407": "41.17",
        "200408": "34.19",
        "200409": "33.19",
        "200410": "33.95",
        "200411": "33.71",
        "200412": "32.97",
        "200501": "34.46",
        "200502": "38.50",
        "200503": "37.58",
        "200504": "35.11",
        "200505": "32.69",
        "200506": "33.31",
        "200507": "34.88",
        "200508": "27.28",
        "200509": "24.74",
        "200510": "22.39",
        "200511": "22.40",
        "200512": "25.45",
        "200601": "26.52",
        "200602": "25.93",
        "200603": "24.46",
        "200604": "25.02",
        "200605": "25.95",
        "200606": "23.31",
        "200607": "22.85",
        "200608": "21.54",
        "200609": "19.53",
        "200610": "19.64",
        "200611": "19.59",
        "200612": "20.31",
        "200701": "20.71",
        "200702": "19.75",
        "200703": "20.14",
        "200704": "22.72",
        "200705": "22.01",
        "200706": "24.05",
        "200707": "26.98",
        "200708": "22.92",
        "200709": "21.24",
        "200710": "20.19",
        "200711": "17.24",
        "200712": "15.73",
        "200801": "15.22",
        "200802": "14.90",
        "200803": "15.70",
        "200804": "16.49",
        "200805": "16.04",
        "200806": "15.20",
        "200807": "14.20",
        "200808": "13.71",
        "200809": "10.10",
        "200810": "7.91",
        "200811": "8.35",
        "200812": "9.39",
        "200901": "9.22",
        "200902": "9.40",
        "200903": "10.05",
        "200904": "11.89",
        "200905": "13.02",
        "200906": "12.72",
        "200907": "13.04",
        "200908": "13.46",
        "200909": "13.41",
        "200910": "14.39",
        "200911": "13.96",
        "200912": "16.39",
        "201001": "16.79",
        "201002": "16.89",
        "201003": "16.95",
        "201004": "20.09",
        "201005": "18.70",
        "201006": "18.27",
        "201007": "19.26",
        "201008": "21.38",
        "201009": "22.19",
        "201010": "18.72",
        "201011": "17.20",
        "201012": "18.40",
        "201101": "18.14",
        "201102": "17.12",
        "201103": "16.54",
        "201104": "16.14",
        "201105": "15.33",
        "201106": "14.35",
        "201107": "13.95",
        "201108": "12.48",
        "201109": "12.25",
        "201110": "11.84",
        "201111": "11.00",
        "201112": "10.02",
        "201201": "9.98",
        "201202": "11.37",
        "201203": "12.07",
        "201204": "11.68",
        "201205": "11.34",
        "201206": "11.45",
        "201207": "11.25",
        "201208": "10.77",
        "201209": "12.59",
        "201210": "12.17",
        "201211": "11.00",
        "201212": "11.19",
        "201301": "11.33",
        "201302": "11.41",
        "201303": "11.46",
        "201304": "11.78",
        "201305": "11.67",
        "201306": "11.27",
        "201307": "11.05",
        "201308": "10.87",
        "201309": "10.41",
        "201310": "11.02",
        "201311": "11.37",
        "201312": "12.49",
        "201401": "13.33",
        "201402": "14.23",
        "201403": "15.35",
        "201404": "15.85",
        "201405": "15.94",
        "201406": "16.51",
        "201407": "16.35",
        "201408": "16.81",
        "201409": "19.33",
        "201410": "17.87",
        "201411": "16.29",
        "201412": "15.46",
        "201501": "15.53",
        "201502": "15.27",
        "201503": "15.22",
        "201504": "16.22",
        "201505": "15.14",
        "201506": "14.80",
        "201507": "15.29",
        "201508": "13.38",
        "201509": "13.59",
        "201510": "17.65",
        "201511": "18.26",
        "201512": "17.35",
        "201601": "16.72",
        "201602": "22.47",
        "201603": "34.95",
        "201604": "42.92",
        "201605": "38.26",
        "201606": "32.60",
        "201607": "30.94",
        "201608": "30.78",
        "201609": "26.14",
        "201610": "25.16",
        "201611": "20.37",
        "201612": "20.60",
        "201701": "23.57",
        "201702": "22.29",
        "201703": "22.94",
        "201704": "21.22",
        "201705": "21.20",
        "201706": "21.86",
        "201707": "21.23",
        "201708": "20.04",
        "201709": "19.45",
        "201710": "19.35",
        "201711": "19.67",
        "201712": "20.16",
        "201801": "20.52",
        "201802": "19.16",
        "201803": "19.36",
        "201804": "22.55",
        "201805": "21.85",
        "201806": "22.75",
        "201807": "24.08",
        "201808": "24.92",
        "201809": "23.46",
        "201810": "20.59",
        "201811": "21.94",
        "201812": "22.77",
        "201901": "22.10",
        "201902": "22.47",
        "201903": "25.08",
        "201904": "28.68",
        "201905": "24.39",
        "201906": "22.90",
        "201907": "24.22",
        "201908": "23.23",
        "201909": "22.47",
        "201910": "22.19",
        "201911": "22.50",
        "201912": "22.90",
        "202001": "23.00",
        "202002": "21.75",
        "202003": "17.43",
        "202004": "17.93",
        "202005": "21.34",
        "202006": "22.41",
        "202007": "24.36",
        "202008": "27.61",
        "202009": "32.85",
        "202010": "34.98",
        "202011": "32.28",
        "202012": "28.24",
        "202101": "27.08",
        "202102": "27.20",
        "202103": "29.91",
        "202104": "31.65",
        "202105": "28.38",
        "202106": "29.35",
        "202107": "30.44",
        "202108": "31.59",
        "202109": "38.67",
        "202110": "30.54",
        "202111": "33.58",
        "202112": "38.26",
        "202201": "35.18",
        "202202": "35.58",
        "202203": "38.72",
        "202204": "37.62",
        "202205": "37.19",
        "202206": "38.81",
        "202207": "35.83",
        "202208": "39.57",
        "202209": "38.55",
        "202210": "36.76",
        "202211": "39.46",
        "202212": "39.91",
        "202301": "41.96",
        "202302": "44.53",
        "202303": "48.72",
        "202304": "49.36",
        "202305": "43.98",
        "202306": "43.36",
        "202307": "44.47",
        "202308": "44.23",
        "202309": "41.18"
    },
    "quarters": {
        "20011": {
            "year_quarter": 20011,
            "year": 2001,
            "quarter": 1,
            "eps": null,
            "eps_growth_year": null,
            "eps_4q": null,
            "eps_4q_growth_year": null,
            "roe": null,
            "roe_4q": 0,
            "gross_profit": null,
            "gross_margin": null,
            "gross_margin_4q_avg": 0,
            "net_income": null,
            "revenue": null,
            "common_shares": null,
            "book_valuer_per_share": null,
            "book_valuer_per_share_4q_avg": 0,
            "equity": null,
            "current_ratio": null,
            "debt_ratio": null,
            "inventory_turnover_ratio": null,
            "account_receivable_turnover_ratio": null,
            "reinvestment_rate": null,
            "research_to_sale_ratio": null,
            "price_fair": 0,
            "eps_avg_yearly": 0,
            "eps_latest_yearly": 0,
            "eps_growth_yearly": 0
        },
        "20012": {
            "year_quarter": 20012,
            "year": 2001,
            "quarter": 2,
            "eps": null,
            "eps_growth_year": null,
            "eps_4q": null,
            "eps_4q_growth_year": null,
            "roe": null,
            "roe_4q": 0,
            "gross_profit": null,
            "gross_margin": null,
            "gross_margin_4q_avg": 0,
            "net_income": null,
            "revenue": null,
            "common_shares": null,
            "book_valuer_per_share": null,
            "book_valuer_per_share_4q_avg": 0,
            "equity": null,
            "current_ratio": null,
            "debt_ratio": null,
            "inventory_turnover_ratio": null,
            "account_receivable_turnover_ratio": null,
            "reinvestment_rate": null,
            "research_to_sale_ratio": null,
            "price_fair": 0,
            "eps_avg_yearly": 0,
            "eps_latest_yearly": 0,
            "eps_growth_yearly": 0
        },
        "20013": {
            "year_quarter": 20013,
            "year": 2001,
            "quarter": 3,
            "eps": null,
            "eps_growth_year": null,
            "eps_4q": null,
            "eps_4q_growth_year": null,
            "roe": null,
            "roe_4q": 0,
            "gross_profit": null,
            "gross_margin": null,
            "gross_margin_4q_avg": 0,
            "net_income": null,
            "revenue": null,
            "common_shares": null,
            "book_valuer_per_share": null,
            "book_valuer_per_share_4q_avg": 0,
            "equity": null,
            "current_ratio": null,
            "debt_ratio": null,
            "inventory_turnover_ratio": null,
            "account_receivable_turnover_ratio": null,
            "reinvestment_rate": null,
            "research_to_sale_ratio": null,
            "price_fair": 0,
            "eps_avg_yearly": 0,
            "eps_latest_yearly": 0,
            "eps_growth_yearly": 0
        },
        "20014": {
            "year_quarter": 20014,
            "year": 2001,
            "quarter": 4,
            "eps": null,
            "eps_growth_year": null,
            "eps_4q": null,
            "eps_4q_growth_year": null,
            "roe": null,
            "roe_4q": 0,
            "gross_profit": null,
            "gross_margin": null,
            "gross_margin_4q_avg": 0,
            "net_income": null,
            "revenue": null,
            "common_shares": 339450,
            "book_valuer_per_share": 21.17,
            "book_valuer_per_share_4q_avg": 5.29,
            "equity": 718628,
            "current_ratio": 247.95,
            "debt_ratio": 40.7,
            "inventory_turnover_ratio": null,
            "account_receivable_turnover_ratio": null,
            "reinvestment_rate": null,
            "research_to_sale_ratio": null,
            "price_fair": 0,
            "eps_avg_yearly": 0,
            "eps_latest_yearly": 0,
            "eps_growth_yearly": 0
        },
        "20021": {
            "year_quarter": 20021,
            "year": 2002,
            "quarter": 1,
            "eps": 1.86,
            "eps_growth_year": null,
            "eps_4q": null,
            "eps_4q_growth_year": null,
            "roe": 8.42,
            "roe_4q": 8.42,
            "gross_profit": 118100,
            "gross_margin": 24.31,
            "gross_margin_4q_avg": 6.08,
            "net_income": 63193,
            "revenue": 485767,
            "common_shares": 339450,
            "book_valuer_per_share": 23.03,
            "book_valuer_per_share_4q_avg": 11.05,
            "equity": 781841,
            "current_ratio": 199.47,
            "debt_ratio": 49.75,
            "inventory_turnover_ratio": 0.89,
            "account_receivable_turnover_ratio": null,
            "reinvestment_rate": null,
            "research_to_sale_ratio": null,
            "price_fair": 0,
            "eps_avg_yearly": 0,
            "eps_latest_yearly": 0,
            "eps_growth_yearly": 0
        },
        "20022": {
            "year_quarter": 20022,
            "year": 2002,
            "quarter": 2,
            "eps": 1.59,
            "eps_growth_year": null,
            "eps_4q": null,
            "eps_4q_growth_year": null,
            "roe": 9.52,
            "roe_4q": 17.939999999999998,
            "gross_profit": 123787,
            "gross_margin": 24.65,
            "gross_margin_4q_avg": 12.24,
            "net_income": 71003,
            "revenue": 502267,
            "common_shares": 339450,
            "book_valuer_per_share": 20.91,
            "book_valuer_per_share_4q_avg": 16.28,
            "equity": 709835,
            "current_ratio": 204.63,
            "debt_ratio": 48.53,
            "inventory_turnover_ratio": 0.81,
            "account_receivable_turnover_ratio": null,
            "reinvestment_rate": null,
            "research_to_sale_ratio": null,
            "price_fair": 19.08,
            "eps_avg_yearly": 6.36,
            "eps_latest_yearly": 6.36,
            "eps_growth_yearly": -58.06
        },
        "20023": {
            "year_quarter": 20023,
            "year": 2002,
            "quarter": 3,
            "eps": 1.58,
            "eps_growth_year": null,
            "eps_4q": null,
            "eps_4q_growth_year": null,
            "roe": 9.44,
            "roe_4q": 27.380000000000003,
            "gross_profit": 121124,
            "gross_margin": 27.36,
            "gross_margin_4q_avg": 19.08,
            "net_income": 70551,
            "revenue": 442650,
            "common_shares": 446285,
            "book_valuer_per_share": 17.59,
            "book_valuer_per_share_4q_avg": 20.68,
            "equity": 785171,
            "current_ratio": 192.68,
            "debt_ratio": 48.81,
            "inventory_turnover_ratio": 0.64,
            "account_receivable_turnover_ratio": null,
            "reinvestment_rate": null,
            "research_to_sale_ratio": null,
            "price_fair": 19.02,
            "eps_avg_yearly": 6.34,
            "eps_latest_yearly": 6.32,
            "eps_growth_yearly": -30.29
        },
        "20024": {
            "year_quarter": 20024,
            "year": 2002,
            "quarter": 4,
            "eps": 1.14,
            "eps_growth_year": null,
            "eps_4q": 5.73,
            "eps_4q_growth_year": null,
            "roe": 6.27,
            "roe_4q": 33.65,
            "gross_profit": 106263,
            "gross_margin": 22.32,
            "gross_margin_4q_avg": 24.66,
            "net_income": 50822,
            "revenue": 476139,
            "common_shares": 446285,
            "book_valuer_per_share": 18.72,
            "book_valuer_per_share_4q_avg": 20.06,
            "equity": 835491,
            "current_ratio": 250.89,
            "debt_ratio": 40.64,
            "inventory_turnover_ratio": 0.65,
            "account_receivable_turnover_ratio": null,
            "reinvestment_rate": null,
            "research_to_sale_ratio": null,
            "price_fair": 17.24,
            "eps_avg_yearly": 5.75,
            "eps_latest_yearly": 4.56,
            "eps_growth_yearly": -57.32
        },
        "20031": {
            "year_quarter": 20031,
            "year": 2003,
            "quarter": 1,
            "eps": 1.2,
            "eps_growth_year": -35.48,
            "eps_4q": 5.5,
            "eps_4q_growth_year": null,
            "roe": 6.23,
            "roe_4q": 31.459999999999997,
            "gross_profit": 111137,
            "gross_margin": 22.97,
            "gross_margin_4q_avg": 24.33,
            "net_income": 53688,
            "revenue": 483739,
            "common_shares": 446285,
            "book_valuer_per_share": 19.92,
            "book_valuer_per_share_4q_avg": 19.29,
            "equity": 889179,
            "current_ratio": 213.4,
            "debt_ratio": 44.3,
            "inventory_turnover_ratio": 0.64,
            "account_receivable_turnover_ratio": null,
            "reinvestment_rate": null,
            "research_to_sale_ratio": null,
            "price_fair": 16.53,
            "eps_avg_yearly": 5.51,
            "eps_latest_yearly": 4.8,
            "eps_growth_yearly": -37.73
        },
        "20032": {
            "year_quarter": 20032,
            "year": 2003,
            "quarter": 2,
            "eps": 1.12,
            "eps_growth_year": -29.56,
            "eps_4q": 4.88,
            "eps_4q_growth_year": null,
            "roe": 6.38,
            "roe_4q": 28.32,
            "gross_profit": 120070,
            "gross_margin": 21.9,
            "gross_margin_4q_avg": 23.64,
            "net_income": 52110,
            "revenue": 548359,
            "common_shares": 446285,
            "book_valuer_per_share": 16.69,
            "book_valuer_per_share_4q_avg": 18.23,
            "equity": 744705,
            "current_ratio": 166.27,
            "debt_ratio": 56.89,
            "inventory_turnover_ratio": 0.74,
            "account_receivable_turnover_ratio": null,
            "reinvestment_rate": null,
            "research_to_sale_ratio": null,
            "price_fair": 15.91,
            "eps_avg_yearly": 5.3,
            "eps_latest_yearly": 4.48,
            "eps_growth_yearly": -35.52
        },
        "20033": {
            "year_quarter": 20033,
            "year": 2003,
            "quarter": 3,
            "eps": 1.6,
            "eps_growth_year": 1.27,
            "eps_4q": 4.96,
            "eps_4q_growth_year": null,
            "roe": 9.56,
            "roe_4q": 28.44,
            "gross_profit": 129109,
            "gross_margin": 20.27,
            "gross_margin_4q_avg": 21.87,
            "net_income": 74659,
            "revenue": 636851,
            "common_shares": 466636,
            "book_valuer_per_share": 17.51,
            "book_valuer_per_share_4q_avg": 18.21,
            "equity": 816999,
            "current_ratio": 189.16,
            "debt_ratio": 49.99,
            "inventory_turnover_ratio": 0.8,
            "account_receivable_turnover_ratio": null,
            "reinvestment_rate": null,
            "research_to_sale_ratio": null,
            "price_fair": 16.46,
            "eps_avg_yearly": 5.49,
            "eps_latest_yearly": 6.4,
            "eps_growth_yearly": -1.03
        },
        "20034": {
            "year_quarter": 20034,
            "year": 2003,
            "quarter": 4,
            "eps": 1.26,
            "eps_growth_year": 10.53,
            "eps_4q": 5.12,
            "eps_4q_growth_year": -10.73,
            "roe": 6.96,
            "roe_4q": 29.13,
            "gross_profit": 133461,
            "gross_margin": 20.66,
            "gross_margin_4q_avg": 21.45,
            "net_income": 58942,
            "revenue": 645917,
            "common_shares": 466636,
            "book_valuer_per_share": 18.78,
            "book_valuer_per_share_4q_avg": 18.23,
            "equity": 876447,
            "current_ratio": 231.4,
            "debt_ratio": 43.46,
            "inventory_turnover_ratio": 0.81,
            "account_receivable_turnover_ratio": null,
            "reinvestment_rate": null,
            "research_to_sale_ratio": null,
            "price_fair": 16.27,
            "eps_avg_yearly": 5.42,
            "eps_latest_yearly": 5.04,
            "eps_growth_yearly": -13.02
        },
        "20041": {
            "year_quarter": 20041,
            "year": 2004,
            "quarter": 1,
            "eps": 1.63,
            "eps_growth_year": 35.83,
            "eps_4q": 5.6,
            "eps_4q_growth_year": 1.89,
            "roe": 8.34,
            "roe_4q": 31.24,
            "gross_profit": 129509,
            "gross_margin": 21.39,
            "gross_margin_4q_avg": 21.06,
            "net_income": 76178,
            "revenue": 605399,
            "common_shares": 466636,
            "book_valuer_per_share": 20.36,
            "book_valuer_per_share_4q_avg": 18.34,
            "equity": 949874,
            "current_ratio": 222.21,
            "debt_ratio": 42.71,
            "inventory_turnover_ratio": 0.78,
            "account_receivable_turnover_ratio": null,
            "reinvestment_rate": null,
            "research_to_sale_ratio": null,
            "price_fair": 73.88,
            "eps_avg_yearly": 5.56,
            "eps_latest_yearly": 6.52,
            "eps_growth_yearly": 3.29
        },
        "20042": {
            "year_quarter": 20042,
            "year": 2004,
            "quarter": 2,
            "eps": 0.99,
            "eps_growth_year": -11.61,
            "eps_4q": 4.78,
            "eps_4q_growth_year": -2.1,
            "roe": 6.03,
            "roe_4q": 30.89,
            "gross_profit": 142041,
            "gross_margin": 21.48,
            "gross_margin_4q_avg": 20.95,
            "net_income": 54799,
            "revenue": 661201,
            "common_shares": 466636,
            "book_valuer_per_share": 18.58,
            "book_valuer_per_share_4q_avg": 18.81,
            "equity": 867232,
            "current_ratio": 170.02,
            "debt_ratio": 55.81,
            "inventory_turnover_ratio": 0.75,
            "account_receivable_turnover_ratio": null,
            "reinvestment_rate": null,
            "research_to_sale_ratio": null,
            "price_fair": 16.15,
            "eps_avg_yearly": 5.38,
            "eps_latest_yearly": 3.96,
            "eps_growth_yearly": -14.53
        },
        "20043": {
            "year_quarter": 20043,
            "year": 2004,
            "quarter": 3,
            "eps": 1.25,
            "eps_growth_year": -21.88,
            "eps_4q": 4.66,
            "eps_4q_growth_year": -5.91,
            "roe": 7.71,
            "roe_4q": 29.04,
            "gross_profit": 131745,
            "gross_margin": 22.58,
            "gross_margin_4q_avg": 21.53,
            "net_income": 69544,
            "revenue": 583500,
            "common_shares": 555232,
            "book_valuer_per_share": 16.88,
            "book_valuer_per_share_4q_avg": 18.65,
            "equity": 937392,
            "current_ratio": 188.92,
            "debt_ratio": 50.2,
            "inventory_turnover_ratio": 0.53,
            "account_receivable_turnover_ratio": null,
            "reinvestment_rate": null,
            "research_to_sale_ratio": null,
            "price_fair": 16.03,
            "eps_avg_yearly": 5.34,
            "eps_latest_yearly": 5,
            "eps_growth_yearly": -2.57
        },
        "20044": {
            "year_quarter": 20044,
            "year": 2004,
            "quarter": 4,
            "eps": 1.14,
            "eps_growth_year": -9.52,
            "eps_4q": 4.75,
            "eps_4q_growth_year": -7.17,
            "roe": 6.54,
            "roe_4q": 28.62,
            "gross_profit": 130871,
            "gross_margin": 21.16,
            "gross_margin_4q_avg": 21.65,
            "net_income": 63308,
            "revenue": 618446,
            "common_shares": 558564,
            "book_valuer_per_share": 17.88,
            "book_valuer_per_share_4q_avg": 18.43,
            "equity": 998568,
            "current_ratio": 301.68,
            "debt_ratio": 43.87,
            "inventory_turnover_ratio": 0.54,
            "account_receivable_turnover_ratio": null,
            "reinvestment_rate": null,
            "research_to_sale_ratio": null,
            "price_fair": 15.82,
            "eps_avg_yearly": 5.27,
            "eps_latest_yearly": 4.56,
            "eps_growth_yearly": -5.54
        },
        "20051": {
            "year_quarter": 20051,
            "year": 2005,
            "quarter": 1,
            "eps": 0.85,
            "eps_growth_year": -47.85,
            "eps_4q": 4.22,
            "eps_4q_growth_year": -24.75,
            "roe": 4.44,
            "roe_4q": 24.720000000000002,
            "gross_profit": 110588,
            "gross_margin": 18.62,
            "gross_margin_4q_avg": 20.96,
            "net_income": 47372,
            "revenue": 593925,
            "common_shares": 583695,
            "book_valuer_per_share": 19.47,
            "book_valuer_per_share_4q_avg": 18.2,
            "equity": 1136224,
            "current_ratio": 304.81,
            "debt_ratio": 36.81,
            "inventory_turnover_ratio": 0.56,
            "account_receivable_turnover_ratio": null,
            "reinvestment_rate": null,
            "research_to_sale_ratio": null,
            "price_fair": 15.35,
            "eps_avg_yearly": 5.12,
            "eps_latest_yearly": 3.4,
            "eps_growth_yearly": -13.55
        },
        "20052": {
            "year_quarter": 20052,
            "year": 2005,
            "quarter": 2,
            "eps": 0.56,
            "eps_growth_year": -43.43,
            "eps_4q": 3.31,
            "eps_4q_growth_year": -30.72,
            "roe": 3.44,
            "roe_4q": 22.130000000000003,
            "gross_profit": 102941,
            "gross_margin": 17.13,
            "gross_margin_4q_avg": 19.87,
            "net_income": 36678,
            "revenue": 601107,
            "common_shares": 583695,
            "book_valuer_per_share": 17.11,
            "book_valuer_per_share_4q_avg": 17.84,
            "equity": 998743,
            "current_ratio": 232.34,
            "debt_ratio": 46.29,
            "inventory_turnover_ratio": 0.61,
            "account_receivable_turnover_ratio": null,
            "reinvestment_rate": null,
            "research_to_sale_ratio": null,
            "price_fair": 14.69,
            "eps_avg_yearly": 4.9,
            "eps_latest_yearly": 2.24,
            "eps_growth_yearly": -23.01
        },
        "20053": {
            "year_quarter": 20053,
            "year": 2005,
            "quarter": 3,
            "eps": 0.88,
            "eps_growth_year": -29.6,
            "eps_4q": 3.12,
            "eps_4q_growth_year": -33.05,
            "roe": 5.61,
            "roe_4q": 20.03,
            "gross_profit": 105884,
            "gross_margin": 14.85,
            "gross_margin_4q_avg": 17.94,
            "net_income": 57835,
            "revenue": 713214,
            "common_shares": 662482,
            "book_valuer_per_share": 16.02,
            "book_valuer_per_share_4q_avg": 17.62,
            "equity": 1061303,
            "current_ratio": 304.32,
            "debt_ratio": 37.15,
            "inventory_turnover_ratio": 0.79,
            "account_receivable_turnover_ratio": null,
            "reinvestment_rate": null,
            "research_to_sale_ratio": null,
            "price_fair": 14.39,
            "eps_avg_yearly": 4.8,
            "eps_latest_yearly": 3.52,
            "eps_growth_yearly": -5.04
        },
        "20054": {
            "year_quarter": 20054,
            "year": 2005,
            "quarter": 4,
            "eps": 0.87,
            "eps_growth_year": -23.68,
            "eps_4q": 3.01,
            "eps_4q_growth_year": -36.63,
            "roe": 5.29,
            "roe_4q": 18.78,
            "gross_profit": 137696,
            "gross_margin": 18.81,
            "gross_margin_4q_avg": 17.35,
            "net_income": 57668,
            "revenue": 732214,
            "common_shares": 662482,
            "book_valuer_per_share": 16.88,
            "book_valuer_per_share_4q_avg": 17.37,
            "equity": 1118081,
            "current_ratio": 286.27,
            "debt_ratio": 40.38,
            "inventory_turnover_ratio": 0.72,
            "account_receivable_turnover_ratio": null,
            "reinvestment_rate": 0.82,
            "research_to_sale_ratio": null,
            "price_fair": 14.13,
            "eps_avg_yearly": 4.71,
            "eps_latest_yearly": 3.48,
            "eps_growth_yearly": -5.01
        },
        "20061": {
            "year_quarter": 20061,
            "year": 2006,
            "quarter": 1,
            "eps": 0.71,
            "eps_growth_year": -16.47,
            "eps_4q": 3,
            "eps_4q_growth_year": -28.87,
            "roe": 4.14,
            "roe_4q": 18.48,
            "gross_profit": 117589,
            "gross_margin": 17.28,
            "gross_margin_4q_avg": 17.02,
            "net_income": 47188,
            "revenue": 680331,
            "common_shares": 662482,
            "book_valuer_per_share": 17.57,
            "book_valuer_per_share_4q_avg": 16.9,
            "equity": 1164312,
            "current_ratio": 374.2,
            "debt_ratio": 31.38,
            "inventory_turnover_ratio": 0.67,
            "account_receivable_turnover_ratio": null,
            "reinvestment_rate": 0.56,
            "research_to_sale_ratio": null,
            "price_fair": 13.78,
            "eps_avg_yearly": 4.59,
            "eps_latest_yearly": 2.84,
            "eps_growth_yearly": -9.29
        },
        "20062": {
            "year_quarter": 20062,
            "year": 2006,
            "quarter": 2,
            "eps": 0.4,
            "eps_growth_year": -28.57,
            "eps_4q": 2.87,
            "eps_4q_growth_year": -13.33,
            "roe": 2.35,
            "roe_4q": 17.39,
            "gross_profit": 119872,
            "gross_margin": 17.61,
            "gross_margin_4q_avg": 17.14,
            "net_income": 26345,
            "revenue": 680623,
            "common_shares": 662482,
            "book_valuer_per_share": 16.2,
            "book_valuer_per_share_4q_avg": 16.67,
            "equity": 1073344,
            "current_ratio": 282.44,
            "debt_ratio": 41.1,
            "inventory_turnover_ratio": 0.69,
            "account_receivable_turnover_ratio": null,
            "reinvestment_rate": 0.56,
            "research_to_sale_ratio": null,
            "price_fair": 12.89,
            "eps_avg_yearly": 4.3,
            "eps_latest_yearly": 1.6,
            "eps_growth_yearly": -16.58
        },
        "20063": {
            "year_quarter": 20063,
            "year": 2006,
            "quarter": 3,
            "eps": 0.61,
            "eps_growth_year": -30.68,
            "eps_4q": 2.42,
            "eps_4q_growth_year": -22.57,
            "roe": 4.04,
            "roe_4q": 15.82,
            "gross_profit": 89463,
            "gross_margin": 11.92,
            "gross_margin_4q_avg": 16.41,
            "net_income": 44280,
            "revenue": 750438,
            "common_shares": 722610,
            "book_valuer_per_share": 15.5,
            "book_valuer_per_share_4q_avg": 16.54,
            "equity": 1119829,
            "current_ratio": 313.53,
            "debt_ratio": 37.74,
            "inventory_turnover_ratio": 0.82,
            "account_receivable_turnover_ratio": null,
            "reinvestment_rate": 0.34,
            "research_to_sale_ratio": null,
            "price_fair": 12.16,
            "eps_avg_yearly": 4.05,
            "eps_latest_yearly": 2.44,
            "eps_growth_yearly": -3.3
        },
        "20064": {
            "year_quarter": 20064,
            "year": 2006,
            "quarter": 4,
            "eps": 0.6,
            "eps_growth_year": -31.03,
            "eps_4q": 2.24,
            "eps_4q_growth_year": -25.62,
            "roe": 3.75,
            "roe_4q": 14.280000000000001,
            "gross_profit": 87803,
            "gross_margin": 12.91,
            "gross_margin_4q_avg": 14.93,
            "net_income": 43120,
            "revenue": 679882,
            "common_shares": 722610,
            "book_valuer_per_share": 16.07,
            "book_valuer_per_share_4q_avg": 16.34,
            "equity": 1177879,
            "current_ratio": 295.35,
            "debt_ratio": 35.88,
            "inventory_turnover_ratio": 0.77,
            "account_receivable_turnover_ratio": null,
            "reinvestment_rate": 0.9,
            "research_to_sale_ratio": null,
            "price_fair": 51.93,
            "eps_avg_yearly": 3.92,
            "eps_latest_yearly": 2.4,
            "eps_growth_yearly": 3.26
        },
        "20071": {
            "year_quarter": 20071,
            "year": 2007,
            "quarter": 1,
            "eps": 0.51,
            "eps_growth_year": -28.17,
            "eps_4q": 2.09,
            "eps_4q_growth_year": -30.32,
            "roe": 3.09,
            "roe_4q": 13.229999999999999,
            "gross_profit": 90134,
            "gross_margin": 15.06,
            "gross_margin_4q_avg": 14.38,
            "net_income": 36713,
            "revenue": 598587,
            "common_shares": 722610,
            "book_valuer_per_share": 16.6,
            "book_valuer_per_share_4q_avg": 16.09,
            "equity": 1199434,
            "current_ratio": 307.13,
            "debt_ratio": 32.87,
            "inventory_turnover_ratio": 0.73,
            "account_receivable_turnover_ratio": null,
            "reinvestment_rate": -0.19,
            "research_to_sale_ratio": null,
            "price_fair": 11.24,
            "eps_avg_yearly": 3.75,
            "eps_latest_yearly": 2.04,
            "eps_growth_yearly": -1.81
        },
        "20072": {
            "year_quarter": 20072,
            "year": 2007,
            "quarter": 2,
            "eps": 0.55,
            "eps_growth_year": 37.5,
            "eps_4q": 2.28,
            "eps_4q_growth_year": -20.62,
            "roe": 3.4,
            "roe_4q": 14.280000000000001,
            "gross_profit": 87125,
            "gross_margin": 13.81,
            "gross_margin_4q_avg": 13.43,
            "net_income": 39498,
            "revenue": 631044,
            "common_shares": 722610,
            "book_valuer_per_share": 15.56,
            "book_valuer_per_share_4q_avg": 15.93,
            "equity": 1124248,
            "current_ratio": 201.68,
            "debt_ratio": 48.72,
            "inventory_turnover_ratio": 0.67,
            "account_receivable_turnover_ratio": null,
            "reinvestment_rate": -0.81,
            "research_to_sale_ratio": null,
            "price_fair": 42.57,
            "eps_avg_yearly": 3.6,
            "eps_latest_yearly": 2.2,
            "eps_growth_yearly": 1.82
        },
        "20073": {
            "year_quarter": 20073,
            "year": 2007,
            "quarter": 3,
            "eps": 0.49,
            "eps_growth_year": -19.67,
            "eps_4q": 2.07,
            "eps_4q_growth_year": -14.36,
            "roe": 3.24,
            "roe_4q": 13.48,
            "gross_profit": 81504,
            "gross_margin": 11.58,
            "gross_margin_4q_avg": 13.34,
            "net_income": 36999,
            "revenue": 703967,
            "common_shares": 752975,
            "book_valuer_per_share": 15.42,
            "book_valuer_per_share_4q_avg": 15.91,
            "equity": 1161321,
            "current_ratio": 212.65,
            "debt_ratio": 46.14,
            "inventory_turnover_ratio": 0.65,
            "account_receivable_turnover_ratio": null,
            "reinvestment_rate": -1.16,
            "research_to_sale_ratio": null,
            "price_fair": 9.98,
            "eps_avg_yearly": 3.33,
            "eps_latest_yearly": 1.96,
            "eps_growth_yearly": -11.62
        },
        "20074": {
            "year_quarter": 20074,
            "year": 2007,
            "quarter": 4,
            "eps": 0.43,
            "eps_growth_year": -28.33,
            "eps_4q": 1.93,
            "eps_4q_growth_year": -13.65,
            "roe": 2.73,
            "roe_4q": 12.46,
            "gross_profit": 83933,
            "gross_margin": 12.37,
            "gross_margin_4q_avg": 13.21,
            "net_income": 32374,
            "revenue": 678510,
            "common_shares": 752975,
            "book_valuer_per_share": 15.84,
            "book_valuer_per_share_4q_avg": 15.86,
            "equity": 1209683,
            "current_ratio": 236.7,
            "debt_ratio": 43.31,
            "inventory_turnover_ratio": 0.6,
            "account_receivable_turnover_ratio": null,
            "reinvestment_rate": -1.12,
            "research_to_sale_ratio": null,
            "price_fair": 9.35,
            "eps_avg_yearly": 3.12,
            "eps_latest_yearly": 1.72,
            "eps_growth_yearly": -9.37
        },
        "20081": {
            "year_quarter": 20081,
            "year": 2008,
            "quarter": 1,
            "eps": 0.13,
            "eps_growth_year": -74.51,
            "eps_4q": 1.45,
            "eps_4q_growth_year": -30.46,
            "roe": 0.87,
            "roe_4q": 10.24,
            "gross_profit": 81535,
            "gross_margin": 12.14,
            "gross_margin_4q_avg": 12.48,
            "net_income": 10609,
            "revenue": 671665,
            "common_shares": 752975,
            "book_valuer_per_share": 15.88,
            "book_valuer_per_share_4q_avg": 15.68,
            "equity": 1218723,
            "current_ratio": 491.95,
            "debt_ratio": 21.94,
            "inventory_turnover_ratio": 0.68,
            "account_receivable_turnover_ratio": null,
            "reinvestment_rate": -2.21,
            "research_to_sale_ratio": null,
            "price_fair": 8.23,
            "eps_avg_yearly": 2.74,
            "eps_latest_yearly": 0.52,
            "eps_growth_yearly": -34.16
        },
        "20082": {
            "year_quarter": 20082,
            "year": 2008,
            "quarter": 2,
            "eps": 0.33,
            "eps_growth_year": -40,
            "eps_4q": 1.27,
            "eps_4q_growth_year": -44.04,
            "roe": 2.27,
            "roe_4q": 9.11,
            "gross_profit": 95247,
            "gross_margin": 12.01,
            "gross_margin_4q_avg": 12.03,
            "net_income": 26916,
            "revenue": 793375,
            "common_shares": 752975,
            "book_valuer_per_share": 15.01,
            "book_valuer_per_share_4q_avg": 15.54,
            "equity": 1155447,
            "current_ratio": 229.28,
            "debt_ratio": 44.5,
            "inventory_turnover_ratio": 1.02,
            "account_receivable_turnover_ratio": null,
            "reinvestment_rate": -2.29,
            "research_to_sale_ratio": null,
            "price_fair": 62.17,
            "eps_avg_yearly": 2.58,
            "eps_latest_yearly": 1.32,
            "eps_growth_yearly": 14.12
        },
        "20083": {
            "year_quarter": 20083,
            "year": 2008,
            "quarter": 3,
            "eps": 0.34,
            "eps_growth_year": -30.61,
            "eps_4q": 1.14,
            "eps_4q_growth_year": -44.86,
            "roe": 2.39,
            "roe_4q": 8.26,
            "gross_profit": 76953,
            "gross_margin": 13.12,
            "gross_margin_4q_avg": 12.41,
            "net_income": 27971,
            "revenue": 586630,
            "common_shares": 784886,
            "book_valuer_per_share": 14.71,
            "book_valuer_per_share_4q_avg": 15.36,
            "equity": 1182555,
            "current_ratio": 270.56,
            "debt_ratio": 37.7,
            "inventory_turnover_ratio": 0.71,
            "account_receivable_turnover_ratio": null,
            "reinvestment_rate": -2.31,
            "research_to_sale_ratio": null,
            "price_fair": 43.04,
            "eps_avg_yearly": 2.35,
            "eps_latest_yearly": 1.36,
            "eps_growth_yearly": 8.31
        },
        "20084": {
            "year_quarter": 20084,
            "year": 2008,
            "quarter": 4,
            "eps": 0.29,
            "eps_growth_year": -32.56,
            "eps_4q": 1.1,
            "eps_4q_growth_year": -43.05,
            "roe": 1.88,
            "roe_4q": 7.409999999999999,
            "gross_profit": 89752,
            "gross_margin": 19.55,
            "gross_margin_4q_avg": 14.21,
            "net_income": 22229,
            "revenue": 459080,
            "common_shares": 784885,
            "book_valuer_per_share": 14.64,
            "book_valuer_per_share_4q_avg": 15.06,
            "equity": 1176516,
            "current_ratio": 698.35,
            "debt_ratio": 15.9,
            "inventory_turnover_ratio": 0.59,
            "account_receivable_turnover_ratio": 3.23,
            "reinvestment_rate": -1.54,
            "research_to_sale_ratio": null,
            "price_fair": 35.99,
            "eps_avg_yearly": 2.14,
            "eps_latest_yearly": 1.16,
            "eps_growth_yearly": 6.84
        },
        "20091": {
            "year_quarter": 20091,
            "year": 2009,
            "quarter": 1,
            "eps": 0.26,
            "eps_growth_year": 100,
            "eps_4q": 1.35,
            "eps_4q_growth_year": -6.83,
            "roe": 1.52,
            "roe_4q": 8.06,
            "gross_profit": 66593,
            "gross_margin": 14.77,
            "gross_margin_4q_avg": 14.86,
            "net_income": 18048,
            "revenue": 450766,
            "common_shares": 743976,
            "book_valuer_per_share": 15.75,
            "book_valuer_per_share_4q_avg": 15.03,
            "equity": 1198985,
            "current_ratio": 536.24,
            "debt_ratio": 19.97,
            "inventory_turnover_ratio": 0.73,
            "account_receivable_turnover_ratio": 1.6,
            "reinvestment_rate": -1.8,
            "research_to_sale_ratio": null,
            "price_fair": 41.02,
            "eps_avg_yearly": 1.99,
            "eps_latest_yearly": 1.04,
            "eps_growth_yearly": 10.61
        },
        "20092": {
            "year_quarter": 20092,
            "year": 2009,
            "quarter": 2,
            "eps": 0.12,
            "eps_growth_year": -63.64,
            "eps_4q": 0.95,
            "eps_4q_growth_year": -25.59,
            "roe": 0.84,
            "roe_4q": 6.630000000000001,
            "gross_profit": 73591,
            "gross_margin": 13.37,
            "gross_margin_4q_avg": 15.2,
            "net_income": 9840,
            "revenue": 550589,
            "common_shares": 743976,
            "book_valuer_per_share": 15.05,
            "book_valuer_per_share_4q_avg": 15.04,
            "equity": 1147448,
            "current_ratio": 297.04,
            "debt_ratio": 34.27,
            "inventory_turnover_ratio": 0.87,
            "account_receivable_turnover_ratio": 1.79,
            "reinvestment_rate": -1.81,
            "research_to_sale_ratio": null,
            "price_fair": 29.48,
            "eps_avg_yearly": 1.88,
            "eps_latest_yearly": 0.48,
            "eps_growth_yearly": 5.68
        },
        "20093": {
            "year_quarter": 20093,
            "year": 2009,
            "quarter": 3,
            "eps": 0.31,
            "eps_growth_year": -8.82,
            "eps_4q": 0.92,
            "eps_4q_growth_year": -19.6,
            "roe": 2.16,
            "roe_4q": 6.3999999999999995,
            "gross_profit": 86538,
            "gross_margin": 14.61,
            "gross_margin_4q_avg": 15.58,
            "net_income": 25036,
            "revenue": 592502,
            "common_shares": 761118,
            "book_valuer_per_share": 14.99,
            "book_valuer_per_share_4q_avg": 15.11,
            "equity": 1169652,
            "current_ratio": 388.25,
            "debt_ratio": 25.97,
            "inventory_turnover_ratio": 0.97,
            "account_receivable_turnover_ratio": 1.73,
            "reinvestment_rate": -2.19,
            "research_to_sale_ratio": null,
            "price_fair": 60.81,
            "eps_avg_yearly": 1.74,
            "eps_latest_yearly": 1.24,
            "eps_growth_yearly": 30.98
        },
        "20094": {
            "year_quarter": 20094,
            "year": 2009,
            "quarter": 4,
            "eps": 0.76,
            "eps_growth_year": 162.07,
            "eps_4q": 1.44,
            "eps_4q_growth_year": 30.46,
            "roe": 5.07,
            "roe_4q": 9.59,
            "gross_profit": 90323,
            "gross_margin": 14.75,
            "gross_margin_4q_avg": 14.38,
            "net_income": 60835,
            "revenue": 612502,
            "common_shares": 761118,
            "book_valuer_per_share": 15.74,
            "book_valuer_per_share_4q_avg": 15.38,
            "equity": 1229464,
            "current_ratio": 410.23,
            "debt_ratio": 25.42,
            "inventory_turnover_ratio": 1.11,
            "account_receivable_turnover_ratio": 3.36,
            "reinvestment_rate": 22.57,
            "research_to_sale_ratio": null,
            "price_fair": 59.85,
            "eps_avg_yearly": 1.71,
            "eps_latest_yearly": 3.04,
            "eps_growth_yearly": 67.55
        },
        "20101": {
            "year_quarter": 20101,
            "year": 2010,
            "quarter": 1,
            "eps": 0.51,
            "eps_growth_year": 95.96,
            "eps_4q": 1.69,
            "eps_4q_growth_year": 24.96,
            "roe": 3.38,
            "roe_4q": 11.45,
            "gross_profit": 108500,
            "gross_margin": 15.66,
            "gross_margin_4q_avg": 14.6,
            "net_income": 42249,
            "revenue": 692642,
            "common_shares": 761118,
            "book_valuer_per_share": 16.25,
            "book_valuer_per_share_4q_avg": 15.51,
            "equity": 1270896,
            "current_ratio": 406.52,
            "debt_ratio": 25.69,
            "inventory_turnover_ratio": 1.24,
            "account_receivable_turnover_ratio": 1.8,
            "reinvestment_rate": 25.62,
            "research_to_sale_ratio": 2.07,
            "price_fair": 58.1,
            "eps_avg_yearly": 1.66,
            "eps_latest_yearly": 2.04,
            "eps_growth_yearly": 63.92
        },
        "20102": {
            "year_quarter": 20102,
            "year": 2010,
            "quarter": 2,
            "eps": 0.36,
            "eps_growth_year": 200.28,
            "eps_4q": 1.94,
            "eps_4q_growth_year": 104.38,
            "roe": 2.44,
            "roe_4q": 13.05,
            "gross_profit": 89959,
            "gross_margin": 12.58,
            "gross_margin_4q_avg": 14.4,
            "net_income": 30548,
            "revenue": 715118,
            "common_shares": 761118,
            "book_valuer_per_share": 15.64,
            "book_valuer_per_share_4q_avg": 15.66,
            "equity": 1228054,
            "current_ratio": 299.32,
            "debt_ratio": 33.91,
            "inventory_turnover_ratio": 1.22,
            "account_receivable_turnover_ratio": 1.68,
            "reinvestment_rate": 28.13,
            "research_to_sale_ratio": 2.39,
            "price_fair": 57.75,
            "eps_avg_yearly": 1.65,
            "eps_latest_yearly": 1.44,
            "eps_growth_yearly": 67.49
        },
        "20103": {
            "year_quarter": 20103,
            "year": 2010,
            "quarter": 3,
            "eps": 0.34,
            "eps_growth_year": 10.78,
            "eps_4q": 1.98,
            "eps_4q_growth_year": 115.33,
            "roe": 2.37,
            "roe_4q": 13.260000000000002,
            "gross_profit": 97022,
            "gross_margin": 13.67,
            "gross_margin_4q_avg": 14.17,
            "net_income": 29372,
            "revenue": 709551,
            "common_shares": 761118,
            "book_valuer_per_share": 15.93,
            "book_valuer_per_share_4q_avg": 15.89,
            "equity": 1252729,
            "current_ratio": 291.78,
            "debt_ratio": 34.85,
            "inventory_turnover_ratio": 1.02,
            "account_receivable_turnover_ratio": 1.63,
            "reinvestment_rate": 30.58,
            "research_to_sale_ratio": 1.58,
            "price_fair": 55.39,
            "eps_avg_yearly": 1.58,
            "eps_latest_yearly": 1.36,
            "eps_growth_yearly": 52.97
        },
        "20104": {
            "year_quarter": 20104,
            "year": 2010,
            "quarter": 4,
            "eps": 0.13,
            "eps_growth_year": -82.94,
            "eps_4q": 1.34,
            "eps_4q_growth_year": -6.52,
            "roe": 1.02,
            "roe_4q": 9.21,
            "gross_profit": 78601,
            "gross_margin": 12.92,
            "gross_margin_4q_avg": 13.71,
            "net_income": 12842,
            "revenue": 608439,
            "common_shares": 761118,
            "book_valuer_per_share": 15.94,
            "book_valuer_per_share_4q_avg": 15.94,
            "equity": 1253404,
            "current_ratio": 408.47,
            "debt_ratio": 24.45,
            "inventory_turnover_ratio": 0.86,
            "account_receivable_turnover_ratio": 1.61,
            "reinvestment_rate": 31.75,
            "research_to_sale_ratio": 0.95,
            "price_fair": 51.28,
            "eps_avg_yearly": 1.47,
            "eps_latest_yearly": 0.52,
            "eps_growth_yearly": 37.94
        },
        "20111": {
            "year_quarter": 20111,
            "year": 2011,
            "quarter": 1,
            "eps": 0.18,
            "eps_growth_year": -64.67,
            "eps_4q": 1.02,
            "eps_4q_growth_year": -39.96,
            "roe": 1.17,
            "roe_4q": 7,
            "gross_profit": 76282,
            "gross_margin": 12.41,
            "gross_margin_4q_avg": 12.9,
            "net_income": 14565,
            "revenue": 614532,
            "common_shares": 761118,
            "book_valuer_per_share": 16.11,
            "book_valuer_per_share_4q_avg": 15.91,
            "equity": 1226360,
            "current_ratio": 330.85,
            "debt_ratio": 30.34,
            "inventory_turnover_ratio": 0.89,
            "account_receivable_turnover_ratio": 1.74,
            "reinvestment_rate": 34.62,
            "research_to_sale_ratio": 1.53,
            "price_fair": 48.39,
            "eps_avg_yearly": 1.38,
            "eps_latest_yearly": 0.72,
            "eps_growth_yearly": 51.31
        },
        "20112": {
            "year_quarter": 20112,
            "year": 2011,
            "quarter": 2,
            "eps": 0.2,
            "eps_growth_year": -45.13,
            "eps_4q": 0.85,
            "eps_4q_growth_year": -55.98,
            "roe": 1.25,
            "roe_4q": 5.8100000000000005,
            "gross_profit": 81663,
            "gross_margin": 12.56,
            "gross_margin_4q_avg": 12.89,
            "net_income": 15043,
            "revenue": 650095,
            "common_shares": 761118,
            "book_valuer_per_share": 15.47,
            "book_valuer_per_share_4q_avg": 15.86,
            "equity": 1177589,
            "current_ratio": 256.95,
            "debt_ratio": 38.92,
            "inventory_turnover_ratio": 0.83,
            "account_receivable_turnover_ratio": 1.66,
            "reinvestment_rate": 37.73,
            "research_to_sale_ratio": 1.64,
            "price_fair": 45.33,
            "eps_avg_yearly": 1.3,
            "eps_latest_yearly": 0.8,
            "eps_growth_yearly": 52.12
        },
        "20113": {
            "year_quarter": 20113,
            "year": 2011,
            "quarter": 3,
            "eps": 0.12,
            "eps_growth_year": -65.24,
            "eps_4q": 0.63,
            "eps_4q_growth_year": -68.15,
            "roe": 0.77,
            "roe_4q": 4.21,
            "gross_profit": 77231,
            "gross_margin": 12.53,
            "gross_margin_4q_avg": 12.61,
            "net_income": 9088,
            "revenue": 616249,
            "common_shares": 761118,
            "book_valuer_per_share": 15.71,
            "book_valuer_per_share_4q_avg": 15.81,
            "equity": 1195411,
            "current_ratio": 263.84,
            "debt_ratio": 38.03,
            "inventory_turnover_ratio": 0.72,
            "account_receivable_turnover_ratio": 1.5,
            "reinvestment_rate": 44.65,
            "research_to_sale_ratio": 1.71,
            "price_fair": 42.09,
            "eps_avg_yearly": 1.2,
            "eps_latest_yearly": 0.48,
            "eps_growth_yearly": 44.85
        },
        "20114": {
            "year_quarter": 20114,
            "year": 2011,
            "quarter": 4,
            "eps": 0.23,
            "eps_growth_year": 74.3,
            "eps_4q": 0.73,
            "eps_4q_growth_year": -45.96,
            "roe": 1.43,
            "roe_4q": 4.62,
            "gross_profit": 94995,
            "gross_margin": 15.59,
            "gross_margin_4q_avg": 13.27,
            "net_income": 17208,
            "revenue": 609265,
            "common_shares": 761118,
            "book_valuer_per_share": 15.9,
            "book_valuer_per_share_4q_avg": 15.8,
            "equity": 1210067,
            "current_ratio": 312.39,
            "debt_ratio": 32.63,
            "inventory_turnover_ratio": 0.76,
            "account_receivable_turnover_ratio": 1.47,
            "reinvestment_rate": 48.63,
            "research_to_sale_ratio": 1.97,
            "price_fair": 40.34,
            "eps_avg_yearly": 1.15,
            "eps_latest_yearly": 0.92,
            "eps_growth_yearly": 70.83
        },
        "20121": {
            "year_quarter": 20121,
            "year": 2012,
            "quarter": 1,
            "eps": 0.15,
            "eps_growth_year": -16.67,
            "eps_4q": 0.7,
            "eps_4q_growth_year": -31.36,
            "roe": 0.97,
            "roe_4q": 4.42,
            "gross_profit": 74534,
            "gross_margin": 12.83,
            "gross_margin_4q_avg": 13.38,
            "net_income": 11749,
            "revenue": 580932,
            "common_shares": 761118,
            "book_valuer_per_share": 15.99,
            "book_valuer_per_share_4q_avg": 15.77,
            "equity": 1216658,
            "current_ratio": 389.36,
            "debt_ratio": 26.59,
            "inventory_turnover_ratio": 0.86,
            "account_receivable_turnover_ratio": 1.36,
            "reinvestment_rate": 51.16,
            "research_to_sale_ratio": 1.94,
            "price_fair": 40.51,
            "eps_avg_yearly": 1.16,
            "eps_latest_yearly": 0.6,
            "eps_growth_yearly": 79.58
        },
        "20122": {
            "year_quarter": 20122,
            "year": 2012,
            "quarter": 2,
            "eps": 0.44,
            "eps_growth_year": 122.87,
            "eps_4q": 0.94,
            "eps_4q_growth_year": 10.19,
            "roe": 2.76,
            "roe_4q": 5.93,
            "gross_profit": 107664,
            "gross_margin": 15.25,
            "gross_margin_4q_avg": 14.05,
            "net_income": 33538,
            "revenue": 705909,
            "common_shares": 761118,
            "book_valuer_per_share": 15.96,
            "book_valuer_per_share_4q_avg": 15.89,
            "equity": 1214545,
            "current_ratio": 243.37,
            "debt_ratio": 41.56,
            "inventory_turnover_ratio": 0.83,
            "account_receivable_turnover_ratio": 1.43,
            "reinvestment_rate": 55.57,
            "research_to_sale_ratio": 1.85,
            "price_fair": 41.48,
            "eps_avg_yearly": 1.19,
            "eps_latest_yearly": 1.76,
            "eps_growth_yearly": 89.45
        },
        "20123": {
            "year_quarter": 20123,
            "year": 2012,
            "quarter": 3,
            "eps": 0.1,
            "eps_growth_year": -16.2,
            "eps_4q": 0.92,
            "eps_4q_growth_year": 46.34,
            "roe": 0.63,
            "roe_4q": 5.789999999999999,
            "gross_profit": 77101,
            "gross_margin": 12.04,
            "gross_margin_4q_avg": 13.93,
            "net_income": 7615,
            "revenue": 640289,
            "common_shares": 761118,
            "book_valuer_per_share": 16,
            "book_valuer_per_share_4q_avg": 15.96,
            "equity": 1217727,
            "current_ratio": 304.04,
            "debt_ratio": 33.67,
            "inventory_turnover_ratio": 0.65,
            "account_receivable_turnover_ratio": 1.25,
            "reinvestment_rate": 59.18,
            "research_to_sale_ratio": 2.06,
            "price_fair": 39.38,
            "eps_avg_yearly": 1.13,
            "eps_latest_yearly": 0.4,
            "eps_growth_yearly": 69.37
        },
        "20124": {
            "year_quarter": 20124,
            "year": 2012,
            "quarter": 4,
            "eps": 0.02,
            "eps_growth_year": -89.66,
            "eps_4q": 0.72,
            "eps_4q_growth_year": -1.01,
            "roe": 0.15,
            "roe_4q": 4.51,
            "gross_profit": 66258,
            "gross_margin": 11.08,
            "gross_margin_4q_avg": 12.8,
            "net_income": 1778,
            "revenue": 598194,
            "common_shares": 761118,
            "book_valuer_per_share": 16,
            "book_valuer_per_share_4q_avg": 15.99,
            "equity": 1217546,
            "current_ratio": 428.27,
            "debt_ratio": 24.42,
            "inventory_turnover_ratio": 0.69,
            "account_receivable_turnover_ratio": 1.27,
            "reinvestment_rate": 62.16,
            "research_to_sale_ratio": 2.21,
            "price_fair": 37.01,
            "eps_avg_yearly": 1.06,
            "eps_latest_yearly": 0.08,
            "eps_growth_yearly": 53.05
        },
        "20131": {
            "year_quarter": 20131,
            "year": 2013,
            "quarter": 1,
            "eps": -0.08,
            "eps_growth_year": -153.33,
            "eps_4q": 0.49,
            "eps_4q_growth_year": -30.22,
            "roe": -0.48,
            "roe_4q": 3.0599999999999996,
            "gross_profit": 53130,
            "gross_margin": 9.09,
            "gross_margin_4q_avg": 11.87,
            "net_income": -5885,
            "revenue": 584631,
            "common_shares": 761118,
            "book_valuer_per_share": 15.96,
            "book_valuer_per_share_4q_avg": 15.98,
            "equity": 1214506,
            "current_ratio": 310.05,
            "debt_ratio": 32.94,
            "inventory_turnover_ratio": 0.71,
            "account_receivable_turnover_ratio": 1.19,
            "reinvestment_rate": -2.25,
            "research_to_sale_ratio": 2.04,
            "price_fair": 37.05,
            "eps_avg_yearly": 1.06,
            "eps_latest_yearly": 0.08,
            "eps_growth_yearly": 59.34
        },
        "20132": {
            "year_quarter": 20132,
            "year": 2013,
            "quarter": 2,
            "eps": 0.12,
            "eps_growth_year": -72.77,
            "eps_4q": 0.17,
            "eps_4q_growth_year": -82.4,
            "roe": 0.76,
            "roe_4q": 1.06,
            "gross_profit": 80576,
            "gross_margin": 11.63,
            "gross_margin_4q_avg": 10.96,
            "net_income": 9089,
            "revenue": 692941,
            "common_shares": 761118,
            "book_valuer_per_share": 15.59,
            "book_valuer_per_share_4q_avg": 15.89,
            "equity": 1186845,
            "current_ratio": 283.75,
            "debt_ratio": 35.86,
            "inventory_turnover_ratio": 0.76,
            "account_receivable_turnover_ratio": 1.22,
            "reinvestment_rate": -1.92,
            "research_to_sale_ratio": 2.33,
            "price_fair": 38.5,
            "eps_avg_yearly": 1.1,
            "eps_latest_yearly": 0.08,
            "eps_growth_yearly": 78.97
        },
        "20133": {
            "year_quarter": 20133,
            "year": 2013,
            "quarter": 3,
            "eps": 0.17,
            "eps_growth_year": 69.92,
            "eps_4q": 0.23,
            "eps_4q_growth_year": -74.67,
            "roe": 1.07,
            "roe_4q": 1.5,
            "gross_profit": 88071,
            "gross_margin": 11.09,
            "gross_margin_4q_avg": 10.72,
            "net_income": 12773,
            "revenue": 794110,
            "common_shares": 761118,
            "book_valuer_per_share": 15.72,
            "book_valuer_per_share_4q_avg": 15.82,
            "equity": 1196452,
            "current_ratio": 283.05,
            "debt_ratio": 35.93,
            "inventory_turnover_ratio": 0.85,
            "account_receivable_turnover_ratio": 1.26,
            "reinvestment_rate": -1.8,
            "research_to_sale_ratio": 1.57,
            "price_fair": 37.1,
            "eps_avg_yearly": 1.06,
            "eps_latest_yearly": 0.68,
            "eps_growth_yearly": 45.63
        },
        "20134": {
            "year_quarter": 20134,
            "year": 2013,
            "quarter": 4,
            "eps": 0.32,
            "eps_growth_year": 1264.93,
            "eps_4q": 0.53,
            "eps_4q_growth_year": -26.4,
            "roe": 2.01,
            "roe_4q": 3.36,
            "gross_profit": 95064,
            "gross_margin": 10.18,
            "gross_margin_4q_avg": 10.5,
            "net_income": 24268,
            "revenue": 934246,
            "common_shares": 761118,
            "book_valuer_per_share": 16.06,
            "book_valuer_per_share_4q_avg": 15.83,
            "equity": 1222301,
            "current_ratio": 329.81,
            "debt_ratio": 31.23,
            "inventory_turnover_ratio": 1.11,
            "account_receivable_turnover_ratio": 1.36,
            "reinvestment_rate": -51.28,
            "research_to_sale_ratio": 1.16,
            "price_fair": 32.7,
            "eps_avg_yearly": 0.93,
            "eps_latest_yearly": 1.28,
            "eps_growth_yearly": 29.37
        },
        "20141": {
            "year_quarter": 20141,
            "year": 2014,
            "quarter": 1,
            "eps": 0.23,
            "eps_growth_year": null,
            "eps_4q": 0.84,
            "eps_4q_growth_year": 71.92,
            "roe": 1.42,
            "roe_4q": 5.26,
            "gross_profit": 92843,
            "gross_margin": 9.97,
            "gross_margin_4q_avg": 10.72,
            "net_income": 17561,
            "revenue": 931544,
            "common_shares": 761118,
            "book_valuer_per_share": 16.36,
            "book_valuer_per_share_4q_avg": 15.93,
            "equity": 1245220,
            "current_ratio": 231.17,
            "debt_ratio": 43.74,
            "inventory_turnover_ratio": 1.07,
            "account_receivable_turnover_ratio": 1.24,
            "reinvestment_rate": -61.42,
            "research_to_sale_ratio": 1.11,
            "price_fair": 29.9,
            "eps_avg_yearly": 0.85,
            "eps_latest_yearly": 0.92,
            "eps_growth_yearly": 30.73
        },
        "20142": {
            "year_quarter": 20142,
            "year": 2014,
            "quarter": 2,
            "eps": 0.4,
            "eps_growth_year": 233.33,
            "eps_4q": 1.12,
            "eps_4q_growth_year": 575.21,
            "roe": 2.45,
            "roe_4q": 6.95,
            "gross_profit": 113993,
            "gross_margin": 11.04,
            "gross_margin_4q_avg": 10.57,
            "net_income": 30455,
            "revenue": 1032301,
            "common_shares": 761118,
            "book_valuer_per_share": 16.3,
            "book_valuer_per_share_4q_avg": 16.11,
            "equity": 1240389,
            "current_ratio": 234,
            "debt_ratio": 43.3,
            "inventory_turnover_ratio": 1.06,
            "account_receivable_turnover_ratio": 1.27,
            "reinvestment_rate": -65.68,
            "research_to_sale_ratio": 1.28,
            "price_fair": 30.3,
            "eps_avg_yearly": 0.87,
            "eps_latest_yearly": 1.6,
            "eps_growth_yearly": 60.25
        },
        "20143": {
            "year_quarter": 20143,
            "year": 2014,
            "quarter": 3,
            "eps": 0.34,
            "eps_growth_year": 100,
            "eps_4q": 1.29,
            "eps_4q_growth_year": 451.87,
            "roe": 2.05,
            "roe_4q": 7.93,
            "gross_profit": 103985,
            "gross_margin": 8.33,
            "gross_margin_4q_avg": 9.88,
            "net_income": 25701,
            "revenue": 1248573,
            "common_shares": 761118,
            "book_valuer_per_share": 16.69,
            "book_valuer_per_share_4q_avg": 16.35,
            "equity": 1270606,
            "current_ratio": 206.29,
            "debt_ratio": 48.95,
            "inventory_turnover_ratio": 1.28,
            "account_receivable_turnover_ratio": 1.28,
            "reinvestment_rate": -68.18,
            "research_to_sale_ratio": 1.15,
            "price_fair": 30.3,
            "eps_avg_yearly": 0.87,
            "eps_latest_yearly": 1.36,
            "eps_growth_yearly": 57.56
        },
        "20144": {
            "year_quarter": 20144,
            "year": 2014,
            "quarter": 4,
            "eps": 0.44,
            "eps_growth_year": 37.58,
            "eps_4q": 1.41,
            "eps_4q_growth_year": 166.13,
            "roe": 2.58,
            "roe_4q": 8.5,
            "gross_profit": 117500,
            "gross_margin": 10.86,
            "gross_margin_4q_avg": 10.05,
            "net_income": 33387,
            "revenue": 1082296,
            "common_shares": 761118,
            "book_valuer_per_share": 17.25,
            "book_valuer_per_share_4q_avg": 16.65,
            "equity": 1312564,
            "current_ratio": 232.42,
            "debt_ratio": 43.79,
            "inventory_turnover_ratio": 0.99,
            "account_receivable_turnover_ratio": 1.07,
            "reinvestment_rate": -61.52,
            "research_to_sale_ratio": 1.48,
            "price_fair": 33.4,
            "eps_avg_yearly": 0.95,
            "eps_latest_yearly": 1.76,
            "eps_growth_yearly": 83.61
        },
        "20151": {
            "year_quarter": 20151,
            "year": 2015,
            "quarter": 1,
            "eps": 0.33,
            "eps_growth_year": 43.48,
            "eps_4q": 1.5,
            "eps_4q_growth_year": 79.53,
            "roe": 1.87,
            "roe_4q": 8.95,
            "gross_profit": 102390,
            "gross_margin": 11.94,
            "gross_margin_4q_avg": 10.54,
            "net_income": 24802,
            "revenue": 857512,
            "common_shares": 761118,
            "book_valuer_per_share": 17.53,
            "book_valuer_per_share_4q_avg": 16.94,
            "equity": 1334588,
            "current_ratio": 193.44,
            "debt_ratio": 52.1,
            "inventory_turnover_ratio": 0.62,
            "account_receivable_turnover_ratio": 0.95,
            "reinvestment_rate": -59.95,
            "research_to_sale_ratio": 1.66,
            "price_fair": 34.9,
            "eps_avg_yearly": 1,
            "eps_latest_yearly": 1.32,
            "eps_growth_yearly": 65.47
        },
        "20152": {
            "year_quarter": 20152,
            "year": 2015,
            "quarter": 2,
            "eps": 0.38,
            "eps_growth_year": -5,
            "eps_4q": 1.48,
            "eps_4q_growth_year": 32.45,
            "roe": 2.19,
            "roe_4q": 8.690000000000001,
            "gross_profit": 114265,
            "gross_margin": 9.54,
            "gross_margin_4q_avg": 10.17,
            "net_income": 28764,
            "revenue": 1198058,
            "common_shares": 761118,
            "book_valuer_per_share": 16.96,
            "book_valuer_per_share_4q_avg": 17.11,
            "equity": 1290935,
            "current_ratio": 183.68,
            "debt_ratio": 54.85,
            "inventory_turnover_ratio": 0.78,
            "account_receivable_turnover_ratio": 1.19,
            "reinvestment_rate": -57.99,
            "research_to_sale_ratio": 1.23,
            "price_fair": 36.7,
            "eps_avg_yearly": 1.05,
            "eps_latest_yearly": 1.52,
            "eps_growth_yearly": 66.63
        },
        "20153": {
            "year_quarter": 20153,
            "year": 2015,
            "quarter": 3,
            "eps": 0.54,
            "eps_growth_year": 58.82,
            "eps_4q": 1.68,
            "eps_4q_growth_year": 30.31,
            "roe": 3.08,
            "roe_4q": 9.719999999999999,
            "gross_profit": 147514,
            "gross_margin": 9.12,
            "gross_margin_4q_avg": 10.37,
            "net_income": 40728,
            "revenue": 1617612,
            "common_shares": 761118,
            "book_valuer_per_share": 17.74,
            "book_valuer_per_share_4q_avg": 17.37,
            "equity": 1350553,
            "current_ratio": 164.76,
            "debt_ratio": 61.2,
            "inventory_turnover_ratio": 1.06,
            "account_receivable_turnover_ratio": 1.16,
            "reinvestment_rate": -56.05,
            "research_to_sale_ratio": 0.96,
            "price_fair": 40.9,
            "eps_avg_yearly": 1.17,
            "eps_latest_yearly": 2.16,
            "eps_growth_yearly": 90.09
        },
        "20154": {
            "year_quarter": 20154,
            "year": 2015,
            "quarter": 4,
            "eps": 0.6,
            "eps_growth_year": 35.81,
            "eps_4q": 1.83,
            "eps_4q_growth_year": 30.37,
            "roe": 3.31,
            "roe_4q": 10.45,
            "gross_profit": 152688,
            "gross_margin": 7.89,
            "gross_margin_4q_avg": 9.62,
            "net_income": 45342,
            "revenue": 1934629,
            "common_shares": 761118,
            "book_valuer_per_share": 18.29,
            "book_valuer_per_share_4q_avg": 17.63,
            "equity": 1391836,
            "current_ratio": 147.6,
            "debt_ratio": 68.07,
            "inventory_turnover_ratio": 1,
            "account_receivable_turnover_ratio": 1.15,
            "reinvestment_rate": -53.91,
            "research_to_sale_ratio": 0.88,
            "price_fair": 44.6,
            "eps_avg_yearly": 1.27,
            "eps_latest_yearly": 2.4,
            "eps_growth_yearly": 67.07
        },
        "20161": {
            "year_quarter": 20161,
            "year": 2016,
            "quarter": 1,
            "eps": 1.23,
            "eps_growth_year": 272.73,
            "eps_4q": 2.74,
            "eps_4q_growth_year": 82.36,
            "roe": 6.53,
            "roe_4q": 15.11,
            "gross_profit": 209039,
            "gross_margin": 7.81,
            "gross_margin_4q_avg": 8.59,
            "net_income": 93686,
            "revenue": 2677229,
            "common_shares": 761118,
            "book_valuer_per_share": 19.42,
            "book_valuer_per_share_4q_avg": 18.1,
            "equity": 1478320,
            "current_ratio": 139.44,
            "debt_ratio": 71.97,
            "inventory_turnover_ratio": 1.16,
            "account_receivable_turnover_ratio": 1.23,
            "reinvestment_rate": -44.15,
            "research_to_sale_ratio": 0.68,
            "price_fair": 55.4,
            "eps_avg_yearly": 1.58,
            "eps_latest_yearly": 4.92,
            "eps_growth_yearly": 107.01
        },
        "20162": {
            "year_quarter": 20162,
            "year": 2016,
            "quarter": 2,
            "eps": 0.54,
            "eps_growth_year": 42.11,
            "eps_4q": 2.9,
            "eps_4q_growth_year": 96.2,
            "roe": 2.82,
            "roe_4q": 15.74,
            "gross_profit": 145754,
            "gross_margin": 6.75,
            "gross_margin_4q_avg": 7.89,
            "net_income": 41271,
            "revenue": 2160182,
            "common_shares": 761118,
            "book_valuer_per_share": 18.98,
            "book_valuer_per_share_4q_avg": 18.61,
            "equity": 1444743,
            "current_ratio": 146.43,
            "debt_ratio": 68.67,
            "inventory_turnover_ratio": 0.95,
            "account_receivable_turnover_ratio": 0.92,
            "reinvestment_rate": -47.69,
            "research_to_sale_ratio": 0.78,
            "price_fair": 56.4,
            "eps_avg_yearly": 1.61,
            "eps_latest_yearly": 2.16,
            "eps_growth_yearly": 35.74
        },
        "20163": {
            "year_quarter": 20163,
            "year": 2016,
            "quarter": 3,
            "eps": 0.18,
            "eps_growth_year": -66.67,
            "eps_4q": 2.19,
            "eps_4q_growth_year": 30.32,
            "roe": -0.97,
            "roe_4q": 11.690000000000001,
            "gross_profit": 62887,
            "gross_margin": 3.9,
            "gross_margin_4q_avg": 6.59,
            "net_income": -13911,
            "revenue": 1613405,
            "common_shares": 761118,
            "book_valuer_per_share": 18.67,
            "book_valuer_per_share_4q_avg": 18.84,
            "equity": 1421228,
            "current_ratio": 154.34,
            "debt_ratio": 65.25,
            "inventory_turnover_ratio": 0.77,
            "account_receivable_turnover_ratio": 0.91,
            "reinvestment_rate": -50.3,
            "research_to_sale_ratio": 0.87,
            "price_fair": 57.2,
            "eps_avg_yearly": 1.63,
            "eps_latest_yearly": 0.72,
            "eps_growth_yearly": 38.77
        },
        "20164": {
            "year_quarter": 20164,
            "year": 2016,
            "quarter": 4,
            "eps": 0.18,
            "eps_growth_year": -70.51,
            "eps_4q": 1.77,
            "eps_4q_growth_year": -3.74,
            "roe": 0.93,
            "roe_4q": 9.31,
            "gross_profit": 112289,
            "gross_margin": 6.99,
            "gross_margin_4q_avg": 6.36,
            "net_income": 13373,
            "revenue": 1606485,
            "common_shares": 761118,
            "book_valuer_per_share": 18.96,
            "book_valuer_per_share_4q_avg": 19.01,
            "equity": 1442727,
            "current_ratio": 153.07,
            "debt_ratio": 65.8,
            "inventory_turnover_ratio": 0.84,
            "account_receivable_turnover_ratio": 1.03,
            "reinvestment_rate": -49.39,
            "research_to_sale_ratio": 1,
            "price_fair": 58.8,
            "eps_avg_yearly": 1.68,
            "eps_latest_yearly": 0.72,
            "eps_growth_yearly": 61.63
        },
        "20171": {
            "year_quarter": 20171,
            "year": 2017,
            "quarter": 1,
            "eps": 0.58,
            "eps_growth_year": -52.85,
            "eps_4q": 1.12,
            "eps_4q_growth_year": -59.16,
            "roe": 3.05,
            "roe_4q": 5.83,
            "gross_profit": 131929,
            "gross_margin": 9.37,
            "gross_margin_4q_avg": 6.75,
            "net_income": 44419,
            "revenue": 1407314,
            "common_shares": 761118,
            "book_valuer_per_share": 19.3,
            "book_valuer_per_share_4q_avg": 18.98,
            "equity": 1469248,
            "current_ratio": 166.65,
            "debt_ratio": 60.67,
            "inventory_turnover_ratio": 0.69,
            "account_receivable_turnover_ratio": 0.92,
            "reinvestment_rate": -0.19,
            "research_to_sale_ratio": 1.06,
            "price_fair": 60.29,
            "eps_avg_yearly": 1.72,
            "eps_latest_yearly": 2.32,
            "eps_growth_yearly": 116.78
        },
        "20172": {
            "year_quarter": 20172,
            "year": 2017,
            "quarter": 2,
            "eps": 0.21,
            "eps_growth_year": -61.11,
            "eps_4q": 0.79,
            "eps_4q_growth_year": -72.86,
            "roe": 1.12,
            "roe_4q": 4.13,
            "gross_profit": 114590,
            "gross_margin": 7.43,
            "gross_margin_4q_avg": 6.92,
            "net_income": 16116,
            "revenue": 1543281,
            "common_shares": 761118,
            "book_valuer_per_share": 18.52,
            "book_valuer_per_share_4q_avg": 18.86,
            "equity": 1409458,
            "current_ratio": 152.68,
            "debt_ratio": 66.69,
            "inventory_turnover_ratio": 0.65,
            "account_receivable_turnover_ratio": 1.06,
            "reinvestment_rate": -0.2,
            "research_to_sale_ratio": 1.02,
            "price_fair": 58.36,
            "eps_avg_yearly": 1.67,
            "eps_latest_yearly": 0.84,
            "eps_growth_yearly": 93.53
        },
        "20173": {
            "year_quarter": 20173,
            "year": 2017,
            "quarter": 3,
            "eps": 0.6,
            "eps_growth_year": 233.33,
            "eps_4q": 1.57,
            "eps_4q_growth_year": -28.21,
            "roe": 3.18,
            "roe_4q": 8.280000000000001,
            "gross_profit": 151872,
            "gross_margin": 9.15,
            "gross_margin_4q_avg": 8.24,
            "net_income": 45548,
            "revenue": 1659266,
            "common_shares": 761118,
            "book_valuer_per_share": 19.1,
            "book_valuer_per_share_4q_avg": 18.97,
            "equity": 1454013,
            "current_ratio": 167.91,
            "debt_ratio": 61.08,
            "inventory_turnover_ratio": 0.73,
            "account_receivable_turnover_ratio": 1.08,
            "reinvestment_rate": -0.13,
            "research_to_sale_ratio": 0.95,
            "price_fair": 62.13,
            "eps_avg_yearly": 1.78,
            "eps_latest_yearly": 2.4,
            "eps_growth_yearly": 129.55
        },
        "20174": {
            "year_quarter": 20174,
            "year": 2017,
            "quarter": 4,
            "eps": 0.54,
            "eps_growth_year": 209.33,
            "eps_4q": 1.94,
            "eps_4q_growth_year": 9.69,
            "roe": 2.81,
            "roe_4q": 10.16,
            "gross_profit": 138850,
            "gross_margin": 8.55,
            "gross_margin_4q_avg": 8.63,
            "net_income": 41367,
            "revenue": 1624497,
            "common_shares": 761118,
            "book_valuer_per_share": 19.56,
            "book_valuer_per_share_4q_avg": 19.12,
            "equity": 1488925,
            "current_ratio": 187.02,
            "debt_ratio": 55.22,
            "inventory_turnover_ratio": 0.96,
            "account_receivable_turnover_ratio": 1.01,
            "reinvestment_rate": -0.06,
            "research_to_sale_ratio": 1.01,
            "price_fair": 64.05,
            "eps_avg_yearly": 1.83,
            "eps_latest_yearly": 2.16,
            "eps_growth_yearly": 104.99
        },
        "20181": {
            "year_quarter": 20181,
            "year": 2018,
            "quarter": 1,
            "eps": 0.35,
            "eps_growth_year": -39.66,
            "eps_4q": 1.7,
            "eps_4q_growth_year": 52.16,
            "roe": 1.77,
            "roe_4q": 8.879999999999999,
            "gross_profit": 151808,
            "gross_margin": 8.51,
            "gross_margin_4q_avg": 8.41,
            "net_income": 26533,
            "revenue": 1784834,
            "common_shares": 761118,
            "book_valuer_per_share": 19.85,
            "book_valuer_per_share_4q_avg": 19.26,
            "equity": 1510930,
            "current_ratio": 164.44,
            "debt_ratio": 62.53,
            "inventory_turnover_ratio": 1.03,
            "account_receivable_turnover_ratio": 1.03,
            "reinvestment_rate": -0,
            "research_to_sale_ratio": 0.95,
            "price_fair": 65.1,
            "eps_avg_yearly": 1.86,
            "eps_latest_yearly": 1.4,
            "eps_growth_yearly": 103.22
        },
        "20182": {
            "year_quarter": 20182,
            "year": 2018,
            "quarter": 2,
            "eps": 0.65,
            "eps_growth_year": 209.52,
            "eps_4q": 2.14,
            "eps_4q_growth_year": 171.23,
            "roe": 3.28,
            "roe_4q": 11.04,
            "gross_profit": 202291,
            "gross_margin": 9.48,
            "gross_margin_4q_avg": 8.92,
            "net_income": 49284,
            "revenue": 2132830,
            "common_shares": 761118,
            "book_valuer_per_share": 19.59,
            "book_valuer_per_share_4q_avg": 19.53,
            "equity": 1490698,
            "current_ratio": 146.79,
            "debt_ratio": 69.58,
            "inventory_turnover_ratio": 0.96,
            "account_receivable_turnover_ratio": 1.01,
            "reinvestment_rate": 0.2,
            "research_to_sale_ratio": 0.92,
            "price_fair": 67.29,
            "eps_avg_yearly": 1.92,
            "eps_latest_yearly": 2.6,
            "eps_growth_yearly": 106.17
        },
        "20183": {
            "year_quarter": 20183,
            "year": 2018,
            "quarter": 3,
            "eps": 0.66,
            "eps_growth_year": 10,
            "eps_4q": 2.2,
            "eps_4q_growth_year": 39.99,
            "roe": 3.28,
            "roe_4q": 11.14,
            "gross_profit": 194653,
            "gross_margin": 8.59,
            "gross_margin_4q_avg": 8.78,
            "net_income": 50045,
            "revenue": 2266224,
            "common_shares": 761118,
            "book_valuer_per_share": 20.52,
            "book_valuer_per_share_4q_avg": 19.88,
            "equity": 1561550,
            "current_ratio": 143.46,
            "debt_ratio": 70.97,
            "inventory_turnover_ratio": 0.88,
            "account_receivable_turnover_ratio": 0.9,
            "reinvestment_rate": 0.26,
            "research_to_sale_ratio": 0.94,
            "price_fair": 70.09,
            "eps_avg_yearly": 2,
            "eps_latest_yearly": 2.64,
            "eps_growth_yearly": 110.31
        },
        "20184": {
            "year_quarter": 20184,
            "year": 2018,
            "quarter": 4,
            "eps": 0.82,
            "eps_growth_year": 51.36,
            "eps_4q": 2.48,
            "eps_4q_growth_year": 27.82,
            "roe": 3.93,
            "roe_4q": 12.26,
            "gross_profit": 205078,
            "gross_margin": 8.64,
            "gross_margin_4q_avg": 8.81,
            "net_income": 62613,
            "revenue": 2374092,
            "common_shares": 761118,
            "book_valuer_per_share": 21.35,
            "book_valuer_per_share_4q_avg": 20.33,
            "equity": 1624946,
            "current_ratio": 148.01,
            "debt_ratio": 68.84,
            "inventory_turnover_ratio": 0.96,
            "account_receivable_turnover_ratio": 0.88,
            "reinvestment_rate": 0.25,
            "research_to_sale_ratio": 0.91,
            "price_fair": 73.41,
            "eps_avg_yearly": 2.1,
            "eps_latest_yearly": 3.28,
            "eps_growth_yearly": 109.01
        },
        "20191": {
            "year_quarter": 20191,
            "year": 2019,
            "quarter": 1,
            "eps": 0.36,
            "eps_growth_year": 2.86,
            "eps_4q": 2.49,
            "eps_4q_growth_year": 45.98,
            "roe": 1.66,
            "roe_4q": 12.149999999999999,
            "gross_profit": 152894,
            "gross_margin": 7.45,
            "gross_margin_4q_avg": 8.54,
            "net_income": 27202,
            "revenue": 2052914,
            "common_shares": 761118,
            "book_valuer_per_share": 21.72,
            "book_valuer_per_share_4q_avg": 20.8,
            "equity": 1653069,
            "current_ratio": 153.7,
            "debt_ratio": 66.25,
            "inventory_turnover_ratio": 0.95,
            "account_receivable_turnover_ratio": 0.81,
            "reinvestment_rate": 0.19,
            "research_to_sale_ratio": 0.95,
            "price_fair": 73.68,
            "eps_avg_yearly": 2.11,
            "eps_latest_yearly": 1.44,
            "eps_growth_yearly": 101.24
        },
        "20192": {
            "year_quarter": 20192,
            "year": 2019,
            "quarter": 2,
            "eps": 0.55,
            "eps_growth_year": -15.38,
            "eps_4q": 2.39,
            "eps_4q_growth_year": 11.67,
            "roe": 2.59,
            "roe_4q": 11.459999999999999,
            "gross_profit": 176489,
            "gross_margin": 8.33,
            "gross_margin_4q_avg": 8.25,
            "net_income": 41860,
            "revenue": 2117510,
            "common_shares": 761118,
            "book_valuer_per_share": 20.8,
            "book_valuer_per_share_4q_avg": 21.1,
            "equity": 1583219,
            "current_ratio": 149.65,
            "debt_ratio": 67.99,
            "inventory_turnover_ratio": 0.95,
            "account_receivable_turnover_ratio": 0.91,
            "reinvestment_rate": 0.16,
            "research_to_sale_ratio": 1.02,
            "price_fair": 75.16,
            "eps_avg_yearly": 2.15,
            "eps_latest_yearly": 2.2,
            "eps_growth_yearly": 110.65
        },
        "20193": {
            "year_quarter": 20193,
            "year": 2019,
            "quarter": 3,
            "eps": 0.63,
            "eps_growth_year": -4.55,
            "eps_4q": 2.36,
            "eps_4q_growth_year": 7.38,
            "roe": 2.98,
            "roe_4q": 11.16,
            "gross_profit": 183066,
            "gross_margin": 7.92,
            "gross_margin_4q_avg": 8.09,
            "net_income": 47890,
            "revenue": 2312622,
            "common_shares": 761118,
            "book_valuer_per_share": 21.43,
            "book_valuer_per_share_4q_avg": 21.33,
            "equity": 1631235,
            "current_ratio": 153.29,
            "debt_ratio": 66.4,
            "inventory_turnover_ratio": 1.1,
            "account_receivable_turnover_ratio": 0.93,
            "reinvestment_rate": 0.49,
            "research_to_sale_ratio": 0.93,
            "price_fair": 75.95,
            "eps_avg_yearly": 2.17,
            "eps_latest_yearly": 2.52,
            "eps_growth_yearly": 103.76
        },
        "20194": {
            "year_quarter": 20194,
            "year": 2019,
            "quarter": 4,
            "eps": 0.15,
            "eps_growth_year": -82.2,
            "eps_4q": 1.68,
            "eps_4q_growth_year": -32.03,
            "roe": 0.68,
            "roe_4q": 7.91,
            "gross_profit": 137298,
            "gross_margin": 6.41,
            "gross_margin_4q_avg": 7.53,
            "net_income": 11147,
            "revenue": 2142037,
            "common_shares": 761118,
            "book_valuer_per_share": 21.41,
            "book_valuer_per_share_4q_avg": 21.34,
            "equity": 1629774,
            "current_ratio": 162.02,
            "debt_ratio": 62.53,
            "inventory_turnover_ratio": 1.18,
            "account_receivable_turnover_ratio": 0.88,
            "reinvestment_rate": 0.6,
            "research_to_sale_ratio": 0.95,
            "price_fair": 72.01,
            "eps_avg_yearly": 2.06,
            "eps_latest_yearly": 0.6,
            "eps_growth_yearly": 81.93
        },
        "20201": {
            "year_quarter": 20201,
            "year": 2020,
            "quarter": 1,
            "eps": 0.68,
            "eps_growth_year": 88.89,
            "eps_4q": 2.01,
            "eps_4q_growth_year": -19.11,
            "roe": 3.14,
            "roe_4q": 9.39,
            "gross_profit": 168834,
            "gross_margin": 8.44,
            "gross_margin_4q_avg": 7.78,
            "net_income": 52108,
            "revenue": 2000801,
            "common_shares": 761118,
            "book_valuer_per_share": 22.13,
            "book_valuer_per_share_4q_avg": 21.44,
            "equity": 1684426,
            "current_ratio": 160.18,
            "debt_ratio": 63.2,
            "inventory_turnover_ratio": 1.07,
            "account_receivable_turnover_ratio": 0.87,
            "reinvestment_rate": 1.49,
            "research_to_sale_ratio": 1.09,
            "price_fair": 67.2,
            "eps_avg_yearly": 1.92,
            "eps_latest_yearly": 2.72,
            "eps_growth_yearly": 144.01
        },
        "20202": {
            "year_quarter": 20202,
            "year": 2020,
            "quarter": 2,
            "eps": 1.02,
            "eps_growth_year": 85.45,
            "eps_4q": 2.48,
            "eps_4q_growth_year": 3.8,
            "roe": 4.61,
            "roe_4q": 11.41,
            "gross_profit": 227201,
            "gross_margin": 10.24,
            "gross_margin_4q_avg": 8.25,
            "net_income": 77483,
            "revenue": 2219398,
            "common_shares": 761118,
            "book_valuer_per_share": 22.07,
            "book_valuer_per_share_4q_avg": 21.76,
            "equity": 1679955,
            "current_ratio": 165.56,
            "debt_ratio": 61.29,
            "inventory_turnover_ratio": 1.18,
            "account_receivable_turnover_ratio": 0.96,
            "reinvestment_rate": 1.27,
            "research_to_sale_ratio": 1.01,
            "price_fair": 71.4,
            "eps_avg_yearly": 2.04,
            "eps_latest_yearly": 4.08,
            "eps_growth_yearly": 170.54
        },
        "20203": {
            "year_quarter": 20203,
            "year": 2020,
            "quarter": 3,
            "eps": 0.34,
            "eps_growth_year": -46.03,
            "eps_4q": 2.19,
            "eps_4q_growth_year": -7.36,
            "roe": 1.52,
            "roe_4q": 9.950000000000001,
            "gross_profit": 148302,
            "gross_margin": 4.94,
            "gross_margin_4q_avg": 7.51,
            "net_income": 25616,
            "revenue": 3000544,
            "common_shares": 761118,
            "book_valuer_per_share": 22.34,
            "book_valuer_per_share_4q_avg": 21.99,
            "equity": 1700584,
            "current_ratio": 146.71,
            "debt_ratio": 68.64,
            "inventory_turnover_ratio": 1.71,
            "account_receivable_turnover_ratio": 1.1,
            "reinvestment_rate": 1.21,
            "research_to_sale_ratio": 0.74,
            "price_fair": 72.8,
            "eps_avg_yearly": 2.08,
            "eps_latest_yearly": 1.36,
            "eps_growth_yearly": 170.54
        },
        "20204": {
            "year_quarter": 20204,
            "year": 2020,
            "quarter": 4,
            "eps": 0.57,
            "eps_growth_year": 290.85,
            "eps_4q": 2.61,
            "eps_4q_growth_year": 55.17,
            "roe": 2.54,
            "roe_4q": 11.810000000000002,
            "gross_profit": 179239,
            "gross_margin": 5.92,
            "gross_margin_4q_avg": 7.39,
            "net_income": 43568,
            "revenue": 3026492,
            "common_shares": 761118,
            "book_valuer_per_share": 22.81,
            "book_valuer_per_share_4q_avg": 22.34,
            "equity": 1736023,
            "current_ratio": 144.28,
            "debt_ratio": 69.8,
            "inventory_turnover_ratio": 1.55,
            "account_receivable_turnover_ratio": 0.94,
            "reinvestment_rate": 1.73,
            "research_to_sale_ratio": 0.76,
            "price_fair": 76.21,
            "eps_avg_yearly": 2.18,
            "eps_latest_yearly": 2.28,
            "eps_growth_yearly": 187.45
        },
        "20211": {
            "year_quarter": 20211,
            "year": 2021,
            "quarter": 1,
            "eps": 0.87,
            "eps_growth_year": 27.94,
            "eps_4q": 2.8,
            "eps_4q_growth_year": 39.14,
            "roe": 3.74,
            "roe_4q": 12.41,
            "gross_profit": 211501,
            "gross_margin": 6.03,
            "gross_margin_4q_avg": 6.78,
            "net_income": 66231,
            "revenue": 3510275,
            "common_shares": 761118,
            "book_valuer_per_share": 23.69,
            "book_valuer_per_share_4q_avg": 22.73,
            "equity": 1802812,
            "current_ratio": 138.83,
            "debt_ratio": 72.47,
            "inventory_turnover_ratio": 1.66,
            "account_receivable_turnover_ratio": 0.99,
            "reinvestment_rate": 2.16,
            "research_to_sale_ratio": 0.69,
            "price_fair": 78.75,
            "eps_avg_yearly": 2.25,
            "eps_latest_yearly": 3.48,
            "eps_growth_yearly": 145.05
        },
        "20212": {
            "year_quarter": 20212,
            "year": 2021,
            "quarter": 2,
            "eps": 1.5,
            "eps_growth_year": 47.06,
            "eps_4q": 3.28,
            "eps_4q_growth_year": 32.36,
            "roe": 6.35,
            "roe_4q": 14.149999999999999,
            "gross_profit": 290443,
            "gross_margin": 7.74,
            "gross_margin_4q_avg": 6.16,
            "net_income": 114252,
            "revenue": 3750708,
            "common_shares": 761118,
            "book_valuer_per_share": 23.6,
            "book_valuer_per_share_4q_avg": 23.11,
            "equity": 1796048,
            "current_ratio": 138.91,
            "debt_ratio": 72.51,
            "inventory_turnover_ratio": 1.73,
            "account_receivable_turnover_ratio": 0.98,
            "reinvestment_rate": 1.76,
            "research_to_sale_ratio": 0.67,
            "price_fair": 90.04,
            "eps_avg_yearly": 2.57,
            "eps_latest_yearly": 6,
            "eps_growth_yearly": 179.1
        },
        "20213": {
            "year_quarter": 20213,
            "year": 2021,
            "quarter": 3,
            "eps": 1.41,
            "eps_growth_year": 314.71,
            "eps_4q": 4.36,
            "eps_4q_growth_year": 99.41,
            "roe": 5.82,
            "roe_4q": 18.45,
            "gross_profit": 279513,
            "gross_margin": 7.81,
            "gross_margin_4q_avg": 6.88,
            "net_income": 107681,
            "revenue": 3576799,
            "common_shares": 761118,
            "book_valuer_per_share": 25.01,
            "book_valuer_per_share_4q_avg": 23.78,
            "equity": 1903592,
            "current_ratio": 142.21,
            "debt_ratio": 70.88,
            "inventory_turnover_ratio": 1.64,
            "account_receivable_turnover_ratio": 0.95,
            "reinvestment_rate": 1.47,
            "research_to_sale_ratio": 0.67,
            "price_fair": 97.13,
            "eps_avg_yearly": 2.78,
            "eps_latest_yearly": 5.64,
            "eps_growth_yearly": 131.18
        },
        "20214": {
            "year_quarter": 20214,
            "year": 2021,
            "quarter": 4,
            "eps": 1.78,
            "eps_growth_year": 210.2,
            "eps_4q": 5.56,
            "eps_4q_growth_year": 112.96,
            "roe": 6.86,
            "roe_4q": 22.770000000000003,
            "gross_profit": 302919,
            "gross_margin": 8.8,
            "gross_margin_4q_avg": 7.6,
            "net_income": 135150,
            "revenue": 3442115,
            "common_shares": 761118,
            "book_valuer_per_share": 26.75,
            "book_valuer_per_share_4q_avg": 24.76,
            "equity": 2036286,
            "current_ratio": 148.56,
            "debt_ratio": 68.01,
            "inventory_turnover_ratio": 1.46,
            "account_receivable_turnover_ratio": 0.94,
            "reinvestment_rate": 1.17,
            "research_to_sale_ratio": 0.82,
            "price_fair": 107.98,
            "eps_avg_yearly": 3.09,
            "eps_latest_yearly": 7.12,
            "eps_growth_yearly": 140.24
        },
        "20221": {
            "year_quarter": 20221,
            "year": 2022,
            "quarter": 1,
            "eps": 1.78,
            "eps_growth_year": 104.6,
            "eps_4q": 6.47,
            "eps_4q_growth_year": 131.32,
            "roe": 6.42,
            "roe_4q": 25.450000000000003,
            "gross_profit": 301386,
            "gross_margin": 8.38,
            "gross_margin_4q_avg": 8.18,
            "net_income": 135402,
            "revenue": 3597118,
            "common_shares": 761118,
            "book_valuer_per_share": 28.68,
            "book_valuer_per_share_4q_avg": 26.01,
            "equity": 2182677,
            "current_ratio": 139.04,
            "debt_ratio": 72.49,
            "inventory_turnover_ratio": 1.19,
            "account_receivable_turnover_ratio": 0.96,
            "reinvestment_rate": 1.02,
            "research_to_sale_ratio": 0.83,
            "price_fair": 120.49,
            "eps_avg_yearly": 3.44,
            "eps_latest_yearly": 7.12,
            "eps_growth_yearly": 149.03
        },
        "20222": {
            "year_quarter": 20222,
            "year": 2022,
            "quarter": 2,
            "eps": 1.9,
            "eps_growth_year": 26.67,
            "eps_4q": 6.87,
            "eps_4q_growth_year": 109.47,
            "roe": 6.78,
            "roe_4q": 25.88,
            "gross_profit": 356311,
            "gross_margin": 9.48,
            "gross_margin_4q_avg": 8.62,
            "net_income": 144736,
            "revenue": 3758281,
            "common_shares": 761118,
            "book_valuer_per_share": 27.39,
            "book_valuer_per_share_4q_avg": 26.96,
            "equity": 2084448,
            "current_ratio": 132.79,
            "debt_ratio": 75.71,
            "inventory_turnover_ratio": 0.92,
            "account_receivable_turnover_ratio": 1,
            "reinvestment_rate": 1.24,
            "research_to_sale_ratio": 0.8,
            "price_fair": 131.43,
            "eps_avg_yearly": 3.76,
            "eps_latest_yearly": 7.6,
            "eps_growth_yearly": 129.29
        },
        "20223": {
            "year_quarter": 20223,
            "year": 2022,
            "quarter": 3,
            "eps": 2.09,
            "eps_growth_year": 48.23,
            "eps_4q": 7.55,
            "eps_4q_growth_year": 73.14,
            "roe": 7.31,
            "roe_4q": 27.369999999999997,
            "gross_profit": 373058,
            "gross_margin": 9.56,
            "gross_margin_4q_avg": 9.06,
            "net_income": 159075,
            "revenue": 3901100,
            "common_shares": 761118,
            "book_valuer_per_share": 29.78,
            "book_valuer_per_share_4q_avg": 28.15,
            "equity": 2266331,
            "current_ratio": 133.85,
            "debt_ratio": 75.09,
            "inventory_turnover_ratio": 0.85,
            "account_receivable_turnover_ratio": 1,
            "reinvestment_rate": 1.08,
            "research_to_sale_ratio": 0.78,
            "price_fair": 143.94,
            "eps_avg_yearly": 4.11,
            "eps_latest_yearly": 8.36,
            "eps_growth_yearly": 131.4
        },
        "20224": {
            "year_quarter": 20224,
            "year": 2022,
            "quarter": 4,
            "eps": 1.83,
            "eps_growth_year": 3.05,
            "eps_4q": 7.6,
            "eps_4q_growth_year": 36.66,
            "roe": 5.97,
            "roe_4q": 26.479999999999997,
            "gross_profit": 340312,
            "gross_margin": 9.09,
            "gross_margin_4q_avg": 9.13,
            "net_income": 139271,
            "revenue": 3745032,
            "common_shares": 761118,
            "book_valuer_per_share": 31.51,
            "book_valuer_per_share_4q_avg": 29.34,
            "equity": 2398392,
            "current_ratio": 134.57,
            "debt_ratio": 74.57,
            "inventory_turnover_ratio": 0.73,
            "account_receivable_turnover_ratio": 0.95,
            "reinvestment_rate": 0.89,
            "research_to_sale_ratio": 0.89,
            "price_fair": 152.78,
            "eps_avg_yearly": 4.37,
            "eps_latest_yearly": 7.32,
            "eps_growth_yearly": 122.23
        },
        "20231": {
            "year_quarter": 20231,
            "year": 2023,
            "quarter": 1,
            "eps": 0.62,
            "eps_growth_year": -65.17,
            "eps_4q": 6.44,
            "eps_4q_growth_year": -0.51,
            "roe": 2.08,
            "roe_4q": 22.14,
            "gross_profit": 230712,
            "gross_margin": 6.89,
            "gross_margin_4q_avg": 8.76,
            "net_income": 46870,
            "revenue": 3349008,
            "common_shares": 761118,
            "book_valuer_per_share": 27.79,
            "book_valuer_per_share_4q_avg": 29.12,
            "equity": 2115153,
            "current_ratio": 129.43,
            "debt_ratio": 77.39,
            "inventory_turnover_ratio": 0.61,
            "account_receivable_turnover_ratio": 0.91,
            "reinvestment_rate": 0.76,
            "research_to_sale_ratio": 0.88,
            "price_fair": 155.05,
            "eps_avg_yearly": 4.43,
            "eps_latest_yearly": 2.48,
            "eps_growth_yearly": 119.73
        },
        "20232": {
            "year_quarter": 20232,
            "year": 2023,
            "quarter": 2,
            "eps": 1.13,
            "eps_growth_year": -40.53,
            "eps_4q": 5.66,
            "eps_4q_growth_year": -17.6,
            "roe": 3.96,
            "roe_4q": 19.32,
            "gross_profit": 301883,
            "gross_margin": 8.6,
            "gross_margin_4q_avg": 8.54,
            "net_income": 85703,
            "revenue": 3510280,
            "common_shares": 761118,
            "book_valuer_per_share": 29.01,
            "book_valuer_per_share_4q_avg": 29.52,
            "equity": 2207921,
            "current_ratio": 132.47,
            "debt_ratio": 75.44,
            "inventory_turnover_ratio": 0.64,
            "account_receivable_turnover_ratio": 0.98,
            "reinvestment_rate": 0.77,
            "research_to_sale_ratio": 0.88,
            "price_fair": 160.13,
            "eps_avg_yearly": 4.58,
            "eps_latest_yearly": 4.52,
            "eps_growth_yearly": 127.1
        }
    },
    "months": {
        "2003-01": {
            "month": "2003-01",
            "price": "60.05",
            "revenue": 185876
        },
        "2003-02": {
            "month": "2003-02",
            "price": "54.84",
            "revenue": 124667
        },
        "2003-03": {
            "month": "2003-03",
            "price": "49.30",
            "revenue": 173196
        },
        "2003-04": {
            "month": "2003-04",
            "price": "47.30",
            "revenue": 184004
        },
        "2003-05": {
            "month": "2003-05",
            "price": "45.85",
            "revenue": 188511
        },
        "2003-06": {
            "month": "2003-06",
            "price": "55.40",
            "revenue": 175844
        },
        "2003-07": {
            "month": "2003-07",
            "price": "57.96",
            "revenue": 178053
        },
        "2003-08": {
            "month": "2003-08",
            "price": "59.90",
            "revenue": 216171
        },
        "2003-09": {
            "month": "2003-09",
            "price": "53.02",
            "revenue": 242627
        },
        "2003-10": {
            "month": "2003-10",
            "price": "52.91",
            "revenue": 233894
        },
        "2003-11": {
            "month": "2003-11",
            "price": "53.98",
            "revenue": 212443
        },
        "2003-12": {
            "month": "2003-12",
            "price": "55.17",
            "revenue": 199580
        },
        "2004-01": {
            "month": "2004-01",
            "price": "55.83",
            "revenue": 166790
        },
        "2004-02": {
            "month": "2004-02",
            "price": "59.68",
            "revenue": 209279
        },
        "2004-03": {
            "month": "2004-03",
            "price": "58.87",
            "revenue": 229330
        },
        "2004-04": {
            "month": "2004-04",
            "price": "58.09",
            "revenue": 238749
        },
        "2004-05": {
            "month": "2004-05",
            "price": "48.38",
            "revenue": 212613
        },
        "2004-06": {
            "month": "2004-06",
            "price": "47.06",
            "revenue": 209839
        },
        "2004-07": {
            "month": "2004-07",
            "price": "41.17",
            "revenue": 184378
        },
        "2004-08": {
            "month": "2004-08",
            "price": "34.19",
            "revenue": 192467
        },
        "2004-09": {
            "month": "2004-09",
            "price": "33.19",
            "revenue": 206655
        },
        "2004-10": {
            "month": "2004-10",
            "price": "33.95",
            "revenue": 236070
        },
        "2004-11": {
            "month": "2004-11",
            "price": "33.71",
            "revenue": 195878
        },
        "2004-12": {
            "month": "2004-12",
            "price": "32.97",
            "revenue": 186498
        },
        "2005-01": {
            "month": "2005-01",
            "price": "34.46",
            "revenue": 193867
        },
        "2005-02": {
            "month": "2005-02",
            "price": "38.50",
            "revenue": 150498
        },
        "2005-03": {
            "month": "2005-03",
            "price": "37.58",
            "revenue": 249560
        },
        "2005-04": {
            "month": "2005-04",
            "price": "35.11",
            "revenue": 234545
        },
        "2005-05": {
            "month": "2005-05",
            "price": "32.69",
            "revenue": 174294
        },
        "2005-06": {
            "month": "2005-06",
            "price": "33.31",
            "revenue": 192268
        },
        "2005-07": {
            "month": "2005-07",
            "price": "34.88",
            "revenue": 225168
        },
        "2005-08": {
            "month": "2005-08",
            "price": "27.28",
            "revenue": 220827
        },
        "2005-09": {
            "month": "2005-09",
            "price": "24.74",
            "revenue": 267220
        },
        "2005-10": {
            "month": "2005-10",
            "price": "22.39",
            "revenue": 235373
        },
        "2005-11": {
            "month": "2005-11",
            "price": "22.40",
            "revenue": 256994
        },
        "2005-12": {
            "month": "2005-12",
            "price": "25.45",
            "revenue": 239847
        },
        "2006-01": {
            "month": "2006-01",
            "price": "26.52",
            "revenue": 226755
        },
        "2006-02": {
            "month": "2006-02",
            "price": "25.93",
            "revenue": 209265
        },
        "2006-03": {
            "month": "2006-03",
            "price": "24.46",
            "revenue": 244311
        },
        "2006-04": {
            "month": "2006-04",
            "price": "25.02",
            "revenue": 242516
        },
        "2006-05": {
            "month": "2006-05",
            "price": "25.95",
            "revenue": 215872
        },
        "2006-06": {
            "month": "2006-06",
            "price": "23.31",
            "revenue": 222235
        },
        "2006-07": {
            "month": "2006-07",
            "price": "22.85",
            "revenue": 224620
        },
        "2006-08": {
            "month": "2006-08",
            "price": "21.54",
            "revenue": 250109
        },
        "2006-09": {
            "month": "2006-09",
            "price": "19.53",
            "revenue": 275710
        },
        "2006-10": {
            "month": "2006-10",
            "price": "19.64",
            "revenue": 261271
        },
        "2006-11": {
            "month": "2006-11",
            "price": "19.59",
            "revenue": 215005
        },
        "2006-12": {
            "month": "2006-12",
            "price": "20.31",
            "revenue": 203605
        },
        "2007-01": {
            "month": "2007-01",
            "price": "20.71",
            "revenue": 210266
        },
        "2007-02": {
            "month": "2007-02",
            "price": "19.75",
            "revenue": 151774
        },
        "2007-03": {
            "month": "2007-03",
            "price": "20.14",
            "revenue": 236547
        },
        "2007-04": {
            "month": "2007-04",
            "price": "22.72",
            "revenue": 213272
        },
        "2007-05": {
            "month": "2007-05",
            "price": "22.01",
            "revenue": 203130
        },
        "2007-06": {
            "month": "2007-06",
            "price": "24.05",
            "revenue": 214642
        },
        "2007-07": {
            "month": "2007-07",
            "price": "26.98",
            "revenue": 273028
        },
        "2007-08": {
            "month": "2007-08",
            "price": "22.92",
            "revenue": 222594
        },
        "2007-09": {
            "month": "2007-09",
            "price": "21.24",
            "revenue": 208345
        },
        "2007-10": {
            "month": "2007-10",
            "price": "20.19",
            "revenue": 228794
        },
        "2007-11": {
            "month": "2007-11",
            "price": "17.24",
            "revenue": 232010
        },
        "2007-12": {
            "month": "2007-12",
            "price": "15.73",
            "revenue": 217706
        },
        "2008-01": {
            "month": "2008-01",
            "price": "15.22",
            "revenue": 238964
        },
        "2008-02": {
            "month": "2008-02",
            "price": "14.90",
            "revenue": 170894
        },
        "2008-03": {
            "month": "2008-03",
            "price": "15.70",
            "revenue": 197102
        },
        "2008-04": {
            "month": "2008-04",
            "price": "16.49",
            "revenue": 212853
        },
        "2008-05": {
            "month": "2008-05",
            "price": "16.04",
            "revenue": 229915
        },
        "2008-06": {
            "month": "2008-06",
            "price": "15.20",
            "revenue": 242754
        },
        "2008-07": {
            "month": "2008-07",
            "price": "14.20",
            "revenue": 198030
        },
        "2008-08": {
            "month": "2008-08",
            "price": "13.71",
            "revenue": 154927
        },
        "2008-09": {
            "month": "2008-09",
            "price": "10.10",
            "revenue": 154264
        },
        "2008-10": {
            "month": "2008-10",
            "price": "7.91",
            "revenue": 166859
        },
        "2008-11": {
            "month": "2008-11",
            "price": "8.35",
            "revenue": 126261
        },
        "2008-12": {
            "month": "2008-12",
            "price": "9.39",
            "revenue": 123877
        },
        "2009-01": {
            "month": "2009-01",
            "price": "9.22",
            "revenue": 112811
        },
        "2009-02": {
            "month": "2009-02",
            "price": "9.40",
            "revenue": 155363
        },
        "2009-03": {
            "month": "2009-03",
            "price": "10.05",
            "revenue": 179697
        },
        "2009-04": {
            "month": "2009-04",
            "price": "11.89",
            "revenue": 170907
        },
        "2009-05": {
            "month": "2009-05",
            "price": "13.02",
            "revenue": 168524
        },
        "2009-06": {
            "month": "2009-06",
            "price": "12.72",
            "revenue": 211028
        },
        "2009-07": {
            "month": "2009-07",
            "price": "13.04",
            "revenue": 199804
        },
        "2009-08": {
            "month": "2009-08",
            "price": "13.46",
            "revenue": 199700
        },
        "2009-09": {
            "month": "2009-09",
            "price": "13.41",
            "revenue": 194706
        },
        "2009-10": {
            "month": "2009-10",
            "price": "14.39",
            "revenue": 187587
        },
        "2009-11": {
            "month": "2009-11",
            "price": "13.96",
            "revenue": 191067
        },
        "2009-12": {
            "month": "2009-12",
            "price": "16.39",
            "revenue": 232094
        },
        "2010-01": {
            "month": "2010-01",
            "price": "16.79",
            "revenue": 228822
        },
        "2010-02": {
            "month": "2010-02",
            "price": "16.89",
            "revenue": 173509
        },
        "2010-03": {
            "month": "2010-03",
            "price": "16.95",
            "revenue": 290311
        },
        "2010-04": {
            "month": "2010-04",
            "price": "20.09",
            "revenue": 223165
        },
        "2010-05": {
            "month": "2010-05",
            "price": "18.70",
            "revenue": 242720
        },
        "2010-06": {
            "month": "2010-06",
            "price": "18.27",
            "revenue": 249236
        },
        "2010-07": {
            "month": "2010-07",
            "price": "19.26",
            "revenue": 245458
        },
        "2010-08": {
            "month": "2010-08",
            "price": "21.38",
            "revenue": 231755
        },
        "2010-09": {
            "month": "2010-09",
            "price": "22.19",
            "revenue": 232335
        },
        "2010-10": {
            "month": "2010-10",
            "price": "18.72",
            "revenue": 200705
        },
        "2010-11": {
            "month": "2010-11",
            "price": "17.20",
            "revenue": 203716
        },
        "2010-12": {
            "month": "2010-12",
            "price": "18.40",
            "revenue": 204036
        },
        "2011-01": {
            "month": "2011-01",
            "price": "18.14",
            "revenue": 228358
        },
        "2011-02": {
            "month": "2011-02",
            "price": "17.12",
            "revenue": 170983
        },
        "2011-03": {
            "month": "2011-03",
            "price": "16.54",
            "revenue": 215191
        },
        "2011-04": {
            "month": "2011-04",
            "price": "16.14",
            "revenue": 209443
        },
        "2011-05": {
            "month": "2011-05",
            "price": "15.33",
            "revenue": 221345
        },
        "2011-06": {
            "month": "2011-06",
            "price": "14.35",
            "revenue": 219307
        },
        "2011-07": {
            "month": "2011-07",
            "price": "13.95",
            "revenue": 222622
        },
        "2011-08": {
            "month": "2011-08",
            "price": "12.48",
            "revenue": 196594
        },
        "2011-09": {
            "month": "2011-09",
            "price": "12.25",
            "revenue": 197033
        },
        "2011-10": {
            "month": "2011-10",
            "price": "11.84",
            "revenue": 196220
        },
        "2011-11": {
            "month": "2011-11",
            "price": "11.00",
            "revenue": 211217
        },
        "2011-12": {
            "month": "2011-12",
            "price": "10.02",
            "revenue": 202182
        },
        "2012-01": {
            "month": "2012-01",
            "price": "9.98",
            "revenue": 173842
        },
        "2012-02": {
            "month": "2012-02",
            "price": "11.37",
            "revenue": 184526
        },
        "2012-03": {
            "month": "2012-03",
            "price": "12.07",
            "revenue": 222564
        },
        "2012-04": {
            "month": "2012-04",
            "price": "11.68",
            "revenue": 241558
        },
        "2012-05": {
            "month": "2012-05",
            "price": "11.34",
            "revenue": 234483
        },
        "2012-06": {
            "month": "2012-06",
            "price": "11.45",
            "revenue": 229913
        },
        "2012-07": {
            "month": "2012-07",
            "price": "11.25",
            "revenue": 216543
        },
        "2012-08": {
            "month": "2012-08",
            "price": "10.77",
            "revenue": 208975
        },
        "2012-09": {
            "month": "2012-09",
            "price": "12.59",
            "revenue": 214726
        },
        "2012-10": {
            "month": "2012-10",
            "price": "12.17",
            "revenue": 198807
        },
        "2012-11": {
            "month": "2012-11",
            "price": "11.00",
            "revenue": 202898
        },
        "2012-12": {
            "month": "2012-12",
            "price": "11.19",
            "revenue": 196555
        },
        "2013-01": {
            "month": "2013-01",
            "price": "11.33",
            "revenue": 205315
        },
        "2013-02": {
            "month": "2013-02",
            "price": "11.41",
            "revenue": 147178
        },
        "2013-03": {
            "month": "2013-03",
            "price": "11.46",
            "revenue": 232137
        },
        "2013-04": {
            "month": "2013-04",
            "price": "11.78",
            "revenue": 225573
        },
        "2013-05": {
            "month": "2013-05",
            "price": "11.67",
            "revenue": 234582
        },
        "2013-06": {
            "month": "2013-06",
            "price": "11.27",
            "revenue": 232786
        },
        "2013-07": {
            "month": "2013-07",
            "price": "11.05",
            "revenue": 253280
        },
        "2013-08": {
            "month": "2013-08",
            "price": "10.87",
            "revenue": 247536
        },
        "2013-09": {
            "month": "2013-09",
            "price": "10.41",
            "revenue": 293294
        },
        "2013-10": {
            "month": "2013-10",
            "price": "11.02",
            "revenue": 309308
        },
        "2013-11": {
            "month": "2013-11",
            "price": "11.37",
            "revenue": 323306
        },
        "2013-12": {
            "month": "2013-12",
            "price": "12.49",
            "revenue": 301835
        },
        "2014-01": {
            "month": "2014-01",
            "price": "13.33",
            "revenue": 286022
        },
        "2014-02": {
            "month": "2014-02",
            "price": "14.23",
            "revenue": 261606
        },
        "2014-03": {
            "month": "2014-03",
            "price": "15.35",
            "revenue": 383916
        },
        "2014-04": {
            "month": "2014-04",
            "price": "15.85",
            "revenue": 377154
        },
        "2014-05": {
            "month": "2014-05",
            "price": "15.94",
            "revenue": 358180
        },
        "2014-06": {
            "month": "2014-06",
            "price": "16.51",
            "revenue": 296967
        },
        "2014-07": {
            "month": "2014-07",
            "price": "16.35",
            "revenue": 428573
        },
        "2014-08": {
            "month": "2014-08",
            "price": "16.81",
            "revenue": 440664
        },
        "2014-09": {
            "month": "2014-09",
            "price": "19.33",
            "revenue": 379336
        },
        "2014-10": {
            "month": "2014-10",
            "price": "17.87",
            "revenue": 425221
        },
        "2014-11": {
            "month": "2014-11",
            "price": "16.29",
            "revenue": 370282
        },
        "2014-12": {
            "month": "2014-12",
            "price": "15.46",
            "revenue": 286794
        },
        "2015-01": {
            "month": "2015-01",
            "price": "15.53",
            "revenue": 323169
        },
        "2015-02": {
            "month": "2015-02",
            "price": "15.27",
            "revenue": 214685
        },
        "2015-03": {
            "month": "2015-03",
            "price": "15.22",
            "revenue": 319658
        },
        "2015-04": {
            "month": "2015-04",
            "price": "16.22",
            "revenue": 326923
        },
        "2015-05": {
            "month": "2015-05",
            "price": "15.14",
            "revenue": 437133
        },
        "2015-06": {
            "month": "2015-06",
            "price": "14.80",
            "revenue": 434002
        },
        "2015-07": {
            "month": "2015-07",
            "price": "15.29",
            "revenue": 396919
        },
        "2015-08": {
            "month": "2015-08",
            "price": "13.38",
            "revenue": 485310
        },
        "2015-09": {
            "month": "2015-09",
            "price": "13.59",
            "revenue": 735383
        },
        "2015-10": {
            "month": "2015-10",
            "price": "17.65",
            "revenue": 710540
        },
        "2015-11": {
            "month": "2015-11",
            "price": "18.26",
            "revenue": 667706
        },
        "2015-12": {
            "month": "2015-12",
            "price": "17.35",
            "revenue": 556383
        },
        "2016-01": {
            "month": "2016-01",
            "price": "16.72",
            "revenue": 1026371
        },
        "2016-02": {
            "month": "2016-02",
            "price": "22.47",
            "revenue": 707822
        },
        "2016-03": {
            "month": "2016-03",
            "price": "34.95",
            "revenue": 943037
        },
        "2016-04": {
            "month": "2016-04",
            "price": "42.92",
            "revenue": 954690
        },
        "2016-05": {
            "month": "2016-05",
            "price": "38.26",
            "revenue": 370731
        },
        "2016-06": {
            "month": "2016-06",
            "price": "32.60",
            "revenue": 834761
        },
        "2016-07": {
            "month": "2016-07",
            "price": "30.94",
            "revenue": 423366
        },
        "2016-08": {
            "month": "2016-08",
            "price": "30.78",
            "revenue": 435673
        },
        "2016-09": {
            "month": "2016-09",
            "price": "26.14",
            "revenue": 754843
        },
        "2016-10": {
            "month": "2016-10",
            "price": "25.16",
            "revenue": 430635
        },
        "2016-11": {
            "month": "2016-11",
            "price": "20.37",
            "revenue": 513108
        },
        "2016-12": {
            "month": "2016-12",
            "price": "20.60",
            "revenue": 662264
        },
        "2017-01": {
            "month": "2017-01",
            "price": "23.57",
            "revenue": 457362
        },
        "2017-02": {
            "month": "2017-02",
            "price": "22.29",
            "revenue": 462834
        },
        "2017-03": {
            "month": "2017-03",
            "price": "22.94",
            "revenue": 487118
        },
        "2017-04": {
            "month": "2017-04",
            "price": "21.22",
            "revenue": 495575
        },
        "2017-05": {
            "month": "2017-05",
            "price": "21.20",
            "revenue": 502086
        },
        "2017-06": {
            "month": "2017-06",
            "price": "21.86",
            "revenue": 545620
        },
        "2017-07": {
            "month": "2017-07",
            "price": "21.23",
            "revenue": 505965
        },
        "2017-08": {
            "month": "2017-08",
            "price": "20.04",
            "revenue": 546983
        },
        "2017-09": {
            "month": "2017-09",
            "price": "19.45",
            "revenue": 606318
        },
        "2017-10": {
            "month": "2017-10",
            "price": "19.35",
            "revenue": 521403
        },
        "2017-11": {
            "month": "2017-11",
            "price": "19.67",
            "revenue": 541455
        },
        "2017-12": {
            "month": "2017-12",
            "price": "20.16",
            "revenue": 561680
        },
        "2018-01": {
            "month": "2018-01",
            "price": "20.52",
            "revenue": 654466
        },
        "2018-02": {
            "month": "2018-02",
            "price": "19.16",
            "revenue": 403444
        },
        "2018-03": {
            "month": "2018-03",
            "price": "19.36",
            "revenue": 726925
        },
        "2018-04": {
            "month": "2018-04",
            "price": "22.55",
            "revenue": 605973
        },
        "2018-05": {
            "month": "2018-05",
            "price": "21.85",
            "revenue": 692625
        },
        "2018-06": {
            "month": "2018-06",
            "price": "22.75",
            "revenue": 834231
        },
        "2018-07": {
            "month": "2018-07",
            "price": "24.08",
            "revenue": 720245
        },
        "2018-08": {
            "month": "2018-08",
            "price": "24.92",
            "revenue": 835648
        },
        "2018-09": {
            "month": "2018-09",
            "price": "23.46",
            "revenue": 710331
        },
        "2018-10": {
            "month": "2018-10",
            "price": "20.59",
            "revenue": 926297
        },
        "2018-11": {
            "month": "2018-11",
            "price": "21.94",
            "revenue": 773674
        },
        "2018-12": {
            "month": "2018-12",
            "price": "22.77",
            "revenue": 674121
        },
        "2019-01": {
            "month": "2019-01",
            "price": "22.10",
            "revenue": 756767
        },
        "2019-02": {
            "month": "2019-02",
            "price": "22.47",
            "revenue": 501700
        },
        "2019-03": {
            "month": "2019-03",
            "price": "25.08",
            "revenue": 794447
        },
        "2019-04": {
            "month": "2019-04",
            "price": "28.68",
            "revenue": 767550
        },
        "2019-05": {
            "month": "2019-05",
            "price": "24.39",
            "revenue": 653177
        },
        "2019-06": {
            "month": "2019-06",
            "price": "22.90",
            "revenue": 696783
        },
        "2019-07": {
            "month": "2019-07",
            "price": "24.22",
            "revenue": 786023
        },
        "2019-08": {
            "month": "2019-08",
            "price": "23.23",
            "revenue": 743651
        },
        "2019-09": {
            "month": "2019-09",
            "price": "22.47",
            "revenue": 782948
        },
        "2019-10": {
            "month": "2019-10",
            "price": "22.19",
            "revenue": 681618
        },
        "2019-11": {
            "month": "2019-11",
            "price": "22.50",
            "revenue": 674371
        },
        "2019-12": {
            "month": "2019-12",
            "price": "22.90",
            "revenue": 786050
        },
        "2020-01": {
            "month": "2020-01",
            "price": "23.00",
            "revenue": 553775
        },
        "2020-02": {
            "month": "2020-02",
            "price": "21.75",
            "revenue": 637527
        },
        "2020-03": {
            "month": "2020-03",
            "price": "17.43",
            "revenue": 809499
        },
        "2020-04": {
            "month": "2020-04",
            "price": "17.93",
            "revenue": 688879
        },
        "2020-05": {
            "month": "2020-05",
            "price": "21.34",
            "revenue": 712418
        },
        "2020-06": {
            "month": "2020-06",
            "price": "22.41",
            "revenue": 818102
        },
        "2020-07": {
            "month": "2020-07",
            "price": "24.36",
            "revenue": 877986
        },
        "2020-08": {
            "month": "2020-08",
            "price": "27.61",
            "revenue": 954012
        },
        "2020-09": {
            "month": "2020-09",
            "price": "32.85",
            "revenue": 1168546
        },
        "2020-10": {
            "month": "2020-10",
            "price": "34.98",
            "revenue": 870001
        },
        "2020-11": {
            "month": "2020-11",
            "price": "32.28",
            "revenue": 1089390
        },
        "2020-12": {
            "month": "2020-12",
            "price": "28.24",
            "revenue": 1067101
        },
        "2021-01": {
            "month": "2021-01",
            "price": "27.08",
            "revenue": 1293020
        },
        "2021-02": {
            "month": "2021-02",
            "price": "27.20",
            "revenue": 890292
        },
        "2021-03": {
            "month": "2021-03",
            "price": "29.91",
            "revenue": 1328938
        },
        "2021-04": {
            "month": "2021-04",
            "price": "31.65",
            "revenue": 1280838
        },
        "2021-05": {
            "month": "2021-05",
            "price": "28.38",
            "revenue": 1241342
        },
        "2021-06": {
            "month": "2021-06",
            "price": "29.35",
            "revenue": 1228528
        },
        "2021-07": {
            "month": "2021-07",
            "price": "30.44",
            "revenue": 1276775
        },
        "2021-08": {
            "month": "2021-08",
            "price": "31.59",
            "revenue": 1331202
        },
        "2021-09": {
            "month": "2021-09",
            "price": "38.67",
            "revenue": 968822
        },
        "2021-10": {
            "month": "2021-10",
            "price": "30.54",
            "revenue": 1115675
        },
        "2021-11": {
            "month": "2021-11",
            "price": "33.58",
            "revenue": 1186330
        },
        "2021-12": {
            "month": "2021-12",
            "price": "38.26",
            "revenue": 1140110
        },
        "2022-01": {
            "month": "2022-01",
            "price": "35.18",
            "revenue": 1337824
        },
        "2022-02": {
            "month": "2022-02",
            "price": "35.58",
            "revenue": 1176487
        },
        "2022-03": {
            "month": "2022-03",
            "price": "38.72",
            "revenue": 1082807
        },
        "2022-04": {
            "month": "2022-04",
            "price": "37.62",
            "revenue": 1098536
        },
        "2022-05": {
            "month": "2022-05",
            "price": "37.19",
            "revenue": 1472733
        },
        "2022-06": {
            "month": "2022-06",
            "price": "38.81",
            "revenue": 1187011
        },
        "2022-07": {
            "month": "2022-07",
            "price": "35.83",
            "revenue": 1369880
        },
        "2022-08": {
            "month": "2022-08",
            "price": "39.57",
            "revenue": 1307432
        },
        "2022-09": {
            "month": "2022-09",
            "price": "38.55",
            "revenue": 1223788
        },
        "2022-10": {
            "month": "2022-10",
            "price": "36.76",
            "revenue": 1274736
        },
        "2022-11": {
            "month": "2022-11",
            "price": "39.46",
            "revenue": 1247088
        },
        "2022-12": {
            "month": "2022-12",
            "price": "39.91",
            "revenue": 1223208
        },
        "2023-01": {
            "month": "2023-01",
            "price": "41.96",
            "revenue": 995581
        },
        "2023-02": {
            "month": "2023-02",
            "price": "44.53",
            "revenue": 1122420
        },
        "2023-03": {
            "month": "2023-03",
            "price": "48.72",
            "revenue": 1231007
        },
        "2023-04": {
            "month": "2023-04",
            "price": "49.36",
            "revenue": 1075951
        },
        "2023-05": {
            "month": "2023-05",
            "price": "43.98",
            "revenue": 1301927
        },
        "2023-06": {
            "month": "2023-06",
            "price": "43.36",
            "revenue": 1132401
        },
        "2023-07": {
            "month": "2023-07",
            "price": "44.47",
            "revenue": 1216147
        },
        "2023-08": {
            "month": "2023-08",
            "price": "44.23",
            "revenue": 1210397
        }
    }
}
