{
    "summary": {
        "stock_name": "全譜",
        "stock_id": "6228",
        "category": "電腦及週邊設備",
        "main_business": "底片型掃瞄器產品<br>生物醫學產品<br>建材及裝潢",
        "website_url": "http://www.scanace.com",
        "ceo": "曾治元",
        "pe_ratio": -23,
        "report_year_from": 2001,
        "report_year_to": 2023,
        "age": 23,
        "eps_negative_percentage": 61,
        "eps_growth_avg": {
            "last_all": -40.23,
            "last_2y": null,
            "last_4y": null,
            "last_8y": null,
            "last_12y": -100,
            "last_16y": -46.03,
            "last_20y": -57.76,
            "at_2006_last_3y": -77.32,
            "at_2007_last_3y": -81.35,
            "at_2008_last_3y": -76.71,
            "at_2009_last_3y": -10.04,
            "at_2010_last_3y": -32.53,
            "at_2011_last_3y": -24.82,
            "at_2012_last_3y": 0,
            "at_2013_last_3y": -100,
            "at_2014_last_3y": -100,
            "at_2015_last_3y": -100,
            "at_2016_last_3y": -100,
            "at_2017_last_3y": -100,
            "at_2018_last_3y": null,
            "at_2019_last_3y": null,
            "at_2020_last_3y": null,
            "at_2021_last_3y": null,
            "at_2022_last_3y": null,
            "at_2023_last_3y": null,
            "at_2024_last_3y": null,
            "at_2006_last_all": -32.99,
            "at_2007_last_all": -37.53,
            "at_2008_last_all": -43.68,
            "at_2009_last_all": -23.16,
            "at_2010_last_all": -32.76,
            "at_2011_last_all": -32.76,
            "at_2012_last_all": -32.76,
            "at_2013_last_all": -32.76,
            "at_2014_last_all": -40.23,
            "at_2015_last_all": -40.23,
            "at_2016_last_all": -40.23,
            "at_2017_last_all": -40.23,
            "at_2018_last_all": -40.23,
            "at_2019_last_all": -40.23,
            "at_2020_last_all": -40.23,
            "at_2021_last_all": -40.23,
            "at_2022_last_all": -40.23,
            "at_2023_last_all": -40.23,
            "at_2024_last_all": -40.23
        },
        "latest_eps": -1.18,
        "latest_price": 26.7,
        "latest_roe": -11.88,
        "latest_gross_margin": 31.99,
        "latest_equity": 237044,
        "latest_revenue": 8409,
        "latest_gross_profit": 2690,
        "latest_net_income": -4637,
        "latest_debt_ratio": 41.38,
        "latest_current_ratio": 105.08,
        "latest_account_receivable_turnover_ratio": 4.81,
        "latest_inventory_turnover_ratio": 0.12,
        "latest_reinvestment_rate": null,
        "latest_research_to_sale_ratio": 23.69
    },
    "eps_dividends": {
        "2001": {
            "cash": 0,
            "stock": 0,
            "eps": 1.55
        },
        "2002": {
            "cash": 0,
            "stock": 0,
            "eps": 3.51
        },
        "2003": {
            "cash": 0.23,
            "stock": 1.47,
            "eps": 1.98
        },
        "2004": {
            "cash": 0.4,
            "stock": 0.5,
            "eps": 0.23
        },
        "2005": {
            "cash": 0,
            "stock": 0,
            "eps": -3.03
        },
        "2006": {
            "cash": 0,
            "stock": 0,
            "eps": 1.06
        },
        "2007": {
            "cash": 0,
            "stock": 0,
            "eps": 0.47
        },
        "2008": {
            "cash": 0,
            "stock": 0,
            "eps": 0.12
        },
        "2009": {
            "cash": 0,
            "stock": 0,
            "eps": 0.26
        },
        "2010": {
            "cash": 0,
            "stock": 0,
            "eps": -0.32
        },
        "2011": {
            "cash": 0,
            "stock": 0,
            "eps": -0.1
        },
        "2012": {
            "cash": 0,
            "stock": 0,
            "eps": -2.39
        },
        "2013": {
            "cash": 0,
            "stock": 0,
            "eps": 0.05
        },
        "2014": {
            "cash": 0,
            "stock": 0,
            "eps": -1.43
        },
        "2015": {
            "cash": 0,
            "stock": 0,
            "eps": -0.99
        },
        "2016": {
            "cash": 0,
            "stock": 0,
            "eps": -1.25
        },
        "2017": {
            "cash": 0,
            "stock": 0,
            "eps": -1.58
        },
        "2018": {
            "cash": 0,
            "stock": 0,
            "eps": -1.04
        },
        "2019": {
            "cash": 0,
            "stock": 0,
            "eps": -1.01
        },
        "2020": {
            "cash": 0,
            "stock": 0,
            "eps": -0.84
        },
        "2021": {
            "cash": 0,
            "stock": 0,
            "eps": -0.14
        },
        "2022": {
            "cash": 0,
            "stock": 0,
            "eps": -0.64
        },
        "2023": {
            "cash": 0,
            "stock": 0,
            "eps": -0.54
        }
    },
    "dividends": {
        "2003-06-27": {
            "cash": 0.23,
            "stock": 1.47
        },
        "2004-04-12": {
            "cash": 0.4,
            "stock": 0.5
        }
    },
    "prices": {
        "200101": "無",
        "200102": "無",
        "200103": "無",
        "200104": "無",
        "200105": "無",
        "200106": "無",
        "200107": "無",
        "200108": "無",
        "200109": "無",
        "200110": "無",
        "200111": "無",
        "200112": "無",
        "200201": "無",
        "200202": "無",
        "200203": "無",
        "200204": "無",
        "200205": "無",
        "200206": "無",
        "200207": "無",
        "200208": "無",
        "200209": "無",
        "200210": "無",
        "200211": "無",
        "200212": "無",
        "200301": "32.25",
        "200302": "28.51",
        "200303": "31.13",
        "200304": "29.24",
        "200305": "28.55",
        "200306": "31.98",
        "200307": "30.38",
        "200308": "26.78",
        "200309": "19.86",
        "200310": "17.38",
        "200311": "19.54",
        "200312": "24.22",
        "200401": "24.66",
        "200402": "21.65",
        "200403": "19.70",
        "200404": "18.44",
        "200405": "15.08",
        "200406": "18.43",
        "200407": "14.61",
        "200408": "14.11",
        "200409": "11.93",
        "200410": "10.03",
        "200411": "9.17",
        "200412": "7.85",
        "200501": "6.85",
        "200502": "7.38",
        "200503": "7.39",
        "200504": "6.49",
        "200505": "5.27",
        "200506": "6.66",
        "200507": "6.92",
        "200508": "5.97",
        "200509": "5.05",
        "200510": "4.29",
        "200511": "3.97",
        "200512": "4.18",
        "200601": "4.55",
        "200602": "4.30",
        "200603": "4.15",
        "200604": "5.59",
        "200605": "10.13",
        "200606": "8.80",
        "200607": "8.09",
        "200608": "9.16",
        "200609": "9.72",
        "200610": "10.41",
        "200611": "10.08",
        "200612": "9.46",
        "200701": "10.90",
        "200702": "9.77",
        "200703": "9.99",
        "200704": "11.82",
        "200705": "11.84",
        "200706": "12.39",
        "200707": "13.46",
        "200708": "10.60",
        "200709": "10.20",
        "200710": "10.30",
        "200711": "8.94",
        "200712": "9.67",
        "200801": "8.14",
        "200802": "7.80",
        "200803": "8.09",
        "200804": "8.14",
        "200805": "8.75",
        "200806": "8.13",
        "200807": "7.51",
        "200808": "7.72",
        "200809": "7.01",
        "200810": "6.40",
        "200811": "5.80",
        "200812": "5.71",
        "200901": "5.64",
        "200902": "5.90",
        "200903": "6.12",
        "200904": "6.80",
        "200905": "7.16",
        "200906": "6.50",
        "200907": "7.70",
        "200908": "7.71",
        "200909": "8.10",
        "200910": "8.97",
        "200911": "9.93",
        "200912": "11.34",
        "201001": "12.58",
        "201002": "10.49",
        "201003": "12.25",
        "201004": "12.96",
        "201005": "12.69",
        "201006": "12.29",
        "201007": "12.55",
        "201008": "12.44",
        "201009": "12.13",
        "201010": "11.92",
        "201011": "10.34",
        "201012": "10.74",
        "201101": "11.15",
        "201102": "10.42",
        "201103": "10.58",
        "201104": "10.31",
        "201105": "9.53",
        "201106": "9.28",
        "201107": "8.50",
        "201108": "7.10",
        "201109": "6.74",
        "201110": "7.25",
        "201111": "7.22",
        "201112": "6.81",
        "201201": "6.59",
        "201202": "7.39",
        "201203": "7.43",
        "201204": "7.13",
        "201205": "6.52",
        "201206": "5.83",
        "201207": "6.24",
        "201208": "6.03",
        "201209": "5.64",
        "201210": "4.91",
        "201211": "4.05",
        "201212": "4.21",
        "201301": "4.61",
        "201302": "5.39",
        "201303": "6.38",
        "201304": "6.07",
        "201305": "7.29",
        "201306": "10.49",
        "201307": "11.75",
        "201308": "10.65",
        "201309": "9.97",
        "201310": "8.98",
        "201311": "7.32",
        "201312": "7.30",
        "201401": "7.86",
        "201402": "8.02",
        "201403": "10.36",
        "201404": "9.77",
        "201405": "10.45",
        "201406": "13.35",
        "201407": "23.30",
        "201408": "18.74",
        "201409": "19.09",
        "201410": "18.03",
        "201411": "19.31",
        "201412": "30.02",
        "201501": "32.87",
        "201502": "31.86",
        "201503": "32.18",
        "201504": "24.76",
        "201505": "14.87",
        "201506": "14.26",
        "201507": "11.95",
        "201508": "9.28",
        "201509": "10.19",
        "201510": "12.78",
        "201511": "11.82",
        "201512": "10.79",
        "201601": "8.57",
        "201602": "9.71",
        "201603": "10.48",
        "201604": "9.45",
        "201605": "7.85",
        "201606": "7.34",
        "201607": "6.75",
        "201608": "6.11",
        "201609": "7.41",
        "201610": "7.16",
        "201611": "11.81",
        "201612": "12.31",
        "201701": "11.61",
        "201702": "11.88",
        "201703": "12.13",
        "201704": "12.05",
        "201705": "12.13",
        "201706": "12.19",
        "201707": "11.92",
        "201708": "10.76",
        "201709": "10.00",
        "201710": "9.95",
        "201711": "10.43",
        "201712": "10.03",
        "201801": "9.65",
        "201802": "9.63",
        "201803": "11.41",
        "201804": "10.28",
        "201805": "9.31",
        "201806": "9.35",
        "201807": "8.85",
        "201808": "8.28",
        "201809": "8.01",
        "201810": "7.22",
        "201811": "6.87",
        "201812": "6.43",
        "201901": "6.68",
        "201902": "6.82",
        "201903": "6.78",
        "201904": "6.78",
        "201905": "6.77",
        "201906": "6.56",
        "201907": "6.63",
        "201908": "6.38",
        "201909": "6.86",
        "201910": "7.22",
        "201911": "6.76",
        "201912": "6.51",
        "202001": "6.40",
        "202002": "6.27",
        "202003": "6.42",
        "202004": "6.10",
        "202005": "5.93",
        "202006": "6.09",
        "202007": "7.75",
        "202008": "8.46",
        "202009": "8.15",
        "202010": "7.95",
        "202011": "7.56",
        "202012": "8.20",
        "202101": "9.24",
        "202102": "9.15",
        "202103": "11.18",
        "202104": "13.55",
        "202105": "11.03",
        "202106": "11.38",
        "202107": "11.09",
        "202108": "10.04",
        "202109": "9.70",
        "202110": "9.90",
        "202111": "11.22",
        "202112": "14.32",
        "202201": "19.15",
        "202202": "24.88",
        "202203": "21.57",
        "202204": "20.04",
        "202205": "19.94",
        "202206": "16.35",
        "202207": "12.60",
        "202208": "16.45",
        "202209": "13.71",
        "202210": "12.60",
        "202211": "13.10",
        "202212": "12.76",
        "202301": "12.43",
        "202302": "12.78",
        "202303": "14.68",
        "202304": "13.25",
        "202305": "12.90",
        "202306": "12.64",
        "202307": "12.37",
        "202308": "11.73",
        "202309": "11.74",
        "202310": "22.59",
        "202311": "24.60",
        "202312": "24.37"
    },
    "quarters": {
        "20011": {
            "year_quarter": 20011,
            "year": 2001,
            "quarter": 1,
            "eps": null,
            "eps_growth_year": null,
            "eps_4q": null,
            "eps_4q_growth_year": null,
            "roe": null,
            "roe_4q": 0,
            "gross_profit": null,
            "gross_margin": null,
            "gross_margin_4q_avg": 0,
            "net_income": null,
            "net_income_4q": null,
            "revenue": null,
            "revenue_4q": null,
            "common_shares": null,
            "book_valuer_per_share": null,
            "book_valuer_per_share_4q_avg": 0,
            "equity": null,
            "current_ratio": null,
            "debt_ratio": null,
            "inventory_turnover_ratio": null,
            "account_receivable_turnover_ratio": null,
            "reinvestment_rate": null,
            "research_to_sale_ratio": null,
            "price_fair": 0,
            "eps_avg_yearly": 0,
            "eps_latest_yearly": 0,
            "eps_growth_yearly": 0
        },
        "20012": {
            "year_quarter": 20012,
            "year": 2001,
            "quarter": 2,
            "eps": null,
            "eps_growth_year": null,
            "eps_4q": null,
            "eps_4q_growth_year": null,
            "roe": null,
            "roe_4q": 0,
            "gross_profit": null,
            "gross_margin": null,
            "gross_margin_4q_avg": 0,
            "net_income": null,
            "net_income_4q": null,
            "revenue": null,
            "revenue_4q": null,
            "common_shares": null,
            "book_valuer_per_share": null,
            "book_valuer_per_share_4q_avg": 0,
            "equity": null,
            "current_ratio": null,
            "debt_ratio": null,
            "inventory_turnover_ratio": null,
            "account_receivable_turnover_ratio": null,
            "reinvestment_rate": null,
            "research_to_sale_ratio": null,
            "price_fair": 0,
            "eps_avg_yearly": 0,
            "eps_latest_yearly": 0,
            "eps_growth_yearly": 0
        },
        "20013": {
            "year_quarter": 20013,
            "year": 2001,
            "quarter": 3,
            "eps": -0.19,
            "eps_growth_year": null,
            "eps_4q": null,
            "eps_4q_growth_year": null,
            "roe": -2.16,
            "roe_4q": -2.16,
            "gross_profit": 23079,
            "gross_margin": 42.65,
            "gross_margin_4q_avg": 14.22,
            "net_income": -3578,
            "net_income_4q": null,
            "revenue": 54116,
            "revenue_4q": null,
            "common_shares": 192246,
            "book_valuer_per_share": 8.62,
            "book_valuer_per_share_4q_avg": 2.87,
            "equity": 165714,
            "current_ratio": 186.5,
            "debt_ratio": 43.66,
            "inventory_turnover_ratio": 0.39,
            "account_receivable_turnover_ratio": null,
            "reinvestment_rate": null,
            "research_to_sale_ratio": null,
            "price_fair": 0,
            "eps_avg_yearly": 0,
            "eps_latest_yearly": 0,
            "eps_growth_yearly": 0
        },
        "20014": {
            "year_quarter": 20014,
            "year": 2001,
            "quarter": 4,
            "eps": 1.74,
            "eps_growth_year": null,
            "eps_4q": null,
            "eps_4q_growth_year": null,
            "roe": 18.32,
            "roe_4q": 16.16,
            "gross_profit": 35264,
            "gross_margin": 40.42,
            "gross_margin_4q_avg": 20.77,
            "net_income": 33424,
            "net_income_4q": null,
            "revenue": 87250,
            "revenue_4q": null,
            "common_shares": 192246,
            "book_valuer_per_share": 10.36,
            "book_valuer_per_share_4q_avg": 4.75,
            "equity": 199226,
            "current_ratio": 303.73,
            "debt_ratio": 23.69,
            "inventory_turnover_ratio": 0.76,
            "account_receivable_turnover_ratio": null,
            "reinvestment_rate": null,
            "research_to_sale_ratio": null,
            "price_fair": 0,
            "eps_avg_yearly": 0,
            "eps_latest_yearly": 0,
            "eps_growth_yearly": 0
        },
        "20021": {
            "year_quarter": 20021,
            "year": 2002,
            "quarter": 1,
            "eps": 0.89,
            "eps_growth_year": null,
            "eps_4q": null,
            "eps_4q_growth_year": null,
            "roe": 8.24,
            "roe_4q": 24.400000000000002,
            "gross_profit": 34385,
            "gross_margin": 46.22,
            "gross_margin_4q_avg": 32.32,
            "net_income": 17131,
            "net_income_4q": null,
            "revenue": 74389,
            "revenue_4q": null,
            "common_shares": 192246,
            "book_valuer_per_share": 11.25,
            "book_valuer_per_share_4q_avg": 7.56,
            "equity": 216357,
            "current_ratio": 258.35,
            "debt_ratio": 34.57,
            "inventory_turnover_ratio": 0.64,
            "account_receivable_turnover_ratio": null,
            "reinvestment_rate": null,
            "research_to_sale_ratio": null,
            "price_fair": 10.68,
            "eps_avg_yearly": 3.56,
            "eps_latest_yearly": 3.56,
            "eps_growth_yearly": -195.4
        },
        "20022": {
            "year_quarter": 20022,
            "year": 2002,
            "quarter": 2,
            "eps": 0.48,
            "eps_growth_year": null,
            "eps_4q": 2.8,
            "eps_4q_growth_year": null,
            "roe": 3.87,
            "roe_4q": 28.27,
            "gross_profit": 60349,
            "gross_margin": 44.75,
            "gross_margin_4q_avg": 43.51,
            "net_income": 9707,
            "net_income_4q": null,
            "revenue": 134845,
            "revenue_4q": null,
            "common_shares": 242200,
            "book_valuer_per_share": 11.8,
            "book_valuer_per_share_4q_avg": 10.51,
            "equity": 285811,
            "current_ratio": 217.56,
            "debt_ratio": 44.59,
            "inventory_turnover_ratio": 0.86,
            "account_receivable_turnover_ratio": null,
            "reinvestment_rate": null,
            "research_to_sale_ratio": null,
            "price_fair": 8.22,
            "eps_avg_yearly": 2.74,
            "eps_latest_yearly": 1.92,
            "eps_growth_yearly": -189.84
        },
        "20023": {
            "year_quarter": 20023,
            "year": 2002,
            "quarter": 3,
            "eps": 1.07,
            "eps_growth_year": null,
            "eps_4q": 3.56,
            "eps_4q_growth_year": null,
            "roe": 8.65,
            "roe_4q": 39.08,
            "gross_profit": 49040,
            "gross_margin": 40.27,
            "gross_margin_4q_avg": 42.92,
            "net_income": 25848,
            "net_income_4q": null,
            "revenue": 121771,
            "revenue_4q": null,
            "common_shares": 242200,
            "book_valuer_per_share": 12.87,
            "book_valuer_per_share_4q_avg": 11.57,
            "equity": 311659,
            "current_ratio": 219.86,
            "debt_ratio": 43.05,
            "inventory_turnover_ratio": 0.65,
            "account_receivable_turnover_ratio": null,
            "reinvestment_rate": null,
            "research_to_sale_ratio": null,
            "price_fair": 113.87,
            "eps_avg_yearly": 3.25,
            "eps_latest_yearly": 4.28,
            "eps_growth_yearly": 37.33
        },
        "20024": {
            "year_quarter": 20024,
            "year": 2002,
            "quarter": 4,
            "eps": 1.07,
            "eps_growth_year": -38.51,
            "eps_4q": 3.43,
            "eps_4q_growth_year": null,
            "roe": 7.38,
            "roe_4q": 28.14,
            "gross_profit": 56399,
            "gross_margin": 37.95,
            "gross_margin_4q_avg": 42.3,
            "net_income": 23881,
            "net_income_4q": null,
            "revenue": 148615,
            "revenue_4q": null,
            "common_shares": 242200,
            "book_valuer_per_share": 13.86,
            "book_valuer_per_share_4q_avg": 12.45,
            "equity": 335661,
            "current_ratio": 279.43,
            "debt_ratio": 32.55,
            "inventory_turnover_ratio": 0.73,
            "account_receivable_turnover_ratio": null,
            "reinvestment_rate": null,
            "research_to_sale_ratio": null,
            "price_fair": 122.85,
            "eps_avg_yearly": 3.51,
            "eps_latest_yearly": 4.28,
            "eps_growth_yearly": 28
        },
        "20031": {
            "year_quarter": 20031,
            "year": 2003,
            "quarter": 1,
            "eps": 0.94,
            "eps_growth_year": 5.62,
            "eps_4q": 3.4,
            "eps_4q_growth_year": null,
            "roe": 6.55,
            "roe_4q": 26.45,
            "gross_profit": 64977,
            "gross_margin": 41.05,
            "gross_margin_4q_avg": 41.01,
            "net_income": 22733,
            "net_income_4q": null,
            "revenue": 158302,
            "revenue_4q": null,
            "common_shares": 242200,
            "book_valuer_per_share": 14.79,
            "book_valuer_per_share_4q_avg": 13.33,
            "equity": 358196,
            "current_ratio": 521.5,
            "debt_ratio": 31.34,
            "inventory_turnover_ratio": 0.91,
            "account_receivable_turnover_ratio": null,
            "reinvestment_rate": null,
            "research_to_sale_ratio": null,
            "price_fair": 80.74,
            "eps_avg_yearly": 3.56,
            "eps_latest_yearly": 3.76,
            "eps_growth_yearly": 12.68
        },
        "20032": {
            "year_quarter": 20032,
            "year": 2003,
            "quarter": 2,
            "eps": 0.37,
            "eps_growth_year": -22.92,
            "eps_4q": 3.35,
            "eps_4q_growth_year": 19.46,
            "roe": 2.52,
            "roe_4q": 25.1,
            "gross_profit": 47920,
            "gross_margin": 48.78,
            "gross_margin_4q_avg": 42.01,
            "net_income": 9002,
            "net_income_4q": null,
            "revenue": 98245,
            "revenue_4q": null,
            "common_shares": 242200,
            "book_valuer_per_share": 14.67,
            "book_valuer_per_share_4q_avg": 14.05,
            "equity": 355196,
            "current_ratio": 435.86,
            "debt_ratio": 30.07,
            "inventory_turnover_ratio": 0.71,
            "account_receivable_turnover_ratio": null,
            "reinvestment_rate": null,
            "research_to_sale_ratio": null,
            "price_fair": 9.64,
            "eps_avg_yearly": 3.21,
            "eps_latest_yearly": 1.48,
            "eps_growth_yearly": -29.86
        },
        "20033": {
            "year_quarter": 20033,
            "year": 2003,
            "quarter": 3,
            "eps": 0.21,
            "eps_growth_year": -80.37,
            "eps_4q": 2.21,
            "eps_4q_growth_year": -38.02,
            "roe": 1.63,
            "roe_4q": 18.08,
            "gross_profit": 29341,
            "gross_margin": 48.91,
            "gross_margin_4q_avg": 44.17,
            "net_income": 5842,
            "net_income_4q": null,
            "revenue": 59985,
            "revenue_4q": null,
            "common_shares": 280000,
            "book_valuer_per_share": 12.89,
            "book_valuer_per_share_4q_avg": 14.05,
            "equity": 361038,
            "current_ratio": 508.74,
            "debt_ratio": 26.19,
            "inventory_turnover_ratio": 0.41,
            "account_receivable_turnover_ratio": null,
            "reinvestment_rate": null,
            "research_to_sale_ratio": null,
            "price_fair": 8.62,
            "eps_avg_yearly": 2.87,
            "eps_latest_yearly": 0.84,
            "eps_growth_yearly": -50.3
        },
        "20034": {
            "year_quarter": 20034,
            "year": 2003,
            "quarter": 4,
            "eps": 0.46,
            "eps_growth_year": -57.01,
            "eps_4q": 1.81,
            "eps_4q_growth_year": -47.3,
            "roe": 3.49,
            "roe_4q": 14.190000000000001,
            "gross_profit": 46402,
            "gross_margin": 49.95,
            "gross_margin_4q_avg": 47.17,
            "net_income": 12824,
            "net_income_4q": null,
            "revenue": 92905,
            "revenue_4q": null,
            "common_shares": 280000,
            "book_valuer_per_share": 13.35,
            "book_valuer_per_share_4q_avg": 13.93,
            "equity": 373862,
            "current_ratio": 539.14,
            "debt_ratio": 47.93,
            "inventory_turnover_ratio": 0.47,
            "account_receivable_turnover_ratio": null,
            "reinvestment_rate": null,
            "research_to_sale_ratio": null,
            "price_fair": 70.02,
            "eps_avg_yearly": 2.75,
            "eps_latest_yearly": 1.84,
            "eps_growth_yearly": 15.51
        },
        "20041": {
            "year_quarter": 20041,
            "year": 2004,
            "quarter": 1,
            "eps": 0.3,
            "eps_growth_year": -68.09,
            "eps_4q": 1.29,
            "eps_4q_growth_year": -62.06,
            "roe": 2.21,
            "roe_4q": 9.85,
            "gross_profit": 30144,
            "gross_margin": 36.27,
            "gross_margin_4q_avg": 45.98,
            "net_income": 8391,
            "net_income_4q": null,
            "revenue": 83106,
            "revenue_4q": null,
            "common_shares": 281379,
            "book_valuer_per_share": 13.67,
            "book_valuer_per_share_4q_avg": 13.65,
            "equity": 384654,
            "current_ratio": 1068.53,
            "debt_ratio": 46.28,
            "inventory_turnover_ratio": 0.56,
            "account_receivable_turnover_ratio": null,
            "reinvestment_rate": null,
            "research_to_sale_ratio": null,
            "price_fair": 7.72,
            "eps_avg_yearly": 2.57,
            "eps_latest_yearly": 1.2,
            "eps_growth_yearly": -1.67
        },
        "20042": {
            "year_quarter": 20042,
            "year": 2004,
            "quarter": 2,
            "eps": -0.09,
            "eps_growth_year": -124.32,
            "eps_4q": 0.85,
            "eps_4q_growth_year": -74.52,
            "roe": -0.67,
            "roe_4q": 6.66,
            "gross_profit": 14977,
            "gross_margin": 30.56,
            "gross_margin_4q_avg": 41.42,
            "net_income": -2542,
            "net_income_4q": null,
            "revenue": 49009,
            "revenue_4q": null,
            "common_shares": 287299,
            "book_valuer_per_share": 13.07,
            "book_valuer_per_share_4q_avg": 13.25,
            "equity": 375452,
            "current_ratio": 511.21,
            "debt_ratio": 48.09,
            "inventory_turnover_ratio": 0.5,
            "account_receivable_turnover_ratio": null,
            "reinvestment_rate": null,
            "research_to_sale_ratio": null,
            "price_fair": 7.72,
            "eps_avg_yearly": 2.57,
            "eps_latest_yearly": 1.2,
            "eps_growth_yearly": -1.67
        },
        "20043": {
            "year_quarter": 20043,
            "year": 2004,
            "quarter": 3,
            "eps": -0.01,
            "eps_growth_year": -104.76,
            "eps_4q": 0.61,
            "eps_4q_growth_year": -72.58,
            "roe": -0.09,
            "roe_4q": 4.94,
            "gross_profit": 12729,
            "gross_margin": 22.54,
            "gross_margin_4q_avg": 34.83,
            "net_income": -322,
            "net_income_4q": null,
            "revenue": 56465,
            "revenue_4q": null,
            "common_shares": 302931,
            "book_valuer_per_share": 12.42,
            "book_valuer_per_share_4q_avg": 13.13,
            "equity": 376238,
            "current_ratio": 566.76,
            "debt_ratio": 46.81,
            "inventory_turnover_ratio": 0.59,
            "account_receivable_turnover_ratio": null,
            "reinvestment_rate": null,
            "research_to_sale_ratio": null,
            "price_fair": 7.72,
            "eps_avg_yearly": 2.57,
            "eps_latest_yearly": 1.2,
            "eps_growth_yearly": -1.67
        },
        "20044": {
            "year_quarter": 20044,
            "year": 2004,
            "quarter": 4,
            "eps": 0.03,
            "eps_growth_year": -93.48,
            "eps_4q": 0.23,
            "eps_4q_growth_year": -87.32,
            "roe": 0.22,
            "roe_4q": 1.67,
            "gross_profit": 42015,
            "gross_margin": 38.06,
            "gross_margin_4q_avg": 31.86,
            "net_income": 832,
            "net_income_4q": null,
            "revenue": 110402,
            "revenue_4q": null,
            "common_shares": 302931,
            "book_valuer_per_share": 12.38,
            "book_valuer_per_share_4q_avg": 12.89,
            "equity": 374905,
            "current_ratio": 575.75,
            "debt_ratio": 44.71,
            "inventory_turnover_ratio": 0.75,
            "account_receivable_turnover_ratio": null,
            "reinvestment_rate": null,
            "research_to_sale_ratio": null,
            "price_fair": 7.72,
            "eps_avg_yearly": 2.57,
            "eps_latest_yearly": 1.2,
            "eps_growth_yearly": -1.67
        },
        "20051": {
            "year_quarter": 20051,
            "year": 2005,
            "quarter": 1,
            "eps": -0.23,
            "eps_growth_year": -176.67,
            "eps_4q": -0.3,
            "eps_4q_growth_year": -123.08,
            "roe": -1.86,
            "roe_4q": -2.4000000000000004,
            "gross_profit": 28229,
            "gross_margin": 42.56,
            "gross_margin_4q_avg": 33.43,
            "net_income": -6914,
            "net_income_4q": null,
            "revenue": 66323,
            "revenue_4q": null,
            "common_shares": 302931,
            "book_valuer_per_share": 12.15,
            "book_valuer_per_share_4q_avg": 12.51,
            "equity": 367991,
            "current_ratio": 878.08,
            "debt_ratio": 43.68,
            "inventory_turnover_ratio": 0.46,
            "account_receivable_turnover_ratio": null,
            "reinvestment_rate": null,
            "research_to_sale_ratio": null,
            "price_fair": 7.72,
            "eps_avg_yearly": 2.57,
            "eps_latest_yearly": 1.2,
            "eps_growth_yearly": -1.67
        },
        "20052": {
            "year_quarter": 20052,
            "year": 2005,
            "quarter": 2,
            "eps": -1.23,
            "eps_growth_year": null,
            "eps_4q": -1.44,
            "eps_4q_growth_year": -268.42,
            "roe": -10.63,
            "roe_4q": -12.36,
            "gross_profit": 18938,
            "gross_margin": 39,
            "gross_margin_4q_avg": 35.54,
            "net_income": -37131,
            "net_income_4q": null,
            "revenue": 48564,
            "revenue_4q": null,
            "common_shares": 302931,
            "book_valuer_per_share": 10.91,
            "book_valuer_per_share_4q_avg": 11.97,
            "equity": 330511,
            "current_ratio": 1032.21,
            "debt_ratio": 45.77,
            "inventory_turnover_ratio": 0.47,
            "account_receivable_turnover_ratio": null,
            "reinvestment_rate": 137.76,
            "research_to_sale_ratio": null,
            "price_fair": 7.72,
            "eps_avg_yearly": 2.57,
            "eps_latest_yearly": 1.2,
            "eps_growth_yearly": -1.67
        },
        "20053": {
            "year_quarter": 20053,
            "year": 2005,
            "quarter": 3,
            "eps": -0.32,
            "eps_growth_year": null,
            "eps_4q": -1.74,
            "eps_4q_growth_year": -387.73,
            "roe": -2.94,
            "roe_4q": -15.209999999999999,
            "gross_profit": -2304,
            "gross_margin": -14.32,
            "gross_margin_4q_avg": 26.33,
            "net_income": -9589,
            "net_income_4q": null,
            "revenue": 16095,
            "revenue_4q": null,
            "common_shares": 302931,
            "book_valuer_per_share": 10.59,
            "book_valuer_per_share_4q_avg": 11.51,
            "equity": 320922,
            "current_ratio": 1264.15,
            "debt_ratio": 44.59,
            "inventory_turnover_ratio": 0.32,
            "account_receivable_turnover_ratio": null,
            "reinvestment_rate": 100.32,
            "research_to_sale_ratio": null,
            "price_fair": 7.72,
            "eps_avg_yearly": 2.57,
            "eps_latest_yearly": 1.2,
            "eps_growth_yearly": -1.67
        },
        "20054": {
            "year_quarter": 20054,
            "year": 2005,
            "quarter": 4,
            "eps": -1.25,
            "eps_growth_year": -4266.67,
            "eps_4q": -2.88,
            "eps_4q_growth_year": -1357.43,
            "roe": -12.48,
            "roe_4q": -27.91,
            "gross_profit": 4083,
            "gross_margin": 12.11,
            "gross_margin_4q_avg": 19.84,
            "net_income": -37822,
            "net_income_4q": null,
            "revenue": 33729,
            "revenue_4q": null,
            "common_shares": 302931,
            "book_valuer_per_share": 9.38,
            "book_valuer_per_share_4q_avg": 10.76,
            "equity": 285073,
            "current_ratio": 112.66,
            "debt_ratio": 50.44,
            "inventory_turnover_ratio": 0.44,
            "account_receivable_turnover_ratio": null,
            "reinvestment_rate": 262.98,
            "research_to_sale_ratio": null,
            "price_fair": 7.72,
            "eps_avg_yearly": 2.57,
            "eps_latest_yearly": 1.2,
            "eps_growth_yearly": -1.67
        },
        "20061": {
            "year_quarter": 20061,
            "year": 2006,
            "quarter": 1,
            "eps": 0.4,
            "eps_growth_year": null,
            "eps_4q": -2.42,
            "eps_4q_growth_year": null,
            "roe": 4.12,
            "roe_4q": -21.93,
            "gross_profit": 30304,
            "gross_margin": 34.63,
            "gross_margin_4q_avg": 17.86,
            "net_income": 11977,
            "net_income_4q": null,
            "revenue": 87500,
            "revenue_4q": null,
            "common_shares": 302931,
            "book_valuer_per_share": 9.76,
            "book_valuer_per_share_4q_avg": 10.16,
            "equity": 295640,
            "current_ratio": 118.31,
            "debt_ratio": 48.86,
            "inventory_turnover_ratio": 0.84,
            "account_receivable_turnover_ratio": null,
            "reinvestment_rate": 297.59,
            "research_to_sale_ratio": null,
            "price_fair": 79.73,
            "eps_avg_yearly": 2.45,
            "eps_latest_yearly": 1.2,
            "eps_growth_yearly": 22.54
        },
        "20062": {
            "year_quarter": 20062,
            "year": 2006,
            "quarter": 2,
            "eps": 0.07,
            "eps_growth_year": null,
            "eps_4q": -1.19,
            "eps_4q_growth_year": null,
            "roe": 0.66,
            "roe_4q": -10.64,
            "gross_profit": 26174,
            "gross_margin": 38.09,
            "gross_margin_4q_avg": 17.63,
            "net_income": 1968,
            "net_income_4q": null,
            "revenue": 68719,
            "revenue_4q": null,
            "common_shares": 302931,
            "book_valuer_per_share": 9.92,
            "book_valuer_per_share_4q_avg": 9.91,
            "equity": 300510,
            "current_ratio": 122.12,
            "debt_ratio": 48.42,
            "inventory_turnover_ratio": 0.6,
            "account_receivable_turnover_ratio": null,
            "reinvestment_rate": -56.69,
            "research_to_sale_ratio": null,
            "price_fair": 32.16,
            "eps_avg_yearly": 2.25,
            "eps_latest_yearly": 0.28,
            "eps_growth_yearly": 4.33
        },
        "20063": {
            "year_quarter": 20063,
            "year": 2006,
            "quarter": 3,
            "eps": 0.31,
            "eps_growth_year": null,
            "eps_4q": -0.49,
            "eps_4q_growth_year": null,
            "roe": 3.03,
            "roe_4q": -4.67,
            "gross_profit": 23608,
            "gross_margin": 28.78,
            "gross_margin_4q_avg": 28.4,
            "net_income": 9248,
            "net_income_4q": null,
            "revenue": 82031,
            "revenue_4q": null,
            "common_shares": 302931,
            "book_valuer_per_share": 10.25,
            "book_valuer_per_share_4q_avg": 9.83,
            "equity": 310456,
            "current_ratio": 136.56,
            "debt_ratio": 40.04,
            "inventory_turnover_ratio": 0.84,
            "account_receivable_turnover_ratio": null,
            "reinvestment_rate": -141.91,
            "research_to_sale_ratio": null,
            "price_fair": 65.28,
            "eps_avg_yearly": 1.87,
            "eps_latest_yearly": 1.24,
            "eps_growth_yearly": 114.3
        },
        "20064": {
            "year_quarter": 20064,
            "year": 2006,
            "quarter": 4,
            "eps": 0.28,
            "eps_growth_year": null,
            "eps_4q": 1.03,
            "eps_4q_growth_year": null,
            "roe": 2.4,
            "roe_4q": 10.21,
            "gross_profit": 16828,
            "gross_margin": 32.62,
            "gross_margin_4q_avg": 33.53,
            "net_income": 8624,
            "net_income_4q": null,
            "revenue": 51587,
            "revenue_4q": null,
            "common_shares": 400038,
            "book_valuer_per_share": 10.17,
            "book_valuer_per_share_4q_avg": 10.03,
            "equity": 407673,
            "current_ratio": 285.7,
            "debt_ratio": 17.87,
            "inventory_turnover_ratio": 0.5,
            "account_receivable_turnover_ratio": null,
            "reinvestment_rate": null,
            "research_to_sale_ratio": null,
            "price_fair": 51.45,
            "eps_avg_yearly": 1.47,
            "eps_latest_yearly": 1.12,
            "eps_growth_yearly": 109.46
        },
        "20071": {
            "year_quarter": 20071,
            "year": 2007,
            "quarter": 1,
            "eps": 0.39,
            "eps_growth_year": -2.5,
            "eps_4q": 0.89,
            "eps_4q_growth_year": null,
            "roe": 3.7,
            "roe_4q": 9.79,
            "gross_profit": 28349,
            "gross_margin": 40.56,
            "gross_margin_4q_avg": 35.01,
            "net_income": 15371,
            "net_income_4q": null,
            "revenue": 69895,
            "revenue_4q": null,
            "common_shares": 400038,
            "book_valuer_per_share": 10.55,
            "book_valuer_per_share_4q_avg": 10.22,
            "equity": 422124,
            "current_ratio": 332.02,
            "debt_ratio": 17.09,
            "inventory_turnover_ratio": 0.57,
            "account_receivable_turnover_ratio": null,
            "reinvestment_rate": null,
            "research_to_sale_ratio": null,
            "price_fair": 41.83,
            "eps_avg_yearly": 1.2,
            "eps_latest_yearly": 1.56,
            "eps_growth_yearly": 135.17
        },
        "20072": {
            "year_quarter": 20072,
            "year": 2007,
            "quarter": 2,
            "eps": 0.14,
            "eps_growth_year": 100,
            "eps_4q": 0.98,
            "eps_4q_growth_year": null,
            "roe": 1.3,
            "roe_4q": 10.43,
            "gross_profit": 21170,
            "gross_margin": 42.59,
            "gross_margin_4q_avg": 36.14,
            "net_income": 5536,
            "net_income_4q": null,
            "revenue": 49705,
            "revenue_4q": null,
            "common_shares": 400492,
            "book_valuer_per_share": 10.71,
            "book_valuer_per_share_4q_avg": 10.42,
            "equity": 428743,
            "current_ratio": 434.54,
            "debt_ratio": 14.35,
            "inventory_turnover_ratio": 0.45,
            "account_receivable_turnover_ratio": null,
            "reinvestment_rate": null,
            "research_to_sale_ratio": null,
            "price_fair": 37.8,
            "eps_avg_yearly": 1.08,
            "eps_latest_yearly": 0.56,
            "eps_growth_yearly": 133.44
        },
        "20073": {
            "year_quarter": 20073,
            "year": 2007,
            "quarter": 3,
            "eps": 0.04,
            "eps_growth_year": -87.1,
            "eps_4q": 0.76,
            "eps_4q_growth_year": null,
            "roe": 0.38,
            "roe_4q": 7.780000000000001,
            "gross_profit": 8463,
            "gross_margin": 31.97,
            "gross_margin_4q_avg": 36.94,
            "net_income": 1641,
            "net_income_4q": null,
            "revenue": 26470,
            "revenue_4q": null,
            "common_shares": 401400,
            "book_valuer_per_share": 10.75,
            "book_valuer_per_share_4q_avg": 10.55,
            "equity": 431393,
            "current_ratio": 671.06,
            "debt_ratio": 8.63,
            "inventory_turnover_ratio": 0.3,
            "account_receivable_turnover_ratio": null,
            "reinvestment_rate": null,
            "research_to_sale_ratio": null,
            "price_fair": 34.83,
            "eps_avg_yearly": 1,
            "eps_latest_yearly": 0.16,
            "eps_growth_yearly": 119.35
        },
        "20074": {
            "year_quarter": 20074,
            "year": 2007,
            "quarter": 4,
            "eps": -0.1,
            "eps_growth_year": -135.71,
            "eps_4q": 0.47,
            "eps_4q_growth_year": -54.66,
            "roe": -0.96,
            "roe_4q": 4.42,
            "gross_profit": 21218,
            "gross_margin": 38.03,
            "gross_margin_4q_avg": 38.29,
            "net_income": -4139,
            "net_income_4q": null,
            "revenue": 55797,
            "revenue_4q": null,
            "common_shares": 411146,
            "book_valuer_per_share": 10.57,
            "book_valuer_per_share_4q_avg": 10.65,
            "equity": 435142,
            "current_ratio": 528.41,
            "debt_ratio": 9.72,
            "inventory_turnover_ratio": 0.6,
            "account_receivable_turnover_ratio": null,
            "reinvestment_rate": null,
            "research_to_sale_ratio": null,
            "price_fair": 30.6,
            "eps_avg_yearly": 0.87,
            "eps_latest_yearly": 0.16,
            "eps_growth_yearly": 68.37
        },
        "20081": {
            "year_quarter": 20081,
            "year": 2008,
            "quarter": 1,
            "eps": 0.03,
            "eps_growth_year": -92.31,
            "eps_4q": 0.1,
            "eps_4q_growth_year": -88.8,
            "roe": 0.3,
            "roe_4q": 1.02,
            "gross_profit": 19377,
            "gross_margin": 49.36,
            "gross_margin_4q_avg": 40.49,
            "net_income": 1322,
            "net_income_4q": null,
            "revenue": 39254,
            "revenue_4q": null,
            "common_shares": 411146,
            "book_valuer_per_share": 10.57,
            "book_valuer_per_share_4q_avg": 10.65,
            "equity": 435150,
            "current_ratio": 456.24,
            "debt_ratio": 11.53,
            "inventory_turnover_ratio": 0.28,
            "account_receivable_turnover_ratio": null,
            "reinvestment_rate": null,
            "research_to_sale_ratio": null,
            "price_fair": 28.7,
            "eps_avg_yearly": 0.82,
            "eps_latest_yearly": 0.16,
            "eps_growth_yearly": 102.96
        },
        "20082": {
            "year_quarter": 20082,
            "year": 2008,
            "quarter": 2,
            "eps": 0.37,
            "eps_growth_year": 164.29,
            "eps_4q": 0.35,
            "eps_4q_growth_year": -64.51,
            "roe": 3.37,
            "roe_4q": 3.09,
            "gross_profit": 34624,
            "gross_margin": 47.44,
            "gross_margin_4q_avg": 41.7,
            "net_income": 14909,
            "net_income_4q": null,
            "revenue": 72983,
            "revenue_4q": null,
            "common_shares": 411146,
            "book_valuer_per_share": 10.94,
            "book_valuer_per_share_4q_avg": 10.71,
            "equity": 450058,
            "current_ratio": 589.76,
            "debt_ratio": 9.06,
            "inventory_turnover_ratio": 0.46,
            "account_receivable_turnover_ratio": null,
            "reinvestment_rate": null,
            "research_to_sale_ratio": null,
            "price_fair": 32,
            "eps_avg_yearly": 0.91,
            "eps_latest_yearly": 1.48,
            "eps_growth_yearly": 735.87
        },
        "20083": {
            "year_quarter": 20083,
            "year": 2008,
            "quarter": 3,
            "eps": -0.02,
            "eps_growth_year": -150,
            "eps_4q": 0.28,
            "eps_4q_growth_year": -62.72,
            "roe": -0.16,
            "roe_4q": 2.55,
            "gross_profit": 17576,
            "gross_margin": 42.49,
            "gross_margin_4q_avg": 44.33,
            "net_income": -743,
            "net_income_4q": null,
            "revenue": 41367,
            "revenue_4q": null,
            "common_shares": 411146,
            "book_valuer_per_share": 10.96,
            "book_valuer_per_share_4q_avg": 10.76,
            "equity": 451022,
            "current_ratio": 703.95,
            "debt_ratio": 7.48,
            "inventory_turnover_ratio": 0.29,
            "account_receivable_turnover_ratio": null,
            "reinvestment_rate": null,
            "research_to_sale_ratio": null,
            "price_fair": 32,
            "eps_avg_yearly": 0.91,
            "eps_latest_yearly": 1.48,
            "eps_growth_yearly": 735.87
        },
        "20084": {
            "year_quarter": 20084,
            "year": 2008,
            "quarter": 4,
            "eps": -0.26,
            "eps_growth_year": null,
            "eps_4q": 0.13,
            "eps_4q_growth_year": -72.06,
            "roe": -2.45,
            "roe_4q": 1.0599999999999998,
            "gross_profit": 21474,
            "gross_margin": 49.03,
            "gross_margin_4q_avg": 47.08,
            "net_income": -10942,
            "net_income_4q": null,
            "revenue": 43798,
            "revenue_4q": null,
            "common_shares": 411146,
            "book_valuer_per_share": 10.72,
            "book_valuer_per_share_4q_avg": 10.8,
            "equity": 440722,
            "current_ratio": 778.94,
            "debt_ratio": 6.91,
            "inventory_turnover_ratio": 0.28,
            "account_receivable_turnover_ratio": 3.81,
            "reinvestment_rate": null,
            "research_to_sale_ratio": null,
            "price_fair": 32,
            "eps_avg_yearly": 0.91,
            "eps_latest_yearly": 1.48,
            "eps_growth_yearly": 735.87
        },
        "20091": {
            "year_quarter": 20091,
            "year": 2009,
            "quarter": 1,
            "eps": 0.22,
            "eps_growth_year": 633.33,
            "eps_4q": 0.31,
            "eps_4q_growth_year": 208.09,
            "roe": 2.01,
            "roe_4q": 2.7699999999999996,
            "gross_profit": 25598,
            "gross_margin": 49.77,
            "gross_margin_4q_avg": 47.18,
            "net_income": 8942,
            "net_income_4q": null,
            "revenue": 51437,
            "revenue_4q": null,
            "common_shares": 411146,
            "book_valuer_per_share": 10.96,
            "book_valuer_per_share_4q_avg": 10.9,
            "equity": 450598,
            "current_ratio": 700.97,
            "debt_ratio": 7.89,
            "inventory_turnover_ratio": 0.33,
            "account_receivable_turnover_ratio": 2.6,
            "reinvestment_rate": null,
            "research_to_sale_ratio": null,
            "price_fair": 32,
            "eps_avg_yearly": 0.91,
            "eps_latest_yearly": 1.48,
            "eps_growth_yearly": 735.87
        },
        "20092": {
            "year_quarter": 20092,
            "year": 2009,
            "quarter": 2,
            "eps": -0.03,
            "eps_growth_year": -108.11,
            "eps_4q": -0.09,
            "eps_4q_growth_year": -126.48,
            "roe": -0.26,
            "roe_4q": -0.8600000000000004,
            "gross_profit": 20968,
            "gross_margin": 50.58,
            "gross_margin_4q_avg": 47.97,
            "net_income": -1166,
            "net_income_4q": null,
            "revenue": 41451,
            "revenue_4q": null,
            "common_shares": 411146,
            "book_valuer_per_share": 10.9,
            "book_valuer_per_share_4q_avg": 10.89,
            "equity": 448300,
            "current_ratio": 769.8,
            "debt_ratio": 7.25,
            "inventory_turnover_ratio": 0.25,
            "account_receivable_turnover_ratio": 2.06,
            "reinvestment_rate": -97.28,
            "research_to_sale_ratio": null,
            "price_fair": 32,
            "eps_avg_yearly": 0.91,
            "eps_latest_yearly": 1.48,
            "eps_growth_yearly": 735.87
        },
        "20093": {
            "year_quarter": 20093,
            "year": 2009,
            "quarter": 3,
            "eps": -0.26,
            "eps_growth_year": null,
            "eps_4q": -0.34,
            "eps_4q_growth_year": -219.04,
            "roe": -2.44,
            "roe_4q": -3.1400000000000006,
            "gross_profit": 9236,
            "gross_margin": 21.72,
            "gross_margin_4q_avg": 42.78,
            "net_income": -10812,
            "net_income_4q": null,
            "revenue": 42518,
            "revenue_4q": null,
            "common_shares": 411146,
            "book_valuer_per_share": 10.62,
            "book_valuer_per_share_4q_avg": 10.8,
            "equity": 436787,
            "current_ratio": 503.74,
            "debt_ratio": 11.03,
            "inventory_turnover_ratio": 0.35,
            "account_receivable_turnover_ratio": 1.84,
            "reinvestment_rate": -107.95,
            "research_to_sale_ratio": null,
            "price_fair": 32,
            "eps_avg_yearly": 0.91,
            "eps_latest_yearly": 1.48,
            "eps_growth_yearly": 735.87
        },
        "20094": {
            "year_quarter": 20094,
            "year": 2009,
            "quarter": 4,
            "eps": 0.33,
            "eps_growth_year": null,
            "eps_4q": 0.26,
            "eps_4q_growth_year": 96.73,
            "roe": 3.07,
            "roe_4q": 2.38,
            "gross_profit": 44065,
            "gross_margin": 31.19,
            "gross_margin_4q_avg": 38.32,
            "net_income": 13622,
            "net_income_4q": null,
            "revenue": 141299,
            "revenue_4q": null,
            "common_shares": 411146,
            "book_valuer_per_share": 10.95,
            "book_valuer_per_share_4q_avg": 10.86,
            "equity": 450205,
            "current_ratio": 489.64,
            "debt_ratio": 11.9,
            "inventory_turnover_ratio": 1.13,
            "account_receivable_turnover_ratio": 1.54,
            "reinvestment_rate": 22.64,
            "research_to_sale_ratio": null,
            "price_fair": 32,
            "eps_avg_yearly": 0.91,
            "eps_latest_yearly": 1.48,
            "eps_growth_yearly": 735.87
        },
        "20101": {
            "year_quarter": 20101,
            "year": 2010,
            "quarter": 1,
            "eps": 0.1,
            "eps_growth_year": -54.55,
            "eps_4q": 0.14,
            "eps_4q_growth_year": -53.64,
            "roe": 0.94,
            "roe_4q": 1.3099999999999998,
            "gross_profit": 37610,
            "gross_margin": 54.51,
            "gross_margin_4q_avg": 39.5,
            "net_income": 4231,
            "net_income_4q": null,
            "revenue": 68992,
            "revenue_4q": null,
            "common_shares": 411146,
            "book_valuer_per_share": 11.05,
            "book_valuer_per_share_4q_avg": 10.88,
            "equity": 454453,
            "current_ratio": 612.63,
            "debt_ratio": 9.4,
            "inventory_turnover_ratio": 0.45,
            "account_receivable_turnover_ratio": 0.57,
            "reinvestment_rate": 38.33,
            "research_to_sale_ratio": 7.77,
            "price_fair": 29.75,
            "eps_avg_yearly": 0.85,
            "eps_latest_yearly": 0.4,
            "eps_growth_yearly": 609.04
        },
        "20102": {
            "year_quarter": 20102,
            "year": 2010,
            "quarter": 2,
            "eps": 0.04,
            "eps_growth_year": null,
            "eps_4q": 0.21,
            "eps_4q_growth_year": null,
            "roe": 0.33,
            "roe_4q": 1.9,
            "gross_profit": 28649,
            "gross_margin": 48.44,
            "gross_margin_4q_avg": 38.97,
            "net_income": 1511,
            "net_income_4q": null,
            "revenue": 59140,
            "revenue_4q": null,
            "common_shares": 411146,
            "book_valuer_per_share": 11.1,
            "book_valuer_per_share_4q_avg": 10.93,
            "equity": 456295,
            "current_ratio": 642.81,
            "debt_ratio": 9.04,
            "inventory_turnover_ratio": 0.4,
            "account_receivable_turnover_ratio": 1.1,
            "reinvestment_rate": 30.5,
            "research_to_sale_ratio": 9.08,
            "price_fair": 29.23,
            "eps_avg_yearly": 0.84,
            "eps_latest_yearly": 0.16,
            "eps_growth_yearly": 620.29
        },
        "20103": {
            "year_quarter": 20103,
            "year": 2010,
            "quarter": 3,
            "eps": 0.1,
            "eps_growth_year": null,
            "eps_4q": 0.57,
            "eps_4q_growth_year": null,
            "roe": 0.9,
            "roe_4q": 5.24,
            "gross_profit": 19664,
            "gross_margin": 35.95,
            "gross_margin_4q_avg": 42.52,
            "net_income": 4115,
            "net_income_4q": null,
            "revenue": 54700,
            "revenue_4q": null,
            "common_shares": 411146,
            "book_valuer_per_share": 11.18,
            "book_valuer_per_share_4q_avg": 11.07,
            "equity": 459639,
            "current_ratio": 582.65,
            "debt_ratio": 10.15,
            "inventory_turnover_ratio": 0.42,
            "account_receivable_turnover_ratio": 0.91,
            "reinvestment_rate": 32.12,
            "research_to_sale_ratio": 9.41,
            "price_fair": 25.55,
            "eps_avg_yearly": 0.73,
            "eps_latest_yearly": 0.4,
            "eps_growth_yearly": 523.86
        },
        "20104": {
            "year_quarter": 20104,
            "year": 2010,
            "quarter": 4,
            "eps": -0.56,
            "eps_growth_year": -269.36,
            "eps_4q": -0.32,
            "eps_4q_growth_year": -223.95,
            "roe": -5.14,
            "roe_4q": -2.9699999999999993,
            "gross_profit": 19527,
            "gross_margin": 29.67,
            "gross_margin_4q_avg": 42.14,
            "net_income": -22978,
            "net_income_4q": null,
            "revenue": 65821,
            "revenue_4q": null,
            "common_shares": 411146,
            "book_valuer_per_share": 10.58,
            "book_valuer_per_share_4q_avg": 10.98,
            "equity": 434948,
            "current_ratio": 467.29,
            "debt_ratio": 12.53,
            "inventory_turnover_ratio": 0.49,
            "account_receivable_turnover_ratio": 0.93,
            "reinvestment_rate": 60,
            "research_to_sale_ratio": 9.35,
            "price_fair": 23.6,
            "eps_avg_yearly": 0.67,
            "eps_latest_yearly": 0.4,
            "eps_growth_yearly": 604.22
        },
        "20111": {
            "year_quarter": 20111,
            "year": 2011,
            "quarter": 1,
            "eps": -0.01,
            "eps_growth_year": -110,
            "eps_4q": -0.43,
            "eps_4q_growth_year": -400.22,
            "roe": -0.07,
            "roe_4q": -3.9799999999999995,
            "gross_profit": 18555,
            "gross_margin": 45.73,
            "gross_margin_4q_avg": 39.95,
            "net_income": -286,
            "net_income_4q": null,
            "revenue": 40579,
            "revenue_4q": null,
            "common_shares": 411146,
            "book_valuer_per_share": 10.58,
            "book_valuer_per_share_4q_avg": 10.86,
            "equity": 434826,
            "current_ratio": 548.74,
            "debt_ratio": 10.56,
            "inventory_turnover_ratio": 0.2,
            "account_receivable_turnover_ratio": 0.53,
            "reinvestment_rate": 263.2,
            "research_to_sale_ratio": 11.73,
            "price_fair": 18.43,
            "eps_avg_yearly": 0.53,
            "eps_latest_yearly": 0.4,
            "eps_growth_yearly": 678.74
        },
        "20112": {
            "year_quarter": 20112,
            "year": 2011,
            "quarter": 2,
            "eps": -0.3,
            "eps_growth_year": -915.68,
            "eps_4q": -0.77,
            "eps_4q_growth_year": -468.03,
            "roe": -2.88,
            "roe_4q": -7.1899999999999995,
            "gross_profit": 7864,
            "gross_margin": 21.76,
            "gross_margin_4q_avg": 33.28,
            "net_income": -12325,
            "net_income_4q": null,
            "revenue": 36141,
            "revenue_4q": null,
            "common_shares": 411146,
            "book_valuer_per_share": 10.27,
            "book_valuer_per_share_4q_avg": 10.65,
            "equity": 422067,
            "current_ratio": 531.96,
            "debt_ratio": 10.55,
            "inventory_turnover_ratio": 0.24,
            "account_receivable_turnover_ratio": 0.48,
            "reinvestment_rate": null,
            "research_to_sale_ratio": 15.05,
            "price_fair": 18.2,
            "eps_avg_yearly": 0.52,
            "eps_latest_yearly": 0.4,
            "eps_growth_yearly": 865.77
        },
        "20113": {
            "year_quarter": 20113,
            "year": 2011,
            "quarter": 3,
            "eps": 0.39,
            "eps_growth_year": 285.83,
            "eps_4q": -0.48,
            "eps_4q_growth_year": -183.96,
            "roe": 3.69,
            "roe_4q": -4.3999999999999995,
            "gross_profit": 25600,
            "gross_margin": 43.15,
            "gross_margin_4q_avg": 35.08,
            "net_income": 15877,
            "net_income_4q": null,
            "revenue": 59331,
            "revenue_4q": null,
            "common_shares": 411146,
            "book_valuer_per_share": 10.68,
            "book_valuer_per_share_4q_avg": 10.53,
            "equity": 439035,
            "current_ratio": 526.32,
            "debt_ratio": 10.78,
            "inventory_turnover_ratio": 0.25,
            "account_receivable_turnover_ratio": 0.72,
            "reinvestment_rate": 947.72,
            "research_to_sale_ratio": 7.75,
            "price_fair": 21.35,
            "eps_avg_yearly": 0.61,
            "eps_latest_yearly": 0.4,
            "eps_growth_yearly": 1153.64
        },
        "20114": {
            "year_quarter": 20114,
            "year": 2011,
            "quarter": 4,
            "eps": -0.18,
            "eps_growth_year": null,
            "eps_4q": -0.1,
            "eps_4q_growth_year": null,
            "roe": -1.67,
            "roe_4q": -0.9299999999999999,
            "gross_profit": 15112,
            "gross_margin": 21.47,
            "gross_margin_4q_avg": 33.03,
            "net_income": -7262,
            "net_income_4q": null,
            "revenue": 70371,
            "revenue_4q": null,
            "common_shares": 411146,
            "book_valuer_per_share": 10.51,
            "book_valuer_per_share_4q_avg": 10.51,
            "equity": 431914,
            "current_ratio": 596.66,
            "debt_ratio": 9.5,
            "inventory_turnover_ratio": 0.41,
            "account_receivable_turnover_ratio": 0.84,
            "reinvestment_rate": null,
            "research_to_sale_ratio": 6.74,
            "price_fair": 21.35,
            "eps_avg_yearly": 0.61,
            "eps_latest_yearly": 0.4,
            "eps_growth_yearly": 1153.64
        },
        "20121": {
            "year_quarter": 20121,
            "year": 2012,
            "quarter": 1,
            "eps": -0.52,
            "eps_growth_year": null,
            "eps_4q": -0.61,
            "eps_4q_growth_year": null,
            "roe": -5.11,
            "roe_4q": -5.970000000000001,
            "gross_profit": 875,
            "gross_margin": 5.56,
            "gross_margin_4q_avg": 22.99,
            "net_income": -21504,
            "net_income_4q": null,
            "revenue": 15727,
            "revenue_4q": null,
            "common_shares": 411146,
            "book_valuer_per_share": 9.97,
            "book_valuer_per_share_4q_avg": 10.36,
            "equity": 409957,
            "current_ratio": 864.4,
            "debt_ratio": 6.12,
            "inventory_turnover_ratio": 0.12,
            "account_receivable_turnover_ratio": 0.28,
            "reinvestment_rate": null,
            "research_to_sale_ratio": 30.27,
            "price_fair": 21.35,
            "eps_avg_yearly": 0.61,
            "eps_latest_yearly": 0.4,
            "eps_growth_yearly": 1153.64
        },
        "20122": {
            "year_quarter": 20122,
            "year": 2012,
            "quarter": 2,
            "eps": -0.62,
            "eps_growth_year": null,
            "eps_4q": -0.93,
            "eps_4q_growth_year": null,
            "roe": -6.39,
            "roe_4q": -9.48,
            "gross_profit": -10515,
            "gross_margin": -51.96,
            "gross_margin_4q_avg": 4.56,
            "net_income": -25376,
            "net_income_4q": null,
            "revenue": 20235,
            "revenue_4q": null,
            "common_shares": 411146,
            "book_valuer_per_share": 9.36,
            "book_valuer_per_share_4q_avg": 10.13,
            "equity": 384699,
            "current_ratio": 929.06,
            "debt_ratio": 5.4,
            "inventory_turnover_ratio": 0.26,
            "account_receivable_turnover_ratio": 0.48,
            "reinvestment_rate": null,
            "research_to_sale_ratio": 25.1,
            "price_fair": 11.2,
            "eps_avg_yearly": 0.32,
            "eps_latest_yearly": 0.4,
            "eps_growth_yearly": 27.07
        },
        "20123": {
            "year_quarter": 20123,
            "year": 2012,
            "quarter": 3,
            "eps": -0.76,
            "eps_growth_year": -296.16,
            "eps_4q": -2.07,
            "eps_4q_growth_year": null,
            "roe": -8.44,
            "roe_4q": -21.61,
            "gross_profit": -11213,
            "gross_margin": -42.24,
            "gross_margin_4q_avg": -16.79,
            "net_income": -31145,
            "net_income_4q": null,
            "revenue": 26549,
            "revenue_4q": null,
            "common_shares": 411146,
            "book_valuer_per_share": 8.6,
            "book_valuer_per_share_4q_avg": 9.61,
            "equity": 353500,
            "current_ratio": 623.67,
            "debt_ratio": 7.56,
            "inventory_turnover_ratio": 0.36,
            "account_receivable_turnover_ratio": 0.65,
            "reinvestment_rate": null,
            "research_to_sale_ratio": 26.64,
            "price_fair": 11.2,
            "eps_avg_yearly": 0.32,
            "eps_latest_yearly": 0.4,
            "eps_growth_yearly": 27.07
        },
        "20124": {
            "year_quarter": 20124,
            "year": 2012,
            "quarter": 4,
            "eps": -0.49,
            "eps_growth_year": null,
            "eps_4q": -2.39,
            "eps_4q_growth_year": null,
            "roe": -5.88,
            "roe_4q": -25.82,
            "gross_profit": 850,
            "gross_margin": 1.4,
            "gross_margin_4q_avg": -21.81,
            "net_income": -20204,
            "net_income_4q": null,
            "revenue": 60510,
            "revenue_4q": null,
            "common_shares": 411146,
            "book_valuer_per_share": 8.1,
            "book_valuer_per_share_4q_avg": 9.01,
            "equity": 333155,
            "current_ratio": 494.3,
            "debt_ratio": 9.11,
            "inventory_turnover_ratio": 0.79,
            "account_receivable_turnover_ratio": 1.31,
            "reinvestment_rate": null,
            "research_to_sale_ratio": 7.92,
            "price_fair": 11.2,
            "eps_avg_yearly": 0.32,
            "eps_latest_yearly": 0.4,
            "eps_growth_yearly": 27.07
        },
        "20131": {
            "year_quarter": 20131,
            "year": 2013,
            "quarter": 1,
            "eps": -0.29,
            "eps_growth_year": null,
            "eps_4q": -2.16,
            "eps_4q_growth_year": null,
            "roe": -3.69,
            "roe_4q": -24.4,
            "gross_profit": 8302,
            "gross_margin": 17.75,
            "gross_margin_4q_avg": -18.76,
            "net_income": -11976,
            "net_income_4q": null,
            "revenue": 46776,
            "revenue_4q": null,
            "common_shares": 411146,
            "book_valuer_per_share": 7.68,
            "book_valuer_per_share_4q_avg": 8.44,
            "equity": 315760,
            "current_ratio": 550.37,
            "debt_ratio": 13.99,
            "inventory_turnover_ratio": 0.65,
            "account_receivable_turnover_ratio": 1.2,
            "reinvestment_rate": null,
            "research_to_sale_ratio": 14.44,
            "price_fair": 11.2,
            "eps_avg_yearly": 0.32,
            "eps_latest_yearly": 0.4,
            "eps_growth_yearly": 27.07
        },
        "20132": {
            "year_quarter": 20132,
            "year": 2013,
            "quarter": 2,
            "eps": 1.32,
            "eps_growth_year": null,
            "eps_4q": -0.22,
            "eps_4q_growth_year": null,
            "roe": 15.84,
            "roe_4q": -2.169999999999999,
            "gross_profit": 6512,
            "gross_margin": 13.6,
            "gross_margin_4q_avg": -2.37,
            "net_income": 54276,
            "net_income_4q": null,
            "revenue": 47886,
            "revenue_4q": null,
            "common_shares": 411146,
            "book_valuer_per_share": 8.99,
            "book_valuer_per_share_4q_avg": 8.34,
            "equity": 369436,
            "current_ratio": 656.85,
            "debt_ratio": 10.63,
            "inventory_turnover_ratio": 0.75,
            "account_receivable_turnover_ratio": 2.3,
            "reinvestment_rate": null,
            "research_to_sale_ratio": 15.62,
            "price_fair": 11.2,
            "eps_avg_yearly": 0.32,
            "eps_latest_yearly": 0.4,
            "eps_growth_yearly": 27.07
        },
        "20133": {
            "year_quarter": 20133,
            "year": 2013,
            "quarter": 3,
            "eps": -0.5,
            "eps_growth_year": null,
            "eps_4q": 0.04,
            "eps_4q_growth_year": null,
            "roe": -5.71,
            "roe_4q": 0.5599999999999996,
            "gross_profit": 1185,
            "gross_margin": 5.59,
            "gross_margin_4q_avg": 9.59,
            "net_income": -20506,
            "net_income_4q": null,
            "revenue": 21208,
            "revenue_4q": null,
            "common_shares": 411146,
            "book_valuer_per_share": 8.47,
            "book_valuer_per_share_4q_avg": 8.31,
            "equity": 348335,
            "current_ratio": 463.9,
            "debt_ratio": 34.34,
            "inventory_turnover_ratio": 0.36,
            "account_receivable_turnover_ratio": 1.26,
            "reinvestment_rate": null,
            "research_to_sale_ratio": 41.51,
            "price_fair": 11.2,
            "eps_avg_yearly": 0.32,
            "eps_latest_yearly": 0.4,
            "eps_growth_yearly": 27.07
        },
        "20134": {
            "year_quarter": 20134,
            "year": 2013,
            "quarter": 4,
            "eps": -0.48,
            "eps_growth_year": null,
            "eps_4q": 0.05,
            "eps_4q_growth_year": null,
            "roe": -5.79,
            "roe_4q": 0.6499999999999999,
            "gross_profit": -6742,
            "gross_margin": -25.81,
            "gross_margin_4q_avg": 2.78,
            "net_income": -19599,
            "net_income_4q": null,
            "revenue": 26123,
            "revenue_4q": null,
            "common_shares": 411146,
            "book_valuer_per_share": 7.99,
            "book_valuer_per_share_4q_avg": 8.28,
            "equity": 328486,
            "current_ratio": 625.88,
            "debt_ratio": 33.73,
            "inventory_turnover_ratio": 0.52,
            "account_receivable_turnover_ratio": 1.58,
            "reinvestment_rate": null,
            "research_to_sale_ratio": 27.65,
            "price_fair": 11.2,
            "eps_avg_yearly": 0.32,
            "eps_latest_yearly": 0.4,
            "eps_growth_yearly": 27.07
        },
        "20141": {
            "year_quarter": 20141,
            "year": 2014,
            "quarter": 1,
            "eps": -0.53,
            "eps_growth_year": null,
            "eps_4q": -0.18,
            "eps_4q_growth_year": null,
            "roe": -6.83,
            "roe_4q": -2.490000000000002,
            "gross_profit": -93,
            "gross_margin": -0.4,
            "gross_margin_4q_avg": -1.76,
            "net_income": -21696,
            "net_income_4q": null,
            "revenue": 23185,
            "revenue_4q": null,
            "common_shares": 411146,
            "book_valuer_per_share": 7.46,
            "book_valuer_per_share_4q_avg": 8.23,
            "equity": 306891,
            "current_ratio": 584.42,
            "debt_ratio": 34.93,
            "inventory_turnover_ratio": 0.4,
            "account_receivable_turnover_ratio": 1.66,
            "reinvestment_rate": null,
            "research_to_sale_ratio": 38.34,
            "price_fair": 9.8,
            "eps_avg_yearly": 0.28,
            "eps_latest_yearly": 0.4,
            "eps_growth_yearly": 180
        },
        "20142": {
            "year_quarter": 20142,
            "year": 2014,
            "quarter": 2,
            "eps": -0.58,
            "eps_growth_year": -143.94,
            "eps_4q": -2.09,
            "eps_4q_growth_year": null,
            "roe": -8.17,
            "roe_4q": -26.5,
            "gross_profit": -953,
            "gross_margin": -4.05,
            "gross_margin_4q_avg": -6.17,
            "net_income": -24087,
            "net_income_4q": null,
            "revenue": 23529,
            "revenue_4q": null,
            "common_shares": 411146,
            "book_valuer_per_share": 6.88,
            "book_valuer_per_share_4q_avg": 7.7,
            "equity": 282741,
            "current_ratio": 412.38,
            "debt_ratio": 37.6,
            "inventory_turnover_ratio": 0.43,
            "account_receivable_turnover_ratio": 1.97,
            "reinvestment_rate": null,
            "research_to_sale_ratio": 22.93,
            "price_fair": 14,
            "eps_avg_yearly": 0.4,
            "eps_latest_yearly": 0.4,
            "eps_growth_yearly": 600
        },
        "20143": {
            "year_quarter": 20143,
            "year": 2014,
            "quarter": 3,
            "eps": -0.57,
            "eps_growth_year": null,
            "eps_4q": -2.16,
            "eps_4q_growth_year": -5694.27,
            "roe": -8.7,
            "roe_4q": -29.489999999999995,
            "gross_profit": 4716,
            "gross_margin": 12.43,
            "gross_margin_4q_avg": -4.46,
            "net_income": -23566,
            "net_income_4q": null,
            "revenue": 37954,
            "revenue_4q": null,
            "common_shares": 411146,
            "book_valuer_per_share": 6.3,
            "book_valuer_per_share_4q_avg": 7.16,
            "equity": 259213,
            "current_ratio": 211.84,
            "debt_ratio": 46.88,
            "inventory_turnover_ratio": 0.52,
            "account_receivable_turnover_ratio": 3.09,
            "reinvestment_rate": null,
            "research_to_sale_ratio": 22.22,
            "price_fair": 0,
            "eps_avg_yearly": 0,
            "eps_latest_yearly": 0,
            "eps_growth_yearly": 0
        },
        "20144": {
            "year_quarter": 20144,
            "year": 2014,
            "quarter": 4,
            "eps": 0.25,
            "eps_growth_year": null,
            "eps_4q": -1.44,
            "eps_4q_growth_year": -2791.63,
            "roe": 3.89,
            "roe_4q": -19.81,
            "gross_profit": 22341,
            "gross_margin": 31.98,
            "gross_margin_4q_avg": 9.99,
            "net_income": 10268,
            "net_income_4q": null,
            "revenue": 69869,
            "revenue_4q": null,
            "common_shares": 411146,
            "book_valuer_per_share": 6.55,
            "book_valuer_per_share_4q_avg": 6.8,
            "equity": 269121,
            "current_ratio": 362.48,
            "debt_ratio": 40.83,
            "inventory_turnover_ratio": 0.81,
            "account_receivable_turnover_ratio": 4.49,
            "reinvestment_rate": null,
            "research_to_sale_ratio": 13.07,
            "price_fair": 0,
            "eps_avg_yearly": 0,
            "eps_latest_yearly": 0,
            "eps_growth_yearly": 0
        },
        "20151": {
            "year_quarter": 20151,
            "year": 2015,
            "quarter": 1,
            "eps": -0.22,
            "eps_growth_year": null,
            "eps_4q": -1.13,
            "eps_4q_growth_year": null,
            "roe": -3.43,
            "roe_4q": -16.409999999999997,
            "gross_profit": 4176,
            "gross_margin": 22.09,
            "gross_margin_4q_avg": 15.61,
            "net_income": -9067,
            "net_income_4q": null,
            "revenue": 18901,
            "revenue_4q": null,
            "common_shares": 411146,
            "book_valuer_per_share": 6.33,
            "book_valuer_per_share_4q_avg": 6.52,
            "equity": 260072,
            "current_ratio": 372.31,
            "debt_ratio": 41.08,
            "inventory_turnover_ratio": 0.28,
            "account_receivable_turnover_ratio": 1.58,
            "reinvestment_rate": null,
            "research_to_sale_ratio": 23.32,
            "price_fair": 0,
            "eps_avg_yearly": 0,
            "eps_latest_yearly": 0,
            "eps_growth_yearly": 0
        },
        "20152": {
            "year_quarter": 20152,
            "year": 2015,
            "quarter": 2,
            "eps": -0.37,
            "eps_growth_year": null,
            "eps_4q": -0.92,
            "eps_4q_growth_year": null,
            "roe": -6.05,
            "roe_4q": -14.29,
            "gross_profit": 3313,
            "gross_margin": 17.52,
            "gross_margin_4q_avg": 21.01,
            "net_income": -15268,
            "net_income_4q": null,
            "revenue": 18915,
            "revenue_4q": null,
            "common_shares": 411146,
            "book_valuer_per_share": 5.95,
            "book_valuer_per_share_4q_avg": 6.28,
            "equity": 244825,
            "current_ratio": 302.33,
            "debt_ratio": 43.44,
            "inventory_turnover_ratio": 0.27,
            "account_receivable_turnover_ratio": 3.1,
            "reinvestment_rate": null,
            "research_to_sale_ratio": 29.18,
            "price_fair": 0,
            "eps_avg_yearly": 0,
            "eps_latest_yearly": 0,
            "eps_growth_yearly": 0
        },
        "20153": {
            "year_quarter": 20153,
            "year": 2015,
            "quarter": 3,
            "eps": 0.01,
            "eps_growth_year": null,
            "eps_4q": -0.33,
            "eps_4q_growth_year": null,
            "roe": 0.27,
            "roe_4q": -5.3199999999999985,
            "gross_profit": 12185,
            "gross_margin": 29.64,
            "gross_margin_4q_avg": 25.31,
            "net_income": 672,
            "net_income_4q": null,
            "revenue": 41108,
            "revenue_4q": null,
            "common_shares": 411146,
            "book_valuer_per_share": 5.97,
            "book_valuer_per_share_4q_avg": 6.2,
            "equity": 245286,
            "current_ratio": 232.76,
            "debt_ratio": 46.63,
            "inventory_turnover_ratio": 0.56,
            "account_receivable_turnover_ratio": 4.92,
            "reinvestment_rate": null,
            "research_to_sale_ratio": 13.87,
            "price_fair": 0,
            "eps_avg_yearly": 0,
            "eps_latest_yearly": 0,
            "eps_growth_yearly": 0
        },
        "20154": {
            "year_quarter": 20154,
            "year": 2015,
            "quarter": 4,
            "eps": -0.41,
            "eps_growth_year": -264.11,
            "eps_4q": -0.99,
            "eps_4q_growth_year": null,
            "roe": -7.12,
            "roe_4q": -16.33,
            "gross_profit": 6417,
            "gross_margin": 27.02,
            "gross_margin_4q_avg": 24.07,
            "net_income": -16851,
            "net_income_4q": null,
            "revenue": 23751,
            "revenue_4q": null,
            "common_shares": 411146,
            "book_valuer_per_share": 5.54,
            "book_valuer_per_share_4q_avg": 5.95,
            "equity": 227941,
            "current_ratio": 212.11,
            "debt_ratio": 47.22,
            "inventory_turnover_ratio": 0.39,
            "account_receivable_turnover_ratio": 2.93,
            "reinvestment_rate": null,
            "research_to_sale_ratio": 29.48,
            "price_fair": 0,
            "eps_avg_yearly": 0,
            "eps_latest_yearly": 0,
            "eps_growth_yearly": 0
        },
        "20161": {
            "year_quarter": 20161,
            "year": 2016,
            "quarter": 1,
            "eps": -0.1,
            "eps_growth_year": null,
            "eps_4q": -0.87,
            "eps_4q_growth_year": null,
            "roe": -1.92,
            "roe_4q": -14.82,
            "gross_profit": 14422,
            "gross_margin": 50.74,
            "gross_margin_4q_avg": 31.23,
            "net_income": -4338,
            "net_income_4q": null,
            "revenue": 28426,
            "revenue_4q": null,
            "common_shares": 411146,
            "book_valuer_per_share": 5.44,
            "book_valuer_per_share_4q_avg": 5.73,
            "equity": 223773,
            "current_ratio": 258.89,
            "debt_ratio": 44.48,
            "inventory_turnover_ratio": 0.33,
            "account_receivable_turnover_ratio": 5.24,
            "reinvestment_rate": null,
            "research_to_sale_ratio": 17.84,
            "price_fair": 0,
            "eps_avg_yearly": 0,
            "eps_latest_yearly": 0,
            "eps_growth_yearly": 0
        },
        "20162": {
            "year_quarter": 20162,
            "year": 2016,
            "quarter": 2,
            "eps": -0.32,
            "eps_growth_year": null,
            "eps_4q": -0.82,
            "eps_4q_growth_year": null,
            "roe": -6.01,
            "roe_4q": -14.780000000000001,
            "gross_profit": 8532,
            "gross_margin": 43.48,
            "gross_margin_4q_avg": 37.72,
            "net_income": -13056,
            "net_income_4q": null,
            "revenue": 19625,
            "revenue_4q": null,
            "common_shares": 411146,
            "book_valuer_per_share": 5.12,
            "book_valuer_per_share_4q_avg": 5.52,
            "equity": 210709,
            "current_ratio": 204.45,
            "debt_ratio": 46.84,
            "inventory_turnover_ratio": 0.25,
            "account_receivable_turnover_ratio": 4.16,
            "reinvestment_rate": null,
            "research_to_sale_ratio": 33.27,
            "price_fair": 0,
            "eps_avg_yearly": 0,
            "eps_latest_yearly": 0,
            "eps_growth_yearly": 0
        },
        "20163": {
            "year_quarter": 20163,
            "year": 2016,
            "quarter": 3,
            "eps": -0.29,
            "eps_growth_year": -3000,
            "eps_4q": -1.9,
            "eps_4q_growth_year": null,
            "roe": -2.96,
            "roe_4q": -18.009999999999998,
            "gross_profit": 12609,
            "gross_margin": 44.25,
            "gross_margin_4q_avg": 41.37,
            "net_income": -6141,
            "net_income_4q": null,
            "revenue": 28497,
            "revenue_4q": null,
            "common_shares": 212231,
            "book_valuer_per_share": 9.62,
            "book_valuer_per_share_4q_avg": 6.43,
            "equity": 204095,
            "current_ratio": 159.49,
            "debt_ratio": 51.33,
            "inventory_turnover_ratio": 0.31,
            "account_receivable_turnover_ratio": 2.95,
            "reinvestment_rate": null,
            "research_to_sale_ratio": 21.36,
            "price_fair": 0,
            "eps_avg_yearly": 0,
            "eps_latest_yearly": 0,
            "eps_growth_yearly": 0
        },
        "20164": {
            "year_quarter": 20164,
            "year": 2016,
            "quarter": 4,
            "eps": -0.54,
            "eps_growth_year": null,
            "eps_4q": -1.65,
            "eps_4q_growth_year": null,
            "roe": -5.82,
            "roe_4q": -16.71,
            "gross_profit": 6190,
            "gross_margin": 33.79,
            "gross_margin_4q_avg": 43.07,
            "net_income": -11545,
            "net_income_4q": null,
            "revenue": 18317,
            "revenue_4q": null,
            "common_shares": 212231,
            "book_valuer_per_share": 9.09,
            "book_valuer_per_share_4q_avg": 7.32,
            "equity": 192881,
            "current_ratio": 145.7,
            "debt_ratio": 52.27,
            "inventory_turnover_ratio": 0.21,
            "account_receivable_turnover_ratio": 1.77,
            "reinvestment_rate": null,
            "research_to_sale_ratio": 22.86,
            "price_fair": 0,
            "eps_avg_yearly": 0,
            "eps_latest_yearly": 0,
            "eps_growth_yearly": 0
        },
        "20171": {
            "year_quarter": 20171,
            "year": 2017,
            "quarter": 1,
            "eps": -0.54,
            "eps_growth_year": null,
            "eps_4q": -1.99,
            "eps_4q_growth_year": null,
            "roe": -6.2,
            "roe_4q": -20.990000000000002,
            "gross_profit": 9929,
            "gross_margin": 32.31,
            "gross_margin_4q_avg": 38.46,
            "net_income": -11539,
            "net_income_4q": null,
            "revenue": 30733,
            "revenue_4q": null,
            "common_shares": 212231,
            "book_valuer_per_share": 8.45,
            "book_valuer_per_share_4q_avg": 8.07,
            "equity": 179368,
            "current_ratio": 126.92,
            "debt_ratio": 56.31,
            "inventory_turnover_ratio": 0.35,
            "account_receivable_turnover_ratio": 5.92,
            "reinvestment_rate": null,
            "research_to_sale_ratio": 8.96,
            "price_fair": 0,
            "eps_avg_yearly": 0,
            "eps_latest_yearly": 0,
            "eps_growth_yearly": 0
        },
        "20172": {
            "year_quarter": 20172,
            "year": 2017,
            "quarter": 2,
            "eps": -0.52,
            "eps_growth_year": null,
            "eps_4q": -1.9,
            "eps_4q_growth_year": null,
            "roe": -6.37,
            "roe_4q": -21.35,
            "gross_profit": 6303,
            "gross_margin": 33.97,
            "gross_margin_4q_avg": 36.08,
            "net_income": -11067,
            "net_income_4q": null,
            "revenue": 18553,
            "revenue_4q": null,
            "common_shares": 212231,
            "book_valuer_per_share": 7.93,
            "book_valuer_per_share_4q_avg": 8.77,
            "equity": 168374,
            "current_ratio": 114.55,
            "debt_ratio": 57.92,
            "inventory_turnover_ratio": 0.19,
            "account_receivable_turnover_ratio": 6.19,
            "reinvestment_rate": null,
            "research_to_sale_ratio": 34.05,
            "price_fair": 0,
            "eps_avg_yearly": 0,
            "eps_latest_yearly": 0,
            "eps_growth_yearly": 0
        },
        "20173": {
            "year_quarter": 20173,
            "year": 2017,
            "quarter": 3,
            "eps": -0.54,
            "eps_growth_year": null,
            "eps_4q": -2.15,
            "eps_4q_growth_year": null,
            "roe": -7.11,
            "roe_4q": -25.5,
            "gross_profit": 4226,
            "gross_margin": 18.25,
            "gross_margin_4q_avg": 29.58,
            "net_income": -11563,
            "net_income_4q": null,
            "revenue": 23152,
            "revenue_4q": null,
            "common_shares": 212231,
            "book_valuer_per_share": 7.38,
            "book_valuer_per_share_4q_avg": 8.21,
            "equity": 156670,
            "current_ratio": 102.61,
            "debt_ratio": 60.55,
            "inventory_turnover_ratio": 0.27,
            "account_receivable_turnover_ratio": 3.53,
            "reinvestment_rate": null,
            "research_to_sale_ratio": 21.98,
            "price_fair": 0,
            "eps_avg_yearly": 0,
            "eps_latest_yearly": 0,
            "eps_growth_yearly": 0
        },
        "20174": {
            "year_quarter": 20174,
            "year": 2017,
            "quarter": 4,
            "eps": 0.02,
            "eps_growth_year": null,
            "eps_4q": -1.2,
            "eps_4q_growth_year": null,
            "roe": 0.32,
            "roe_4q": -19.36,
            "gross_profit": 15684,
            "gross_margin": 36.36,
            "gross_margin_4q_avg": 30.22,
            "net_income": 591,
            "net_income_4q": null,
            "revenue": 43131,
            "revenue_4q": null,
            "common_shares": 280000,
            "book_valuer_per_share": 7.51,
            "book_valuer_per_share_4q_avg": 7.82,
            "equity": 210160,
            "current_ratio": 157.53,
            "debt_ratio": 49.7,
            "inventory_turnover_ratio": 0.42,
            "account_receivable_turnover_ratio": 4.89,
            "reinvestment_rate": null,
            "research_to_sale_ratio": 12.52,
            "price_fair": 0,
            "eps_avg_yearly": 0,
            "eps_latest_yearly": 0,
            "eps_growth_yearly": 0
        },
        "20181": {
            "year_quarter": 20181,
            "year": 2018,
            "quarter": 1,
            "eps": -0.09,
            "eps_growth_year": null,
            "eps_4q": -0.87,
            "eps_4q_growth_year": null,
            "roe": -1.17,
            "roe_4q": -14.33,
            "gross_profit": 11308,
            "gross_margin": 31.08,
            "gross_margin_4q_avg": 29.92,
            "net_income": -2446,
            "net_income_4q": null,
            "revenue": 36382,
            "revenue_4q": null,
            "common_shares": 280000,
            "book_valuer_per_share": 7.4,
            "book_valuer_per_share_4q_avg": 7.56,
            "equity": 207124,
            "current_ratio": 156.5,
            "debt_ratio": 48.33,
            "inventory_turnover_ratio": 0.44,
            "account_receivable_turnover_ratio": 5.46,
            "reinvestment_rate": null,
            "research_to_sale_ratio": 10.23,
            "price_fair": 0,
            "eps_avg_yearly": 0,
            "eps_latest_yearly": 0,
            "eps_growth_yearly": 0
        },
        "20182": {
            "year_quarter": 20182,
            "year": 2018,
            "quarter": 2,
            "eps": -0.39,
            "eps_growth_year": null,
            "eps_4q": -0.87,
            "eps_4q_growth_year": null,
            "roe": -5.38,
            "roe_4q": -13.34,
            "gross_profit": 818,
            "gross_margin": 9.37,
            "gross_margin_4q_avg": 23.77,
            "net_income": -10878,
            "net_income_4q": null,
            "revenue": 8732,
            "revenue_4q": null,
            "common_shares": 280000,
            "book_valuer_per_share": 7.05,
            "book_valuer_per_share_4q_avg": 7.34,
            "equity": 197360,
            "current_ratio": 138.44,
            "debt_ratio": 49.58,
            "inventory_turnover_ratio": 0.14,
            "account_receivable_turnover_ratio": 1.88,
            "reinvestment_rate": null,
            "research_to_sale_ratio": 40.82,
            "price_fair": 0,
            "eps_avg_yearly": 0,
            "eps_latest_yearly": 0,
            "eps_growth_yearly": 0
        },
        "20183": {
            "year_quarter": 20183,
            "year": 2018,
            "quarter": 3,
            "eps": -0.4,
            "eps_growth_year": null,
            "eps_4q": -0.86,
            "eps_4q_growth_year": null,
            "roe": -5.89,
            "roe_4q": -12.12,
            "gross_profit": 1108,
            "gross_margin": 10.89,
            "gross_margin_4q_avg": 21.93,
            "net_income": -11296,
            "net_income_4q": null,
            "revenue": 10175,
            "revenue_4q": null,
            "common_shares": 280000,
            "book_valuer_per_share": 6.65,
            "book_valuer_per_share_4q_avg": 7.15,
            "equity": 186123,
            "current_ratio": 118.68,
            "debt_ratio": 52.57,
            "inventory_turnover_ratio": 0.15,
            "account_receivable_turnover_ratio": 3.65,
            "reinvestment_rate": null,
            "research_to_sale_ratio": 42.5,
            "price_fair": 0,
            "eps_avg_yearly": 0,
            "eps_latest_yearly": 0,
            "eps_growth_yearly": 0
        },
        "20184": {
            "year_quarter": 20184,
            "year": 2018,
            "quarter": 4,
            "eps": -0.16,
            "eps_growth_year": -850.43,
            "eps_4q": -1.04,
            "eps_4q_growth_year": null,
            "roe": -2.3,
            "roe_4q": -14.74,
            "gross_profit": 8733,
            "gross_margin": 42.21,
            "gross_margin_4q_avg": 23.39,
            "net_income": -4435,
            "net_income_4q": null,
            "revenue": 20687,
            "revenue_4q": null,
            "common_shares": 280000,
            "book_valuer_per_share": 7.11,
            "book_valuer_per_share_4q_avg": 7.05,
            "equity": 199098,
            "current_ratio": 100.41,
            "debt_ratio": 52.76,
            "inventory_turnover_ratio": 0.2,
            "account_receivable_turnover_ratio": 5.37,
            "reinvestment_rate": null,
            "research_to_sale_ratio": 12.5,
            "price_fair": 0,
            "eps_avg_yearly": 0,
            "eps_latest_yearly": 0,
            "eps_growth_yearly": 0
        },
        "20191": {
            "year_quarter": 20191,
            "year": 2019,
            "quarter": 1,
            "eps": -0.14,
            "eps_growth_year": null,
            "eps_4q": -1.09,
            "eps_4q_growth_year": null,
            "roe": -1.94,
            "roe_4q": -15.509999999999998,
            "gross_profit": 8380,
            "gross_margin": 37.74,
            "gross_margin_4q_avg": 25.05,
            "net_income": -3831,
            "net_income_4q": null,
            "revenue": 22205,
            "revenue_4q": null,
            "common_shares": 280000,
            "book_valuer_per_share": 6.98,
            "book_valuer_per_share_4q_avg": 6.95,
            "equity": 195340,
            "current_ratio": 96.06,
            "debt_ratio": 52.42,
            "inventory_turnover_ratio": 0.25,
            "account_receivable_turnover_ratio": 4.48,
            "reinvestment_rate": null,
            "research_to_sale_ratio": 11.31,
            "price_fair": 0,
            "eps_avg_yearly": 0,
            "eps_latest_yearly": 0,
            "eps_growth_yearly": 0
        },
        "20192": {
            "year_quarter": 20192,
            "year": 2019,
            "quarter": 2,
            "eps": -0.28,
            "eps_growth_year": null,
            "eps_4q": -0.98,
            "eps_4q_growth_year": null,
            "roe": -4.1,
            "roe_4q": -14.23,
            "gross_profit": 3803,
            "gross_margin": 38.21,
            "gross_margin_4q_avg": 32.26,
            "net_income": -7857,
            "net_income_4q": null,
            "revenue": 9953,
            "revenue_4q": null,
            "common_shares": 280000,
            "book_valuer_per_share": 6.7,
            "book_valuer_per_share_4q_avg": 6.86,
            "equity": 187652,
            "current_ratio": 88.05,
            "debt_ratio": 53.3,
            "inventory_turnover_ratio": 0.11,
            "account_receivable_turnover_ratio": 2.12,
            "reinvestment_rate": null,
            "research_to_sale_ratio": 26.23,
            "price_fair": 0,
            "eps_avg_yearly": 0,
            "eps_latest_yearly": 0,
            "eps_growth_yearly": 0
        },
        "20193": {
            "year_quarter": 20193,
            "year": 2019,
            "quarter": 3,
            "eps": -0.19,
            "eps_growth_year": null,
            "eps_4q": -0.67,
            "eps_4q_growth_year": null,
            "roe": -2.72,
            "roe_4q": -11.059999999999999,
            "gross_profit": 6577,
            "gross_margin": 38.24,
            "gross_margin_4q_avg": 39.1,
            "net_income": -5416,
            "net_income_4q": null,
            "revenue": 17197,
            "revenue_4q": null,
            "common_shares": 320000,
            "book_valuer_per_share": 6.57,
            "book_valuer_per_share_4q_avg": 6.84,
            "equity": 210275,
            "current_ratio": 120.51,
            "debt_ratio": 48.17,
            "inventory_turnover_ratio": 0.19,
            "account_receivable_turnover_ratio": 4.03,
            "reinvestment_rate": null,
            "research_to_sale_ratio": 14.43,
            "price_fair": 0,
            "eps_avg_yearly": 0,
            "eps_latest_yearly": 0,
            "eps_growth_yearly": 0
        },
        "20194": {
            "year_quarter": 20194,
            "year": 2019,
            "quarter": 4,
            "eps": -0.4,
            "eps_growth_year": null,
            "eps_4q": -0.94,
            "eps_4q_growth_year": null,
            "roe": -6.36,
            "roe_4q": -15.12,
            "gross_profit": 1552,
            "gross_margin": 10.21,
            "gross_margin_4q_avg": 31.1,
            "net_income": -12941,
            "net_income_4q": null,
            "revenue": 15204,
            "revenue_4q": null,
            "common_shares": 320000,
            "book_valuer_per_share": 6.14,
            "book_valuer_per_share_4q_avg": 6.6,
            "equity": 196395,
            "current_ratio": 101.98,
            "debt_ratio": 51.09,
            "inventory_turnover_ratio": 0.27,
            "account_receivable_turnover_ratio": 3.41,
            "reinvestment_rate": null,
            "research_to_sale_ratio": 17.69,
            "price_fair": 0,
            "eps_avg_yearly": 0,
            "eps_latest_yearly": 0,
            "eps_growth_yearly": 0
        },
        "20201": {
            "year_quarter": 20201,
            "year": 2020,
            "quarter": 1,
            "eps": -0.24,
            "eps_growth_year": null,
            "eps_4q": -1.06,
            "eps_4q_growth_year": null,
            "roe": -3.95,
            "roe_4q": -17.130000000000003,
            "gross_profit": 4440,
            "gross_margin": 23.54,
            "gross_margin_4q_avg": 27.55,
            "net_income": -7615,
            "net_income_4q": null,
            "revenue": 18863,
            "revenue_4q": null,
            "common_shares": 320000,
            "book_valuer_per_share": 5.9,
            "book_valuer_per_share_4q_avg": 6.33,
            "equity": 188916,
            "current_ratio": 94.32,
            "debt_ratio": 54.19,
            "inventory_turnover_ratio": 0.32,
            "account_receivable_turnover_ratio": 4.8,
            "reinvestment_rate": null,
            "research_to_sale_ratio": 15.13,
            "price_fair": 0,
            "eps_avg_yearly": 0,
            "eps_latest_yearly": 0,
            "eps_growth_yearly": 0
        },
        "20202": {
            "year_quarter": 20202,
            "year": 2020,
            "quarter": 2,
            "eps": -0.08,
            "eps_growth_year": null,
            "eps_4q": -0.89,
            "eps_4q_growth_year": null,
            "roe": -1.36,
            "roe_4q": -14.390000000000002,
            "gross_profit": 8007,
            "gross_margin": 38.43,
            "gross_margin_4q_avg": 27.61,
            "net_income": -2554,
            "net_income_4q": null,
            "revenue": 20833,
            "revenue_4q": null,
            "common_shares": 320000,
            "book_valuer_per_share": 5.81,
            "book_valuer_per_share_4q_avg": 6.11,
            "equity": 186031,
            "current_ratio": 90.67,
            "debt_ratio": 53.75,
            "inventory_turnover_ratio": 0.32,
            "account_receivable_turnover_ratio": 4.75,
            "reinvestment_rate": null,
            "research_to_sale_ratio": 3.92,
            "price_fair": 0,
            "eps_avg_yearly": 0,
            "eps_latest_yearly": 0,
            "eps_growth_yearly": 0
        },
        "20203": {
            "year_quarter": 20203,
            "year": 2020,
            "quarter": 3,
            "eps": -0.24,
            "eps_growth_year": null,
            "eps_4q": -0.85,
            "eps_4q_growth_year": null,
            "roe": -4.11,
            "roe_4q": -15.780000000000001,
            "gross_profit": 3510,
            "gross_margin": 24.32,
            "gross_margin_4q_avg": 24.13,
            "net_income": -8188,
            "net_income_4q": null,
            "revenue": 14430,
            "revenue_4q": null,
            "common_shares": 370000,
            "book_valuer_per_share": 5.74,
            "book_valuer_per_share_4q_avg": 5.9,
            "equity": 212540,
            "current_ratio": 115.33,
            "debt_ratio": 46.85,
            "inventory_turnover_ratio": 0.28,
            "account_receivable_turnover_ratio": 2.78,
            "reinvestment_rate": null,
            "research_to_sale_ratio": 17.29,
            "price_fair": 0,
            "eps_avg_yearly": 0,
            "eps_latest_yearly": 0,
            "eps_growth_yearly": 0
        },
        "20204": {
            "year_quarter": 20204,
            "year": 2020,
            "quarter": 4,
            "eps": -0.28,
            "eps_growth_year": null,
            "eps_4q": -0.78,
            "eps_4q_growth_year": null,
            "roe": -5.07,
            "roe_4q": -14.489999999999998,
            "gross_profit": 2848,
            "gross_margin": 7.13,
            "gross_margin_4q_avg": 23.36,
            "net_income": -10491,
            "net_income_4q": null,
            "revenue": 39918,
            "revenue_4q": null,
            "common_shares": 370000,
            "book_valuer_per_share": 5.45,
            "book_valuer_per_share_4q_avg": 5.73,
            "equity": 201579,
            "current_ratio": 101.22,
            "debt_ratio": 50.77,
            "inventory_turnover_ratio": 0.98,
            "account_receivable_turnover_ratio": 4.86,
            "reinvestment_rate": null,
            "research_to_sale_ratio": 5.56,
            "price_fair": 0,
            "eps_avg_yearly": 0,
            "eps_latest_yearly": 0,
            "eps_growth_yearly": 0
        },
        "20211": {
            "year_quarter": 20211,
            "year": 2021,
            "quarter": 1,
            "eps": 0.02,
            "eps_growth_year": null,
            "eps_4q": -0.55,
            "eps_4q_growth_year": null,
            "roe": 0.39,
            "roe_4q": -10.15,
            "gross_profit": 14978,
            "gross_margin": 37.52,
            "gross_margin_4q_avg": 26.85,
            "net_income": 787,
            "net_income_4q": null,
            "revenue": 39923,
            "revenue_4q": null,
            "common_shares": 370000,
            "book_valuer_per_share": 5.47,
            "book_valuer_per_share_4q_avg": 5.62,
            "equity": 202413,
            "current_ratio": 100.29,
            "debt_ratio": 51.5,
            "inventory_turnover_ratio": 0.73,
            "account_receivable_turnover_ratio": 3.35,
            "reinvestment_rate": null,
            "research_to_sale_ratio": 7.64,
            "price_fair": 0,
            "eps_avg_yearly": 0,
            "eps_latest_yearly": 0,
            "eps_growth_yearly": 0
        },
        "20212": {
            "year_quarter": 20212,
            "year": 2021,
            "quarter": 2,
            "eps": -0.2,
            "eps_growth_year": null,
            "eps_4q": -0.64,
            "eps_4q_growth_year": null,
            "roe": -3.54,
            "roe_4q": -12.330000000000002,
            "gross_profit": 7924,
            "gross_margin": 29.46,
            "gross_margin_4q_avg": 24.61,
            "net_income": -7579,
            "net_income_4q": null,
            "revenue": 26900,
            "revenue_4q": null,
            "common_shares": 400000,
            "book_valuer_per_share": 5.65,
            "book_valuer_per_share_4q_avg": 5.58,
            "equity": 225819,
            "current_ratio": 116.45,
            "debt_ratio": 47.66,
            "inventory_turnover_ratio": 0.54,
            "account_receivable_turnover_ratio": 1.8,
            "reinvestment_rate": null,
            "research_to_sale_ratio": 10.46,
            "price_fair": 0,
            "eps_avg_yearly": 0,
            "eps_latest_yearly": 0,
            "eps_growth_yearly": 0
        },
        "20213": {
            "year_quarter": 20213,
            "year": 2021,
            "quarter": 3,
            "eps": -0.06,
            "eps_growth_year": null,
            "eps_4q": -0.49,
            "eps_4q_growth_year": null,
            "roe": -1.11,
            "roe_4q": -9.330000000000002,
            "gross_profit": 9564,
            "gross_margin": 27.86,
            "gross_margin_4q_avg": 25.49,
            "net_income": -2483,
            "net_income_4q": null,
            "revenue": 34324,
            "revenue_4q": null,
            "common_shares": 400000,
            "book_valuer_per_share": 5.58,
            "book_valuer_per_share_4q_avg": 5.54,
            "equity": 223328,
            "current_ratio": 109.44,
            "debt_ratio": 50.74,
            "inventory_turnover_ratio": 0.64,
            "account_receivable_turnover_ratio": 1.6,
            "reinvestment_rate": null,
            "research_to_sale_ratio": 8.64,
            "price_fair": 0,
            "eps_avg_yearly": 0,
            "eps_latest_yearly": 0,
            "eps_growth_yearly": 0
        },
        "20214": {
            "year_quarter": 20214,
            "year": 2021,
            "quarter": 4,
            "eps": 0.1,
            "eps_growth_year": null,
            "eps_4q": -0.13,
            "eps_4q_growth_year": null,
            "roe": 1.79,
            "roe_4q": -2.47,
            "gross_profit": 18923,
            "gross_margin": 21.36,
            "gross_margin_4q_avg": 29.05,
            "net_income": 4035,
            "net_income_4q": null,
            "revenue": 88590,
            "revenue_4q": null,
            "common_shares": 400000,
            "book_valuer_per_share": 5.69,
            "book_valuer_per_share_4q_avg": 5.6,
            "equity": 227596,
            "current_ratio": 108.66,
            "debt_ratio": 51.71,
            "inventory_turnover_ratio": 1.8,
            "account_receivable_turnover_ratio": 2.66,
            "reinvestment_rate": null,
            "research_to_sale_ratio": 3.5,
            "price_fair": 0,
            "eps_avg_yearly": 0,
            "eps_latest_yearly": 0,
            "eps_growth_yearly": 0
        },
        "20221": {
            "year_quarter": 20221,
            "year": 2022,
            "quarter": 1,
            "eps": -0.16,
            "eps_growth_year": -900,
            "eps_4q": -0.31,
            "eps_4q_growth_year": null,
            "roe": -2.84,
            "roe_4q": -5.7,
            "gross_profit": 1582,
            "gross_margin": 4.38,
            "gross_margin_4q_avg": 20.77,
            "net_income": -6386,
            "net_income_4q": null,
            "revenue": 36146,
            "revenue_4q": null,
            "common_shares": 400000,
            "book_valuer_per_share": 5.55,
            "book_valuer_per_share_4q_avg": 5.62,
            "equity": 221936,
            "current_ratio": 104.02,
            "debt_ratio": 49.15,
            "inventory_turnover_ratio": 0.85,
            "account_receivable_turnover_ratio": 1.26,
            "reinvestment_rate": null,
            "research_to_sale_ratio": 9.01,
            "price_fair": 0,
            "eps_avg_yearly": 0,
            "eps_latest_yearly": 0,
            "eps_growth_yearly": 0
        },
        "20222": {
            "year_quarter": 20222,
            "year": 2022,
            "quarter": 2,
            "eps": -0.15,
            "eps_growth_year": null,
            "eps_4q": -0.27,
            "eps_4q_growth_year": null,
            "roe": -2.79,
            "roe_4q": -4.95,
            "gross_profit": 4262,
            "gross_margin": 25.6,
            "gross_margin_4q_avg": 19.8,
            "net_income": -6118,
            "net_income_4q": null,
            "revenue": 16647,
            "revenue_4q": null,
            "common_shares": 400000,
            "book_valuer_per_share": 5.42,
            "book_valuer_per_share_4q_avg": 5.56,
            "equity": 216630,
            "current_ratio": 98.43,
            "debt_ratio": 49.3,
            "inventory_turnover_ratio": 0.3,
            "account_receivable_turnover_ratio": 1.9,
            "reinvestment_rate": null,
            "research_to_sale_ratio": 17.68,
            "price_fair": 0,
            "eps_avg_yearly": 0,
            "eps_latest_yearly": 0,
            "eps_growth_yearly": 0
        },
        "20223": {
            "year_quarter": 20223,
            "year": 2022,
            "quarter": 3,
            "eps": -0.14,
            "eps_growth_year": null,
            "eps_4q": -0.35,
            "eps_4q_growth_year": null,
            "roe": -2.65,
            "roe_4q": -6.489999999999999,
            "gross_profit": 3133,
            "gross_margin": 41.21,
            "gross_margin_4q_avg": 23.14,
            "net_income": -5675,
            "net_income_4q": null,
            "revenue": 7602,
            "revenue_4q": null,
            "common_shares": 400000,
            "book_valuer_per_share": 5.31,
            "book_valuer_per_share_4q_avg": 5.49,
            "equity": 212351,
            "current_ratio": 93.35,
            "debt_ratio": 48.22,
            "inventory_turnover_ratio": 0.11,
            "account_receivable_turnover_ratio": 4.97,
            "reinvestment_rate": null,
            "research_to_sale_ratio": 36.74,
            "price_fair": 0,
            "eps_avg_yearly": 0,
            "eps_latest_yearly": 0,
            "eps_growth_yearly": 0
        },
        "20224": {
            "year_quarter": 20224,
            "year": 2022,
            "quarter": 4,
            "eps": -0.19,
            "eps_growth_year": -283.52,
            "eps_4q": -0.64,
            "eps_4q_growth_year": null,
            "roe": -3.55,
            "roe_4q": -11.829999999999998,
            "gross_profit": 6477,
            "gross_margin": 49.19,
            "gross_margin_4q_avg": 30.1,
            "net_income": -7405,
            "net_income_4q": null,
            "revenue": 13166,
            "revenue_4q": null,
            "common_shares": 400000,
            "book_valuer_per_share": 5.13,
            "book_valuer_per_share_4q_avg": 5.35,
            "equity": 205077,
            "current_ratio": 86.59,
            "debt_ratio": 48.24,
            "inventory_turnover_ratio": 0.15,
            "account_receivable_turnover_ratio": 4.06,
            "reinvestment_rate": null,
            "research_to_sale_ratio": 20.01,
            "price_fair": 0,
            "eps_avg_yearly": 0,
            "eps_latest_yearly": 0,
            "eps_growth_yearly": 0
        },
        "20231": {
            "year_quarter": 20231,
            "year": 2023,
            "quarter": 1,
            "eps": -0.2,
            "eps_growth_year": null,
            "eps_4q": -0.61,
            "eps_4q_growth_year": null,
            "roe": -3.7,
            "roe_4q": -12.690000000000001,
            "gross_profit": 2827,
            "gross_margin": 36.34,
            "gross_margin_4q_avg": 38.09,
            "net_income": -8365,
            "net_income_4q": null,
            "revenue": 7779,
            "revenue_4q": null,
            "common_shares": 450000,
            "book_valuer_per_share": 5.49,
            "book_valuer_per_share_4q_avg": 5.34,
            "equity": 246942,
            "current_ratio": 122.88,
            "debt_ratio": 38.11,
            "inventory_turnover_ratio": 0.11,
            "account_receivable_turnover_ratio": 1.86,
            "reinvestment_rate": null,
            "research_to_sale_ratio": 35.42,
            "price_fair": 0,
            "eps_avg_yearly": 0,
            "eps_latest_yearly": 0,
            "eps_growth_yearly": 0
        },
        "20232": {
            "year_quarter": 20232,
            "year": 2023,
            "quarter": 2,
            "eps": -0.14,
            "eps_growth_year": null,
            "eps_4q": -0.62,
            "eps_4q_growth_year": null,
            "roe": -2.57,
            "roe_4q": -12.47,
            "gross_profit": 2592,
            "gross_margin": 35.41,
            "gross_margin_4q_avg": 40.54,
            "net_income": -6282,
            "net_income_4q": null,
            "revenue": 7320,
            "revenue_4q": null,
            "common_shares": 450000,
            "book_valuer_per_share": 5.36,
            "book_valuer_per_share_4q_avg": 5.32,
            "equity": 241063,
            "current_ratio": 113.19,
            "debt_ratio": 38.64,
            "inventory_turnover_ratio": 0.1,
            "account_receivable_turnover_ratio": 3.85,
            "reinvestment_rate": null,
            "research_to_sale_ratio": 37.73,
            "price_fair": 0,
            "eps_avg_yearly": 0,
            "eps_latest_yearly": 0,
            "eps_growth_yearly": 0
        },
        "20233": {
            "year_quarter": 20233,
            "year": 2023,
            "quarter": 3,
            "eps": -0.2,
            "eps_growth_year": null,
            "eps_4q": -1.18,
            "eps_4q_growth_year": null,
            "roe": -1.94,
            "roe_4q": -11.760000000000002,
            "gross_profit": 2690,
            "gross_margin": 31.99,
            "gross_margin_4q_avg": 38.23,
            "net_income": -4637,
            "net_income_4q": null,
            "revenue": 8409,
            "revenue_4q": null,
            "common_shares": 226300,
            "book_valuer_per_share": 10.47,
            "book_valuer_per_share_4q_avg": 6.61,
            "equity": 237044,
            "current_ratio": 105.08,
            "debt_ratio": 41.38,
            "inventory_turnover_ratio": 0.12,
            "account_receivable_turnover_ratio": 4.81,
            "reinvestment_rate": null,
            "research_to_sale_ratio": 23.69,
            "price_fair": 0,
            "eps_avg_yearly": 0,
            "eps_latest_yearly": 0,
            "eps_growth_yearly": 0
        }
    },
    "months": {
        "2003-01": {
            "month": "2003-01",
            "price": "32.25",
            "revenue": 54836
        },
        "2003-02": {
            "month": "2003-02",
            "price": "28.51",
            "revenue": 67662
        },
        "2003-03": {
            "month": "2003-03",
            "price": "31.13",
            "revenue": 35804
        },
        "2003-04": {
            "month": "2003-04",
            "price": "29.24",
            "revenue": 37493
        },
        "2003-05": {
            "month": "2003-05",
            "price": "28.55",
            "revenue": 30905
        },
        "2003-06": {
            "month": "2003-06",
            "price": "31.98",
            "revenue": 29847
        },
        "2003-07": {
            "month": "2003-07",
            "price": "30.38",
            "revenue": 13948
        },
        "2003-08": {
            "month": "2003-08",
            "price": "26.78",
            "revenue": 19010
        },
        "2003-09": {
            "month": "2003-09",
            "price": "19.86",
            "revenue": 27027
        },
        "2003-10": {
            "month": "2003-10",
            "price": "17.38",
            "revenue": 25332
        },
        "2003-11": {
            "month": "2003-11",
            "price": "19.54",
            "revenue": 35330
        },
        "2003-12": {
            "month": "2003-12",
            "price": "24.22",
            "revenue": 32502
        },
        "2004-01": {
            "month": "2004-01",
            "price": "24.66",
            "revenue": 25253
        },
        "2004-02": {
            "month": "2004-02",
            "price": "21.65",
            "revenue": 29964
        },
        "2004-03": {
            "month": "2004-03",
            "price": "19.70",
            "revenue": 27936
        },
        "2004-04": {
            "month": "2004-04",
            "price": "18.44",
            "revenue": 16918
        },
        "2004-05": {
            "month": "2004-05",
            "price": "15.08",
            "revenue": 12492
        },
        "2004-06": {
            "month": "2004-06",
            "price": "18.43",
            "revenue": 20136
        },
        "2004-07": {
            "month": "2004-07",
            "price": "14.61",
            "revenue": 9230
        },
        "2004-08": {
            "month": "2004-08",
            "price": "14.11",
            "revenue": 14842
        },
        "2004-09": {
            "month": "2004-09",
            "price": "11.93",
            "revenue": 32374
        },
        "2004-10": {
            "month": "2004-10",
            "price": "10.03",
            "revenue": 27286
        },
        "2004-11": {
            "month": "2004-11",
            "price": "9.17",
            "revenue": 33283
        },
        "2004-12": {
            "month": "2004-12",
            "price": "7.85",
            "revenue": 49284
        },
        "2005-01": {
            "month": "2005-01",
            "price": "6.85",
            "revenue": 26316
        },
        "2005-02": {
            "month": "2005-02",
            "price": "7.38",
            "revenue": 8161
        },
        "2005-03": {
            "month": "2005-03",
            "price": "7.39",
            "revenue": 31846
        },
        "2005-04": {
            "month": "2005-04",
            "price": "6.49",
            "revenue": 9630
        },
        "2005-05": {
            "month": "2005-05",
            "price": "5.27",
            "revenue": 18121
        },
        "2005-06": {
            "month": "2005-06",
            "price": "6.66",
            "revenue": 20812
        },
        "2005-07": {
            "month": "2005-07",
            "price": "6.92",
            "revenue": 7374
        },
        "2005-08": {
            "month": "2005-08",
            "price": "5.97",
            "revenue": 4504
        },
        "2005-09": {
            "month": "2005-09",
            "price": "5.05",
            "revenue": 4217
        },
        "2005-10": {
            "month": "2005-10",
            "price": "4.29",
            "revenue": 17977
        },
        "2005-11": {
            "month": "2005-11",
            "price": "3.97",
            "revenue": 7516
        },
        "2005-12": {
            "month": "2005-12",
            "price": "4.18",
            "revenue": 9079
        },
        "2006-01": {
            "month": "2006-01",
            "price": "4.55",
            "revenue": 24644
        },
        "2006-02": {
            "month": "2006-02",
            "price": "4.30",
            "revenue": 20040
        },
        "2006-03": {
            "month": "2006-03",
            "price": "4.15",
            "revenue": 42817
        },
        "2006-04": {
            "month": "2006-04",
            "price": "5.59",
            "revenue": 27248
        },
        "2006-05": {
            "month": "2006-05",
            "price": "10.13",
            "revenue": 19023
        },
        "2006-06": {
            "month": "2006-06",
            "price": "8.80",
            "revenue": 22448
        },
        "2006-07": {
            "month": "2006-07",
            "price": "8.09",
            "revenue": 38742
        },
        "2006-08": {
            "month": "2006-08",
            "price": "9.16",
            "revenue": 31901
        },
        "2006-09": {
            "month": "2006-09",
            "price": "9.72",
            "revenue": 11388
        },
        "2006-10": {
            "month": "2006-10",
            "price": "10.41",
            "revenue": 14837
        },
        "2006-11": {
            "month": "2006-11",
            "price": "10.08",
            "revenue": 7434
        },
        "2006-12": {
            "month": "2006-12",
            "price": "9.46",
            "revenue": 29317
        },
        "2007-01": {
            "month": "2007-01",
            "price": "10.90",
            "revenue": 8200
        },
        "2007-02": {
            "month": "2007-02",
            "price": "9.77",
            "revenue": 32797
        },
        "2007-03": {
            "month": "2007-03",
            "price": "9.99",
            "revenue": 28898
        },
        "2007-04": {
            "month": "2007-04",
            "price": "11.82",
            "revenue": 16917
        },
        "2007-05": {
            "month": "2007-05",
            "price": "11.84",
            "revenue": 17889
        },
        "2007-06": {
            "month": "2007-06",
            "price": "12.39",
            "revenue": 14899
        },
        "2007-07": {
            "month": "2007-07",
            "price": "13.46",
            "revenue": 3147
        },
        "2007-08": {
            "month": "2007-08",
            "price": "10.60",
            "revenue": 11393
        },
        "2007-09": {
            "month": "2007-09",
            "price": "10.20",
            "revenue": 11929
        },
        "2007-10": {
            "month": "2007-10",
            "price": "10.30",
            "revenue": 2861
        },
        "2007-11": {
            "month": "2007-11",
            "price": "8.94",
            "revenue": 35963
        },
        "2007-12": {
            "month": "2007-12",
            "price": "9.67",
            "revenue": 16974
        },
        "2008-01": {
            "month": "2008-01",
            "price": "8.14",
            "revenue": 14847
        },
        "2008-02": {
            "month": "2008-02",
            "price": "7.80",
            "revenue": 13271
        },
        "2008-03": {
            "month": "2008-03",
            "price": "8.09",
            "revenue": 13302
        },
        "2008-04": {
            "month": "2008-04",
            "price": "8.14",
            "revenue": 29661
        },
        "2008-05": {
            "month": "2008-05",
            "price": "8.75",
            "revenue": 23355
        },
        "2008-06": {
            "month": "2008-06",
            "price": "8.13",
            "revenue": 5697
        },
        "2008-07": {
            "month": "2008-07",
            "price": "7.51",
            "revenue": 23363
        },
        "2008-08": {
            "month": "2008-08",
            "price": "7.72",
            "revenue": 10578
        },
        "2008-09": {
            "month": "2008-09",
            "price": "7.01",
            "revenue": 12579
        },
        "2008-10": {
            "month": "2008-10",
            "price": "6.40",
            "revenue": 5850
        },
        "2008-11": {
            "month": "2008-11",
            "price": "5.80",
            "revenue": 9609
        },
        "2008-12": {
            "month": "2008-12",
            "price": "5.71",
            "revenue": 11025
        },
        "2009-01": {
            "month": "2009-01",
            "price": "5.64",
            "revenue": 21797
        },
        "2009-02": {
            "month": "2009-02",
            "price": "5.90",
            "revenue": 8736
        },
        "2009-03": {
            "month": "2009-03",
            "price": "6.12",
            "revenue": 19535
        },
        "2009-04": {
            "month": "2009-04",
            "price": "6.80",
            "revenue": 2247
        },
        "2009-05": {
            "month": "2009-05",
            "price": "7.16",
            "revenue": 20609
        },
        "2009-06": {
            "month": "2009-06",
            "price": "6.50",
            "revenue": 20108
        },
        "2009-07": {
            "month": "2009-07",
            "price": "7.70",
            "revenue": 10275
        },
        "2009-08": {
            "month": "2009-08",
            "price": "7.71",
            "revenue": 16077
        },
        "2009-09": {
            "month": "2009-09",
            "price": "8.10",
            "revenue": 20458
        },
        "2009-10": {
            "month": "2009-10",
            "price": "8.97",
            "revenue": 68804
        },
        "2009-11": {
            "month": "2009-11",
            "price": "9.93",
            "revenue": 25542
        },
        "2009-12": {
            "month": "2009-12",
            "price": "11.34",
            "revenue": 17154
        },
        "2010-01": {
            "month": "2010-01",
            "price": "12.58",
            "revenue": 21531
        },
        "2010-02": {
            "month": "2010-02",
            "price": "10.49",
            "revenue": 13862
        },
        "2010-03": {
            "month": "2010-03",
            "price": "12.25",
            "revenue": 37336
        },
        "2010-04": {
            "month": "2010-04",
            "price": "12.96",
            "revenue": 25060
        },
        "2010-05": {
            "month": "2010-05",
            "price": "12.69",
            "revenue": 16110
        },
        "2010-06": {
            "month": "2010-06",
            "price": "12.29",
            "revenue": 13817
        },
        "2010-07": {
            "month": "2010-07",
            "price": "12.55",
            "revenue": 17862
        },
        "2010-08": {
            "month": "2010-08",
            "price": "12.44",
            "revenue": 18016
        },
        "2010-09": {
            "month": "2010-09",
            "price": "12.13",
            "revenue": 23417
        },
        "2010-10": {
            "month": "2010-10",
            "price": "11.92",
            "revenue": 18095
        },
        "2010-11": {
            "month": "2010-11",
            "price": "10.34",
            "revenue": 23822
        },
        "2010-12": {
            "month": "2010-12",
            "price": "10.74",
            "revenue": 22123
        },
        "2011-01": {
            "month": "2011-01",
            "price": "11.15",
            "revenue": 11877
        },
        "2011-02": {
            "month": "2011-02",
            "price": "10.42",
            "revenue": 21686
        },
        "2011-03": {
            "month": "2011-03",
            "price": "10.58",
            "revenue": 15591
        },
        "2011-04": {
            "month": "2011-04",
            "price": "10.31",
            "revenue": 5841
        },
        "2011-05": {
            "month": "2011-05",
            "price": "9.53",
            "revenue": 3432
        },
        "2011-06": {
            "month": "2011-06",
            "price": "9.28",
            "revenue": 22786
        },
        "2011-07": {
            "month": "2011-07",
            "price": "8.50",
            "revenue": 1066
        },
        "2011-08": {
            "month": "2011-08",
            "price": "7.10",
            "revenue": 43100
        },
        "2011-09": {
            "month": "2011-09",
            "price": "6.74",
            "revenue": 17478
        },
        "2011-10": {
            "month": "2011-10",
            "price": "7.25",
            "revenue": 14275
        },
        "2011-11": {
            "month": "2011-11",
            "price": "7.22",
            "revenue": 29291
        },
        "2011-12": {
            "month": "2011-12",
            "price": "6.81",
            "revenue": 21955
        },
        "2012-01": {
            "month": "2012-01",
            "price": "6.59",
            "revenue": 2948
        },
        "2012-02": {
            "month": "2012-02",
            "price": "7.39",
            "revenue": 2411
        },
        "2012-03": {
            "month": "2012-03",
            "price": "7.43",
            "revenue": 3087
        },
        "2012-04": {
            "month": "2012-04",
            "price": "7.13",
            "revenue": 1205
        },
        "2012-05": {
            "month": "2012-05",
            "price": "6.52",
            "revenue": 7655
        },
        "2012-06": {
            "month": "2012-06",
            "price": "5.83",
            "revenue": -3048
        },
        "2012-07": {
            "month": "2012-07",
            "price": "6.24",
            "revenue": 16381
        },
        "2012-08": {
            "month": "2012-08",
            "price": "6.03",
            "revenue": 3178
        },
        "2012-09": {
            "month": "2012-09",
            "price": "5.64",
            "revenue": 3387
        },
        "2012-10": {
            "month": "2012-10",
            "price": "4.91",
            "revenue": 14214
        },
        "2012-11": {
            "month": "2012-11",
            "price": "4.05",
            "revenue": 10482
        },
        "2012-12": {
            "month": "2012-12",
            "price": "4.21",
            "revenue": 17147
        },
        "2013-01": {
            "month": "2013-01",
            "price": "4.61",
            "revenue": 16473
        },
        "2013-02": {
            "month": "2013-02",
            "price": "5.39",
            "revenue": 12647
        },
        "2013-03": {
            "month": "2013-03",
            "price": "6.38",
            "revenue": 17656
        },
        "2013-04": {
            "month": "2013-04",
            "price": "6.07",
            "revenue": 23770
        },
        "2013-05": {
            "month": "2013-05",
            "price": "7.29",
            "revenue": 7565
        },
        "2013-06": {
            "month": "2013-06",
            "price": "10.49",
            "revenue": 16551
        },
        "2013-07": {
            "month": "2013-07",
            "price": "11.75",
            "revenue": 6130
        },
        "2013-08": {
            "month": "2013-08",
            "price": "10.65",
            "revenue": 11073
        },
        "2013-09": {
            "month": "2013-09",
            "price": "9.97",
            "revenue": 4004
        },
        "2013-10": {
            "month": "2013-10",
            "price": "8.98",
            "revenue": -599
        },
        "2013-11": {
            "month": "2013-11",
            "price": "7.32",
            "revenue": 12049
        },
        "2013-12": {
            "month": "2013-12",
            "price": "7.30",
            "revenue": 14675
        },
        "2014-01": {
            "month": "2014-01",
            "price": "7.86",
            "revenue": 8087
        },
        "2014-02": {
            "month": "2014-02",
            "price": "8.02",
            "revenue": 5556
        },
        "2014-03": {
            "month": "2014-03",
            "price": "10.36",
            "revenue": 9543
        },
        "2014-04": {
            "month": "2014-04",
            "price": "9.77",
            "revenue": 10774
        },
        "2014-05": {
            "month": "2014-05",
            "price": "10.45",
            "revenue": 6397
        },
        "2014-06": {
            "month": "2014-06",
            "price": "13.35",
            "revenue": 6356
        },
        "2014-07": {
            "month": "2014-07",
            "price": "23.30",
            "revenue": 14394
        },
        "2014-08": {
            "month": "2014-08",
            "price": "18.74",
            "revenue": 20922
        },
        "2014-09": {
            "month": "2014-09",
            "price": "19.09",
            "revenue": 2639
        },
        "2014-10": {
            "month": "2014-10",
            "price": "18.03",
            "revenue": 29037
        },
        "2014-11": {
            "month": "2014-11",
            "price": "19.31",
            "revenue": 21484
        },
        "2014-12": {
            "month": "2014-12",
            "price": "30.02",
            "revenue": 19347
        },
        "2015-01": {
            "month": "2015-01",
            "price": "32.87",
            "revenue": 4441
        },
        "2015-02": {
            "month": "2015-02",
            "price": "31.86",
            "revenue": 9194
        },
        "2015-03": {
            "month": "2015-03",
            "price": "32.18",
            "revenue": 5266
        },
        "2015-04": {
            "month": "2015-04",
            "price": "24.76",
            "revenue": 3504
        },
        "2015-05": {
            "month": "2015-05",
            "price": "14.87",
            "revenue": 6806
        },
        "2015-06": {
            "month": "2015-06",
            "price": "14.26",
            "revenue": 8605
        },
        "2015-07": {
            "month": "2015-07",
            "price": "11.95",
            "revenue": 21786
        },
        "2015-08": {
            "month": "2015-08",
            "price": "9.28",
            "revenue": 8872
        },
        "2015-09": {
            "month": "2015-09",
            "price": "10.19",
            "revenue": 10450
        },
        "2015-10": {
            "month": "2015-10",
            "price": "12.78",
            "revenue": 9749
        },
        "2015-11": {
            "month": "2015-11",
            "price": "11.82",
            "revenue": 4357
        },
        "2015-12": {
            "month": "2015-12",
            "price": "10.79",
            "revenue": 9645
        },
        "2016-01": {
            "month": "2016-01",
            "price": "8.57",
            "revenue": 23410
        },
        "2016-02": {
            "month": "2016-02",
            "price": "9.71",
            "revenue": 2838
        },
        "2016-03": {
            "month": "2016-03",
            "price": "10.48",
            "revenue": 2178
        },
        "2016-04": {
            "month": "2016-04",
            "price": "9.45",
            "revenue": 10893
        },
        "2016-05": {
            "month": "2016-05",
            "price": "7.85",
            "revenue": 3373
        },
        "2016-06": {
            "month": "2016-06",
            "price": "7.34",
            "revenue": 5359
        },
        "2016-07": {
            "month": "2016-07",
            "price": "6.75",
            "revenue": 3593
        },
        "2016-08": {
            "month": "2016-08",
            "price": "6.11",
            "revenue": 4554
        },
        "2016-09": {
            "month": "2016-09",
            "price": "7.41",
            "revenue": 20350
        },
        "2016-10": {
            "month": "2016-10",
            "price": "7.16",
            "revenue": 2684
        },
        "2016-11": {
            "month": "2016-11",
            "price": "11.81",
            "revenue": 8149
        },
        "2016-12": {
            "month": "2016-12",
            "price": "12.31",
            "revenue": 7484
        },
        "2017-01": {
            "month": "2017-01",
            "price": "11.61",
            "revenue": 6347
        },
        "2017-02": {
            "month": "2017-02",
            "price": "11.88",
            "revenue": 16515
        },
        "2017-03": {
            "month": "2017-03",
            "price": "12.13",
            "revenue": 7871
        },
        "2017-04": {
            "month": "2017-04",
            "price": "12.05",
            "revenue": 9136
        },
        "2017-05": {
            "month": "2017-05",
            "price": "12.13",
            "revenue": 4836
        },
        "2017-06": {
            "month": "2017-06",
            "price": "12.19",
            "revenue": 4581
        },
        "2017-07": {
            "month": "2017-07",
            "price": "11.92",
            "revenue": 4428
        },
        "2017-08": {
            "month": "2017-08",
            "price": "10.76",
            "revenue": 4430
        },
        "2017-09": {
            "month": "2017-09",
            "price": "10.00",
            "revenue": 14294
        },
        "2017-10": {
            "month": "2017-10",
            "price": "9.95",
            "revenue": 22577
        },
        "2017-11": {
            "month": "2017-11",
            "price": "10.43",
            "revenue": 14007
        },
        "2017-12": {
            "month": "2017-12",
            "price": "10.03",
            "revenue": 6547
        },
        "2018-01": {
            "month": "2018-01",
            "price": "9.65",
            "revenue": 23860
        },
        "2018-02": {
            "month": "2018-02",
            "price": "9.63",
            "revenue": 4916
        },
        "2018-03": {
            "month": "2018-03",
            "price": "11.41",
            "revenue": 7606
        },
        "2018-04": {
            "month": "2018-04",
            "price": "10.28",
            "revenue": 3532
        },
        "2018-05": {
            "month": "2018-05",
            "price": "9.31",
            "revenue": 1515
        },
        "2018-06": {
            "month": "2018-06",
            "price": "9.35",
            "revenue": 3685
        },
        "2018-07": {
            "month": "2018-07",
            "price": "8.85",
            "revenue": 2800
        },
        "2018-08": {
            "month": "2018-08",
            "price": "8.28",
            "revenue": 3373
        },
        "2018-09": {
            "month": "2018-09",
            "price": "8.01",
            "revenue": 4002
        },
        "2018-10": {
            "month": "2018-10",
            "price": "7.22",
            "revenue": 4680
        },
        "2018-11": {
            "month": "2018-11",
            "price": "6.87",
            "revenue": 5341
        },
        "2018-12": {
            "month": "2018-12",
            "price": "6.43",
            "revenue": 10666
        },
        "2019-01": {
            "month": "2019-01",
            "price": "6.68",
            "revenue": 11714
        },
        "2019-02": {
            "month": "2019-02",
            "price": "6.82",
            "revenue": 5333
        },
        "2019-03": {
            "month": "2019-03",
            "price": "6.78",
            "revenue": 5158
        },
        "2019-04": {
            "month": "2019-04",
            "price": "6.78",
            "revenue": 1536
        },
        "2019-05": {
            "month": "2019-05",
            "price": "6.77",
            "revenue": 4913
        },
        "2019-06": {
            "month": "2019-06",
            "price": "6.56",
            "revenue": 3504
        },
        "2019-07": {
            "month": "2019-07",
            "price": "6.63",
            "revenue": 3496
        },
        "2019-08": {
            "month": "2019-08",
            "price": "6.38",
            "revenue": 7577
        },
        "2019-09": {
            "month": "2019-09",
            "price": "6.86",
            "revenue": 6124
        },
        "2019-10": {
            "month": "2019-10",
            "price": "7.22",
            "revenue": 3790
        },
        "2019-11": {
            "month": "2019-11",
            "price": "6.76",
            "revenue": 5594
        },
        "2019-12": {
            "month": "2019-12",
            "price": "6.51",
            "revenue": 5820
        },
        "2020-01": {
            "month": "2020-01",
            "price": "6.40",
            "revenue": 3122
        },
        "2020-02": {
            "month": "2020-02",
            "price": "6.27",
            "revenue": 13284
        },
        "2020-03": {
            "month": "2020-03",
            "price": "6.42",
            "revenue": 2457
        },
        "2020-04": {
            "month": "2020-04",
            "price": "6.10",
            "revenue": 5961
        },
        "2020-05": {
            "month": "2020-05",
            "price": "5.93",
            "revenue": 7564
        },
        "2020-06": {
            "month": "2020-06",
            "price": "6.09",
            "revenue": 7308
        },
        "2020-07": {
            "month": "2020-07",
            "price": "7.75",
            "revenue": 7729
        },
        "2020-08": {
            "month": "2020-08",
            "price": "8.46",
            "revenue": 3258
        },
        "2020-09": {
            "month": "2020-09",
            "price": "8.15",
            "revenue": 3443
        },
        "2020-10": {
            "month": "2020-10",
            "price": "7.95",
            "revenue": 7463
        },
        "2020-11": {
            "month": "2020-11",
            "price": "7.56",
            "revenue": 3543
        },
        "2020-12": {
            "month": "2020-12",
            "price": "8.20",
            "revenue": 28912
        },
        "2021-01": {
            "month": "2021-01",
            "price": "9.24",
            "revenue": 6661
        },
        "2021-02": {
            "month": "2021-02",
            "price": "9.15",
            "revenue": 19705
        },
        "2021-03": {
            "month": "2021-03",
            "price": "11.18",
            "revenue": 13557
        },
        "2021-04": {
            "month": "2021-04",
            "price": "13.55",
            "revenue": 4099
        },
        "2021-05": {
            "month": "2021-05",
            "price": "11.03",
            "revenue": 5434
        },
        "2021-06": {
            "month": "2021-06",
            "price": "11.38",
            "revenue": 17367
        },
        "2021-07": {
            "month": "2021-07",
            "price": "11.09",
            "revenue": 7325
        },
        "2021-08": {
            "month": "2021-08",
            "price": "10.04",
            "revenue": 8023
        },
        "2021-09": {
            "month": "2021-09",
            "price": "9.70",
            "revenue": 18976
        },
        "2021-10": {
            "month": "2021-10",
            "price": "9.90",
            "revenue": 30011
        },
        "2021-11": {
            "month": "2021-11",
            "price": "11.22",
            "revenue": 28064
        },
        "2021-12": {
            "month": "2021-12",
            "price": "14.32",
            "revenue": 30515
        },
        "2022-01": {
            "month": "2022-01",
            "price": "19.15",
            "revenue": 17039
        },
        "2022-02": {
            "month": "2022-02",
            "price": "24.88",
            "revenue": 11530
        },
        "2022-03": {
            "month": "2022-03",
            "price": "21.57",
            "revenue": 7577
        },
        "2022-04": {
            "month": "2022-04",
            "price": "20.04",
            "revenue": 7194
        },
        "2022-05": {
            "month": "2022-05",
            "price": "19.94",
            "revenue": 9681
        },
        "2022-06": {
            "month": "2022-06",
            "price": "16.35",
            "revenue": 2815
        },
        "2022-07": {
            "month": "2022-07",
            "price": "12.60",
            "revenue": 2414
        },
        "2022-08": {
            "month": "2022-08",
            "price": "16.45",
            "revenue": 3441
        },
        "2022-09": {
            "month": "2022-09",
            "price": "13.71",
            "revenue": 1747
        },
        "2022-10": {
            "month": "2022-10",
            "price": "12.60",
            "revenue": 1098
        },
        "2022-11": {
            "month": "2022-11",
            "price": "13.10",
            "revenue": 4944
        },
        "2022-12": {
            "month": "2022-12",
            "price": "12.76",
            "revenue": 7124
        },
        "2023-01": {
            "month": "2023-01",
            "price": "12.43",
            "revenue": 2463
        },
        "2023-02": {
            "month": "2023-02",
            "price": "12.78",
            "revenue": 2920
        },
        "2023-03": {
            "month": "2023-03",
            "price": "14.68",
            "revenue": 2396
        },
        "2023-04": {
            "month": "2023-04",
            "price": "13.25",
            "revenue": 2061
        },
        "2023-05": {
            "month": "2023-05",
            "price": "12.90",
            "revenue": 4498
        },
        "2023-06": {
            "month": "2023-06",
            "price": "12.64",
            "revenue": 761
        },
        "2023-07": {
            "month": "2023-07",
            "price": "12.37",
            "revenue": 2188
        },
        "2023-08": {
            "month": "2023-08",
            "price": "11.73",
            "revenue": 3750
        },
        "2023-09": {
            "month": "2023-09",
            "price": "11.74",
            "revenue": 2471
        },
        "2023-10": {
            "month": "2023-10",
            "price": "22.59",
            "revenue": 3166
        },
        "2023-11": {
            "month": "2023-11",
            "price": "24.60",
            "revenue": 2290
        },
        "2023-12": {
            "month": "2023-12",
            "price": "24.37",
            "revenue": 5217
        }
    }
}
