{
    "summary": {
        "stock_name": "研通",
        "stock_id": "6229",
        "category": "半導體",
        "main_business": "IC韌體應用設計",
        "website_url": "http://www.vtac.com.tw",
        "ceo": "黃正華",
        "pe_ratio": 100,
        "report_year_from": 2001,
        "report_year_to": 2023,
        "age": 23,
        "eps_negative_percentage": 0,
        "eps_growth_avg": {
            "last_all": -1.83,
            "last_2y": -16.25,
            "last_4y": 5.57,
            "last_8y": 6.15,
            "last_12y": 2.8,
            "last_16y": 0.16,
            "last_20y": -0.36,
            "at_2006_last_3y": -2.59,
            "at_2007_last_3y": 1.25,
            "at_2008_last_3y": -8.17,
            "at_2009_last_3y": -16.09,
            "at_2010_last_3y": -8.41,
            "at_2011_last_3y": -20.02,
            "at_2012_last_3y": -14.51,
            "at_2013_last_3y": 22.51,
            "at_2014_last_3y": -4.73,
            "at_2015_last_3y": -9.63,
            "at_2016_last_3y": 24.3,
            "at_2017_last_3y": 3.26,
            "at_2018_last_3y": 6.88,
            "at_2019_last_3y": 24.49,
            "at_2020_last_3y": 24.49,
            "at_2021_last_3y": 45.53,
            "at_2022_last_3y": 31.52,
            "at_2023_last_3y": 12.81,
            "at_2024_last_3y": 12.81,
            "at_2006_last_all": -8.6,
            "at_2007_last_all": -11.8,
            "at_2008_last_all": -18.36,
            "at_2009_last_all": -22.08,
            "at_2010_last_all": -8.52,
            "at_2011_last_all": -15.09,
            "at_2012_last_all": -16.96,
            "at_2013_last_all": -7.22,
            "at_2014_last_all": -7.35,
            "at_2015_last_all": -13.53,
            "at_2016_last_all": -5.96,
            "at_2017_last_all": -4.6,
            "at_2018_last_all": -4,
            "at_2019_last_all": -5.08,
            "at_2020_last_all": 0.45,
            "at_2021_last_all": 5.43,
            "at_2022_last_all": 2.76,
            "at_2023_last_all": -1.83,
            "at_2024_last_all": -1.83
        },
        "latest_eps": 0.05,
        "latest_price": 31.6,
        "latest_roe": 0.3,
        "latest_gross_margin": 24.15,
        "latest_equity": 639251,
        "latest_revenue": 287258,
        "latest_gross_profit": 69381,
        "latest_net_income": 9045,
        "latest_debt_ratio": 48.32,
        "latest_current_ratio": 140.38,
        "latest_account_receivable_turnover_ratio": 0.92,
        "latest_inventory_turnover_ratio": 2.52,
        "latest_reinvestment_rate": 62.08,
        "latest_research_to_sale_ratio": 3.42
    },
    "eps_dividends": {
        "2001": {
            "cash": 0,
            "stock": 1.9,
            "eps": 5.98
        },
        "2002": {
            "cash": 0.5,
            "stock": 3,
            "eps": 4.03
        },
        "2003": {
            "cash": 1.5,
            "stock": 1,
            "eps": 2.29
        },
        "2004": {
            "cash": 1,
            "stock": 1,
            "eps": 1.83
        },
        "2005": {
            "cash": 1,
            "stock": 0.5,
            "eps": 1.53
        },
        "2006": {
            "cash": 1.2,
            "stock": 0.1,
            "eps": 2.59
        },
        "2007": {
            "cash": 1.8,
            "stock": 0.2,
            "eps": 1.87
        },
        "2008": {
            "cash": 1,
            "stock": 0.2,
            "eps": 0.79
        },
        "2009": {
            "cash": 0.5,
            "stock": 0.1,
            "eps": 0.41
        },
        "2010": {
            "cash": 0.4,
            "stock": 0.1,
            "eps": 1.63
        },
        "2011": {
            "cash": 1.09,
            "stock": 0,
            "eps": 0.42
        },
        "2012": {
            "cash": 0.5,
            "stock": 0,
            "eps": 0.27
        },
        "2013": {
            "cash": 0.13,
            "stock": 0,
            "eps": 0.89
        },
        "2014": {
            "cash": 0.97,
            "stock": 0,
            "eps": 0.81
        },
        "2015": {
            "cash": 0.78,
            "stock": 0,
            "eps": 0.05
        },
        "2016": {
            "cash": 0.04,
            "stock": 0,
            "eps": 0.63
        },
        "2017": {
            "cash": 0.67,
            "stock": 0,
            "eps": 0.73
        },
        "2018": {
            "cash": 0.46,
            "stock": 0,
            "eps": 0.77
        },
        "2019": {
            "cash": 0.93,
            "stock": 0,
            "eps": 0.59
        },
        "2020": {
            "cash": 0.53,
            "stock": 0,
            "eps": 1.32
        },
        "2021": {
            "cash": 1.02,
            "stock": 0,
            "eps": 4.49
        },
        "2022": {
            "cash": 2.5,
            "stock": 0,
            "eps": 2.22
        },
        "2023": {
            "cash": 1.6,
            "stock": 0,
            "eps": 0.04
        },
        "2024": {
            "cash": 0.5,
            "stock": 0,
            "eps": 0
        }
    },
    "dividends": {
        "2001-05-22": {
            "cash": 0,
            "stock": 1.9
        },
        "2002-06-21": {
            "cash": 0.5,
            "stock": 3
        },
        "2003-06-17": {
            "cash": 1.5,
            "stock": 1
        },
        "2004-02-26": {
            "cash": 1,
            "stock": 1
        },
        "2005-03-08": {
            "cash": 1,
            "stock": 0.5
        },
        "2006-03-17": {
            "cash": 1.2,
            "stock": 0.1
        },
        "2007-03-20": {
            "cash": 1.8,
            "stock": 0.2
        },
        "2008-03-20": {
            "cash": 1,
            "stock": 0.2
        },
        "2009-03-11": {
            "cash": 0.5,
            "stock": 0.1
        },
        "2010-03-12": {
            "cash": 0.4,
            "stock": 0.1
        },
        "2011-03-31": {
            "cash": 1.09,
            "stock": 0
        },
        "2012-06-26": {
            "cash": 0.5,
            "stock": 0
        },
        "2013-06-18": {
            "cash": 0.13,
            "stock": 0
        },
        "2014-06-25": {
            "cash": 0.97,
            "stock": 0
        },
        "2015-08-10": {
            "cash": 0.78,
            "stock": 0
        },
        "2016-07-29": {
            "cash": 0.04,
            "stock": 0
        },
        "2017-07-31": {
            "cash": 0.67,
            "stock": 0
        },
        "2018-08-03": {
            "cash": 0.46,
            "stock": 0
        },
        "2019-08-07": {
            "cash": 0.93,
            "stock": 0
        },
        "2020-08-05": {
            "cash": 0.53,
            "stock": 0
        },
        "2021-08-31": {
            "cash": 1.02,
            "stock": 0
        },
        "2022-08-09": {
            "cash": 2.5,
            "stock": 0
        },
        "2023-08-08": {
            "cash": 1.6,
            "stock": 0
        },
        "2024-03-14": {
            "cash": 0.5,
            "stock": 0
        }
    },
    "prices": {
        "200101": "無",
        "200102": "無",
        "200103": "無",
        "200104": "無",
        "200105": "無",
        "200106": "無",
        "200107": "無",
        "200108": "無",
        "200109": "無",
        "200110": "無",
        "200111": "無",
        "200112": "無",
        "200201": "無",
        "200202": "無",
        "200203": "無",
        "200204": "無",
        "200205": "無",
        "200206": "無",
        "200207": "無",
        "200208": "無",
        "200209": "無",
        "200210": "無",
        "200211": "無",
        "200212": "無",
        "200301": "48.21",
        "200302": "41.62",
        "200303": "39.43",
        "200304": "33.99",
        "200305": "29.30",
        "200306": "34.07",
        "200307": "33.65",
        "200308": "31.26",
        "200309": "24.89",
        "200310": "25.25",
        "200311": "23.59",
        "200312": "24.01",
        "200401": "24.35",
        "200402": "26.16",
        "200403": "24.83",
        "200404": "23.46",
        "200405": "22.54",
        "200406": "21.05",
        "200407": "15.86",
        "200408": "16.36",
        "200409": "17.34",
        "200410": "16.82",
        "200411": "15.34",
        "200412": "16.50",
        "200501": "18.55",
        "200502": "19.13",
        "200503": "17.45",
        "200504": "15.85",
        "200505": "14.66",
        "200506": "15.86",
        "200507": "17.63",
        "200508": "15.49",
        "200509": "12.81",
        "200510": "11.26",
        "200511": "11.13",
        "200512": "12.79",
        "200601": "13.26",
        "200602": "13.23",
        "200603": "14.59",
        "200604": "28.32",
        "200605": "29.99",
        "200606": "26.35",
        "200607": "26.26",
        "200608": "24.38",
        "200609": "27.19",
        "200610": "28.78",
        "200611": "26.79",
        "200612": "28.76",
        "200701": "30.33",
        "200702": "28.46",
        "200703": "28.22",
        "200704": "32.48",
        "200705": "32.20",
        "200706": "33.36",
        "200707": "35.50",
        "200708": "29.91",
        "200709": "28.18",
        "200710": "25.72",
        "200711": "29.92",
        "200712": "23.83",
        "200801": "19.93",
        "200802": "18.14",
        "200803": "21.84",
        "200804": "23.38",
        "200805": "22.05",
        "200806": "17.85",
        "200807": "14.09",
        "200808": "13.35",
        "200809": "12.30",
        "200810": "11.88",
        "200811": "9.48",
        "200812": "8.65",
        "200901": "8.64",
        "200902": "9.42",
        "200903": "11.40",
        "200904": "13.67",
        "200905": "13.58",
        "200906": "12.42",
        "200907": "15.02",
        "200908": "16.09",
        "200909": "16.02",
        "200910": "16.45",
        "200911": "15.65",
        "200912": "18.36",
        "201001": "18.81",
        "201002": "15.83",
        "201003": "17.19",
        "201004": "18.90",
        "201005": "18.36",
        "201006": "18.92",
        "201007": "19.78",
        "201008": "20.54",
        "201009": "20.20",
        "201010": "18.99",
        "201011": "18.04",
        "201012": "18.88",
        "201101": "18.69",
        "201102": "17.99",
        "201103": "17.31",
        "201104": "16.86",
        "201105": "15.55",
        "201106": "15.13",
        "201107": "14.37",
        "201108": "12.83",
        "201109": "11.53",
        "201110": "10.31",
        "201111": "10.54",
        "201112": "9.86",
        "201201": "9.87",
        "201202": "11.64",
        "201203": "11.73",
        "201204": "11.37",
        "201205": "10.47",
        "201206": "10.39",
        "201207": "10.16",
        "201208": "10.43",
        "201209": "10.66",
        "201210": "10.57",
        "201211": "10.23",
        "201212": "10.86",
        "201301": "11.45",
        "201302": "11.93",
        "201303": "12.46",
        "201304": "11.94",
        "201305": "11.86",
        "201306": "13.36",
        "201307": "14.08",
        "201308": "15.13",
        "201309": "16.03",
        "201310": "16.98",
        "201311": "14.83",
        "201312": "15.20",
        "201401": "16.16",
        "201402": "15.96",
        "201403": "19.59",
        "201404": "20.95",
        "201405": "18.33",
        "201406": "18.86",
        "201407": "17.99",
        "201408": "17.10",
        "201409": "17.06",
        "201410": "16.10",
        "201411": "16.18",
        "201412": "16.23",
        "201501": "16.48",
        "201502": "16.26",
        "201503": "15.72",
        "201504": "15.20",
        "201505": "14.60",
        "201506": "12.73",
        "201507": "11.92",
        "201508": "10.94",
        "201509": "11.03",
        "201510": "11.60",
        "201511": "11.93",
        "201512": "11.22",
        "201601": "10.63",
        "201602": "10.55",
        "201603": "12.66",
        "201604": "13.11",
        "201605": "12.68",
        "201606": "12.21",
        "201607": "12.96",
        "201608": "12.80",
        "201609": "12.95",
        "201610": "13.00",
        "201611": "12.66",
        "201612": "13.02",
        "201701": "13.27",
        "201702": "13.33",
        "201703": "13.42",
        "201704": "13.90",
        "201705": "13.87",
        "201706": "13.48",
        "201707": "13.85",
        "201708": "14.54",
        "201709": "16.30",
        "201710": "17.81",
        "201711": "19.68",
        "201712": "17.26",
        "201801": "18.97",
        "201802": "18.11",
        "201803": "17.95",
        "201804": "16.22",
        "201805": "14.99",
        "201806": "15.68",
        "201807": "14.46",
        "201808": "12.83",
        "201809": "12.58",
        "201810": "11.02",
        "201811": "11.51",
        "201812": "12.60",
        "201901": "12.40",
        "201902": "12.45",
        "201903": "13.42",
        "201904": "14.00",
        "201905": "13.08",
        "201906": "13.27",
        "201907": "12.96",
        "201908": "12.44",
        "201909": "14.83",
        "201910": "15.21",
        "201911": "15.09",
        "201912": "15.25",
        "202001": "14.79",
        "202002": "13.11",
        "202003": "11.25",
        "202004": "11.69",
        "202005": "12.86",
        "202006": "13.98",
        "202007": "16.08",
        "202008": "21.21",
        "202009": "26.42",
        "202010": "21.75",
        "202011": "23.52",
        "202012": "29.82",
        "202101": "29.66",
        "202102": "29.85",
        "202103": "31.84",
        "202104": "37.96",
        "202105": "29.45",
        "202106": "31.00",
        "202107": "42.53",
        "202108": "43.40",
        "202109": "43.02",
        "202110": "39.56",
        "202111": "45.25",
        "202112": "43.45",
        "202201": "39.24",
        "202202": "37.67",
        "202203": "39.02",
        "202204": "36.55",
        "202205": "33.15",
        "202206": "32.53",
        "202207": "27.15",
        "202208": "29.54",
        "202209": "28.18",
        "202210": "23.48",
        "202211": "25.89",
        "202212": "25.70",
        "202301": "25.12",
        "202302": "25.93",
        "202303": "27.67",
        "202304": "28.98",
        "202305": "28.74",
        "202306": "30.44",
        "202307": "28.05",
        "202308": "25.88",
        "202309": "26.21",
        "202310": "26.78",
        "202311": "27.43",
        "202312": "27.94",
        "202401": "29.93",
        "202402": "40.68",
        "202403": "34.53",
        "202404": "無"
    },
    "quarters": {
        "20011": {
            "year_quarter": 20011,
            "year": 2001,
            "quarter": 1,
            "eps": 1.55,
            "eps_growth_year": null,
            "eps_4q": null,
            "eps_4q_growth_year": null,
            "roe": 11.75,
            "roe_4q": 11.75,
            "gross_profit": 34291,
            "gross_margin": 22.03,
            "gross_margin_4q_avg": 22.03,
            "net_income": 18564,
            "net_income_4q": null,
            "revenue": 155669,
            "revenue_4q": null,
            "common_shares": 120000,
            "book_valuer_per_share": 13.93,
            "book_valuer_per_share_4q_avg": 13.93,
            "equity": 167218,
            "current_ratio": 222.46,
            "debt_ratio": 38.19,
            "inventory_turnover_ratio": 11.87,
            "account_receivable_turnover_ratio": null,
            "reinvestment_rate": null,
            "research_to_sale_ratio": null,
            "price_fair": 0,
            "eps_avg_yearly": 0,
            "eps_latest_yearly": 0,
            "eps_growth_yearly": 0
        },
        "20012": {
            "year_quarter": 20012,
            "year": 2001,
            "quarter": 2,
            "eps": 2.34,
            "eps_growth_year": null,
            "eps_4q": null,
            "eps_4q_growth_year": null,
            "roe": 15.48,
            "roe_4q": 27.23,
            "gross_profit": 45956,
            "gross_margin": 18.92,
            "gross_margin_4q_avg": 20.48,
            "net_income": 28056,
            "net_income_4q": null,
            "revenue": 242896,
            "revenue_4q": null,
            "common_shares": 120000,
            "book_valuer_per_share": 16.27,
            "book_valuer_per_share_4q_avg": 15.1,
            "equity": 195274,
            "current_ratio": 181.24,
            "debt_ratio": 52.25,
            "inventory_turnover_ratio": 8.18,
            "account_receivable_turnover_ratio": null,
            "reinvestment_rate": null,
            "research_to_sale_ratio": null,
            "price_fair": 0,
            "eps_avg_yearly": 0,
            "eps_latest_yearly": 0,
            "eps_growth_yearly": 0
        },
        "20013": {
            "year_quarter": 20013,
            "year": 2001,
            "quarter": 3,
            "eps": 1.58,
            "eps_growth_year": null,
            "eps_4q": null,
            "eps_4q_growth_year": null,
            "roe": 14.61,
            "roe_4q": 41.84,
            "gross_profit": 45680,
            "gross_margin": 20.42,
            "gross_margin_4q_avg": 20.46,
            "net_income": 30805,
            "net_income_4q": null,
            "revenue": 223666,
            "revenue_4q": null,
            "common_shares": 120000,
            "book_valuer_per_share": 18.87,
            "book_valuer_per_share_4q_avg": 16.36,
            "equity": 226494,
            "current_ratio": 217.54,
            "debt_ratio": 43.47,
            "inventory_turnover_ratio": 4.71,
            "account_receivable_turnover_ratio": null,
            "reinvestment_rate": null,
            "research_to_sale_ratio": null,
            "price_fair": 0,
            "eps_avg_yearly": 0,
            "eps_latest_yearly": 0,
            "eps_growth_yearly": 0
        },
        "20014": {
            "year_quarter": 20014,
            "year": 2001,
            "quarter": 4,
            "eps": 0.51,
            "eps_growth_year": null,
            "eps_4q": 5.61,
            "eps_4q_growth_year": null,
            "roe": 3.09,
            "roe_4q": 44.93,
            "gross_profit": 25079,
            "gross_margin": 17.03,
            "gross_margin_4q_avg": 19.6,
            "net_income": 7735,
            "net_income_4q": null,
            "revenue": 147228,
            "revenue_4q": null,
            "common_shares": 185420,
            "book_valuer_per_share": 14.78,
            "book_valuer_per_share_4q_avg": 15.96,
            "equity": 274005,
            "current_ratio": 331.15,
            "debt_ratio": 29.63,
            "inventory_turnover_ratio": 3.79,
            "account_receivable_turnover_ratio": null,
            "reinvestment_rate": null,
            "research_to_sale_ratio": null,
            "price_fair": 0,
            "eps_avg_yearly": 0,
            "eps_latest_yearly": 0,
            "eps_growth_yearly": 0
        },
        "20021": {
            "year_quarter": 20021,
            "year": 2002,
            "quarter": 1,
            "eps": 0.94,
            "eps_growth_year": -39.35,
            "eps_4q": 4.53,
            "eps_4q_growth_year": null,
            "roe": 6.17,
            "roe_4q": 39.349999999999994,
            "gross_profit": 35101,
            "gross_margin": 20.74,
            "gross_margin_4q_avg": 19.28,
            "net_income": 17441,
            "net_income_4q": null,
            "revenue": 169224,
            "revenue_4q": null,
            "common_shares": 185420,
            "book_valuer_per_share": 15.72,
            "book_valuer_per_share_4q_avg": 16.41,
            "equity": 291462,
            "current_ratio": 299.41,
            "debt_ratio": 32.91,
            "inventory_turnover_ratio": 6.3,
            "account_receivable_turnover_ratio": null,
            "reinvestment_rate": null,
            "research_to_sale_ratio": null,
            "price_fair": 131.6,
            "eps_avg_yearly": 3.76,
            "eps_latest_yearly": 3.76,
            "eps_growth_yearly": 337.25
        },
        "20022": {
            "year_quarter": 20022,
            "year": 2002,
            "quarter": 2,
            "eps": 1.43,
            "eps_growth_year": -38.89,
            "eps_4q": 4.45,
            "eps_4q_growth_year": null,
            "roe": 8.84,
            "roe_4q": 32.71,
            "gross_profit": 55310,
            "gross_margin": 20.29,
            "gross_margin_4q_avg": 19.62,
            "net_income": 26470,
            "net_income_4q": null,
            "revenue": 272591,
            "revenue_4q": null,
            "common_shares": 185420,
            "book_valuer_per_share": 16.56,
            "book_valuer_per_share_4q_avg": 16.48,
            "equity": 307101,
            "current_ratio": 208.56,
            "debt_ratio": 41.6,
            "inventory_turnover_ratio": 6.6,
            "account_receivable_turnover_ratio": null,
            "reinvestment_rate": null,
            "research_to_sale_ratio": null,
            "price_fair": 165.9,
            "eps_avg_yearly": 4.74,
            "eps_latest_yearly": 5.72,
            "eps_growth_yearly": 272.88
        },
        "20023": {
            "year_quarter": 20023,
            "year": 2002,
            "quarter": 3,
            "eps": 1.23,
            "eps_growth_year": -22.15,
            "eps_4q": 3.3,
            "eps_4q_growth_year": null,
            "roe": 9.49,
            "roe_4q": 27.59,
            "gross_profit": 48342,
            "gross_margin": 19.53,
            "gross_margin_4q_avg": 19.4,
            "net_income": 30691,
            "net_income_4q": null,
            "revenue": 247484,
            "revenue_4q": null,
            "common_shares": 185420,
            "book_valuer_per_share": 18.31,
            "book_valuer_per_share_4q_avg": 16.34,
            "equity": 339586,
            "current_ratio": 246.11,
            "debt_ratio": 35.42,
            "inventory_turnover_ratio": 4.31,
            "account_receivable_turnover_ratio": null,
            "reinvestment_rate": null,
            "research_to_sale_ratio": null,
            "price_fair": 168,
            "eps_avg_yearly": 4.8,
            "eps_latest_yearly": 4.92,
            "eps_growth_yearly": 163.27
        },
        "20024": {
            "year_quarter": 20024,
            "year": 2002,
            "quarter": 4,
            "eps": 0.43,
            "eps_growth_year": -15.69,
            "eps_4q": 3.41,
            "eps_4q_growth_year": -39.25,
            "roe": 3.12,
            "roe_4q": 27.619999999999997,
            "gross_profit": 30963,
            "gross_margin": 17.67,
            "gross_margin_4q_avg": 19.56,
            "net_income": 10761,
            "net_income_4q": null,
            "revenue": 175261,
            "revenue_4q": null,
            "common_shares": 249046,
            "book_valuer_per_share": 14.07,
            "book_valuer_per_share_4q_avg": 16.17,
            "equity": 350878,
            "current_ratio": 322.53,
            "debt_ratio": 29.49,
            "inventory_turnover_ratio": 2.78,
            "account_receivable_turnover_ratio": null,
            "reinvestment_rate": null,
            "research_to_sale_ratio": null,
            "price_fair": 141.05,
            "eps_avg_yearly": 4.03,
            "eps_latest_yearly": 1.72,
            "eps_growth_yearly": 57.41
        },
        "20031": {
            "year_quarter": 20031,
            "year": 2003,
            "quarter": 1,
            "eps": 0.44,
            "eps_growth_year": -53.19,
            "eps_4q": 3.17,
            "eps_4q_growth_year": -30,
            "roe": 3.07,
            "roe_4q": 24.52,
            "gross_profit": 25829,
            "gross_margin": 16.78,
            "gross_margin_4q_avg": 18.57,
            "net_income": 10945,
            "net_income_4q": null,
            "revenue": 153915,
            "revenue_4q": null,
            "common_shares": 249046,
            "book_valuer_per_share": 14.51,
            "book_valuer_per_share_4q_avg": 15.86,
            "equity": 361401,
            "current_ratio": 360.28,
            "debt_ratio": 24.91,
            "inventory_turnover_ratio": 3.31,
            "account_receivable_turnover_ratio": null,
            "reinvestment_rate": null,
            "research_to_sale_ratio": null,
            "price_fair": 125.16,
            "eps_avg_yearly": 3.58,
            "eps_latest_yearly": 1.76,
            "eps_growth_yearly": 47.79
        },
        "20032": {
            "year_quarter": 20032,
            "year": 2003,
            "quarter": 2,
            "eps": 0.46,
            "eps_growth_year": -67.83,
            "eps_4q": 2.56,
            "eps_4q_growth_year": -42.5,
            "roe": 3.3,
            "roe_4q": 18.979999999999997,
            "gross_profit": 36068,
            "gross_margin": 16.03,
            "gross_margin_4q_avg": 17.5,
            "net_income": 11471,
            "net_income_4q": null,
            "revenue": 225013,
            "revenue_4q": null,
            "common_shares": 249046,
            "book_valuer_per_share": 13.42,
            "book_valuer_per_share_4q_avg": 15.08,
            "equity": 334184,
            "current_ratio": 226.79,
            "debt_ratio": 39.33,
            "inventory_turnover_ratio": 10.73,
            "account_receivable_turnover_ratio": null,
            "reinvestment_rate": null,
            "research_to_sale_ratio": null,
            "price_fair": 115.03,
            "eps_avg_yearly": 3.29,
            "eps_latest_yearly": 1.84,
            "eps_growth_yearly": 42.86
        },
        "20033": {
            "year_quarter": 20033,
            "year": 2003,
            "quarter": 3,
            "eps": 0.92,
            "eps_growth_year": -25.2,
            "eps_4q": 2.25,
            "eps_4q_growth_year": -31.88,
            "roe": 6.66,
            "roe_4q": 16.150000000000002,
            "gross_profit": 36099,
            "gross_margin": 14.88,
            "gross_margin_4q_avg": 16.34,
            "net_income": 22989,
            "net_income_4q": null,
            "revenue": 242608,
            "revenue_4q": null,
            "common_shares": 249046,
            "book_valuer_per_share": 14.3,
            "book_valuer_per_share_4q_avg": 14.08,
            "equity": 356179,
            "current_ratio": 245.4,
            "debt_ratio": 36.47,
            "inventory_turnover_ratio": 12.66,
            "account_receivable_turnover_ratio": null,
            "reinvestment_rate": null,
            "research_to_sale_ratio": null,
            "price_fair": 117,
            "eps_avg_yearly": 3.34,
            "eps_latest_yearly": 3.68,
            "eps_growth_yearly": 93.88
        },
        "20034": {
            "year_quarter": 20034,
            "year": 2003,
            "quarter": 4,
            "eps": 0.47,
            "eps_growth_year": 9.3,
            "eps_4q": 2.09,
            "eps_4q_growth_year": -38.7,
            "roe": 3.63,
            "roe_4q": 16.66,
            "gross_profit": 36395,
            "gross_margin": 17.33,
            "gross_margin_4q_avg": 16.26,
            "net_income": 13165,
            "net_income_4q": null,
            "revenue": 209962,
            "revenue_4q": null,
            "common_shares": 277801,
            "book_valuer_per_share": 13.3,
            "book_valuer_per_share_4q_avg": 13.88,
            "equity": 370033,
            "current_ratio": 340.07,
            "debt_ratio": 28.29,
            "inventory_turnover_ratio": 5.63,
            "account_receivable_turnover_ratio": null,
            "reinvestment_rate": null,
            "research_to_sale_ratio": null,
            "price_fair": 110.6,
            "eps_avg_yearly": 3.16,
            "eps_latest_yearly": 1.88,
            "eps_growth_yearly": 57.69
        },
        "20041": {
            "year_quarter": 20041,
            "year": 2004,
            "quarter": 1,
            "eps": 0.22,
            "eps_growth_year": -50,
            "eps_4q": 1.95,
            "eps_4q_growth_year": -38.36,
            "roe": 1.62,
            "roe_4q": 15.21,
            "gross_profit": 24587,
            "gross_margin": 14.93,
            "gross_margin_4q_avg": 15.79,
            "net_income": 6041,
            "net_income_4q": null,
            "revenue": 164659,
            "revenue_4q": null,
            "common_shares": 277801,
            "book_valuer_per_share": 13.48,
            "book_valuer_per_share_4q_avg": 13.63,
            "equity": 374450,
            "current_ratio": 347.27,
            "debt_ratio": 26.47,
            "inventory_turnover_ratio": 3.8,
            "account_receivable_turnover_ratio": null,
            "reinvestment_rate": null,
            "research_to_sale_ratio": null,
            "price_fair": 101.73,
            "eps_avg_yearly": 2.91,
            "eps_latest_yearly": 0.88,
            "eps_growth_yearly": 27.64
        },
        "20042": {
            "year_quarter": 20042,
            "year": 2004,
            "quarter": 2,
            "eps": 0.69,
            "eps_growth_year": 50,
            "eps_4q": 2.04,
            "eps_4q_growth_year": -20.43,
            "roe": 5.82,
            "roe_4q": 17.73,
            "gross_profit": 34707,
            "gross_margin": 13.8,
            "gross_margin_4q_avg": 15.24,
            "net_income": 21598,
            "net_income_4q": null,
            "revenue": 251532,
            "revenue_4q": null,
            "common_shares": 277801,
            "book_valuer_per_share": 13.26,
            "book_valuer_per_share_4q_avg": 13.59,
            "equity": 368323,
            "current_ratio": 234.95,
            "debt_ratio": 38.36,
            "inventory_turnover_ratio": 7.62,
            "account_receivable_turnover_ratio": null,
            "reinvestment_rate": null,
            "research_to_sale_ratio": null,
            "price_fair": 101.22,
            "eps_avg_yearly": 2.89,
            "eps_latest_yearly": 2.76,
            "eps_growth_yearly": 110.33
        },
        "20043": {
            "year_quarter": 20043,
            "year": 2004,
            "quarter": 3,
            "eps": 0.73,
            "eps_growth_year": -20.65,
            "eps_4q": 2.04,
            "eps_4q_growth_year": -9.44,
            "roe": 6,
            "roe_4q": 17.07,
            "gross_profit": 40918,
            "gross_margin": 12.54,
            "gross_margin_4q_avg": 14.65,
            "net_income": 22816,
            "net_income_4q": null,
            "revenue": 326172,
            "revenue_4q": null,
            "common_shares": 310816,
            "book_valuer_per_share": 12.6,
            "book_valuer_per_share_4q_avg": 13.16,
            "equity": 391577,
            "current_ratio": 235.73,
            "debt_ratio": 37.78,
            "inventory_turnover_ratio": 7.07,
            "account_receivable_turnover_ratio": null,
            "reinvestment_rate": null,
            "research_to_sale_ratio": null,
            "price_fair": 101.31,
            "eps_avg_yearly": 2.89,
            "eps_latest_yearly": 2.92,
            "eps_growth_yearly": 102.41
        },
        "20044": {
            "year_quarter": 20044,
            "year": 2004,
            "quarter": 4,
            "eps": 0.19,
            "eps_growth_year": -59.57,
            "eps_4q": 1.83,
            "eps_4q_growth_year": -12.64,
            "roe": 1.5,
            "roe_4q": 14.940000000000001,
            "gross_profit": 28090,
            "gross_margin": 11.61,
            "gross_margin_4q_avg": 13.22,
            "net_income": 5857,
            "net_income_4q": null,
            "revenue": 242005,
            "revenue_4q": null,
            "common_shares": 310816,
            "book_valuer_per_share": 12.52,
            "book_valuer_per_share_4q_avg": 12.97,
            "equity": 389724,
            "current_ratio": 301.49,
            "debt_ratio": 31.61,
            "inventory_turnover_ratio": 2.8,
            "account_receivable_turnover_ratio": null,
            "reinvestment_rate": 9.35,
            "research_to_sale_ratio": null,
            "price_fair": 95.08,
            "eps_avg_yearly": 2.72,
            "eps_latest_yearly": 0.76,
            "eps_growth_yearly": 69.21
        },
        "20051": {
            "year_quarter": 20051,
            "year": 2005,
            "quarter": 1,
            "eps": 0.03,
            "eps_growth_year": -86.36,
            "eps_4q": 1.82,
            "eps_4q_growth_year": -7.04,
            "roe": 0.22,
            "roe_4q": 13.54,
            "gross_profit": 20239,
            "gross_margin": 12.13,
            "gross_margin_4q_avg": 12.52,
            "net_income": 844,
            "net_income_4q": null,
            "revenue": 166891,
            "revenue_4q": null,
            "common_shares": 310816,
            "book_valuer_per_share": 12.1,
            "book_valuer_per_share_4q_avg": 12.62,
            "equity": 376124,
            "current_ratio": 356.73,
            "debt_ratio": 25.2,
            "inventory_turnover_ratio": 2.01,
            "account_receivable_turnover_ratio": null,
            "reinvestment_rate": -4.96,
            "research_to_sale_ratio": null,
            "price_fair": 88.09,
            "eps_avg_yearly": 2.52,
            "eps_latest_yearly": 0.12,
            "eps_growth_yearly": 37.98
        },
        "20052": {
            "year_quarter": 20052,
            "year": 2005,
            "quarter": 2,
            "eps": 0.58,
            "eps_growth_year": -15.94,
            "eps_4q": 1.56,
            "eps_4q_growth_year": -23.48,
            "roe": 4.73,
            "roe_4q": 12.45,
            "gross_profit": 32151,
            "gross_margin": 11.43,
            "gross_margin_4q_avg": 11.93,
            "net_income": 17479,
            "net_income_4q": null,
            "revenue": 281355,
            "revenue_4q": null,
            "common_shares": 310816,
            "book_valuer_per_share": 11.68,
            "book_valuer_per_share_4q_avg": 12.23,
            "equity": 362919,
            "current_ratio": 215.87,
            "debt_ratio": 40.61,
            "inventory_turnover_ratio": 5.93,
            "account_receivable_turnover_ratio": null,
            "reinvestment_rate": -4.9,
            "research_to_sale_ratio": null,
            "price_fair": 87.6,
            "eps_avg_yearly": 2.5,
            "eps_latest_yearly": 2.32,
            "eps_growth_yearly": 559.08
        },
        "20053": {
            "year_quarter": 20053,
            "year": 2005,
            "quarter": 3,
            "eps": 0.33,
            "eps_growth_year": -54.79,
            "eps_4q": 1.08,
            "eps_4q_growth_year": -46.81,
            "roe": 2.87,
            "roe_4q": 9.32,
            "gross_profit": 25279,
            "gross_margin": 11.46,
            "gross_margin_4q_avg": 11.66,
            "net_income": 10601,
            "net_income_4q": null,
            "revenue": 220538,
            "revenue_4q": null,
            "common_shares": 330586,
            "book_valuer_per_share": 11.4,
            "book_valuer_per_share_4q_avg": 11.93,
            "equity": 376986,
            "current_ratio": 239.14,
            "debt_ratio": 36.54,
            "inventory_turnover_ratio": 4.98,
            "account_receivable_turnover_ratio": null,
            "reinvestment_rate": -4.98,
            "research_to_sale_ratio": null,
            "price_fair": 84.84,
            "eps_avg_yearly": 2.42,
            "eps_latest_yearly": 1.32,
            "eps_growth_yearly": 510.31
        },
        "20054": {
            "year_quarter": 20054,
            "year": 2005,
            "quarter": 4,
            "eps": 0.59,
            "eps_growth_year": 210.53,
            "eps_4q": 1.49,
            "eps_4q_growth_year": -18.41,
            "roe": 4.98,
            "roe_4q": 12.800000000000002,
            "gross_profit": 30637,
            "gross_margin": 14.62,
            "gross_margin_4q_avg": 12.41,
            "net_income": 18950,
            "net_income_4q": null,
            "revenue": 209574,
            "revenue_4q": null,
            "common_shares": 330587,
            "book_valuer_per_share": 11.59,
            "book_valuer_per_share_4q_avg": 11.69,
            "equity": 384040,
            "current_ratio": 234.09,
            "debt_ratio": 39.13,
            "inventory_turnover_ratio": 3.49,
            "account_receivable_turnover_ratio": null,
            "reinvestment_rate": 5.68,
            "research_to_sale_ratio": null,
            "price_fair": 84.7,
            "eps_avg_yearly": 2.42,
            "eps_latest_yearly": 2.36,
            "eps_growth_yearly": 498.11
        },
        "20061": {
            "year_quarter": 20061,
            "year": 2006,
            "quarter": 1,
            "eps": 0.58,
            "eps_growth_year": 1833.33,
            "eps_4q": 2.09,
            "eps_4q_growth_year": 15.06,
            "roe": 4.6,
            "roe_4q": 17.18,
            "gross_profit": 34129,
            "gross_margin": 16.19,
            "gross_margin_4q_avg": 13.43,
            "net_income": 18058,
            "net_income_4q": null,
            "revenue": 210739,
            "revenue_4q": null,
            "common_shares": 330587,
            "book_valuer_per_share": 12.11,
            "book_valuer_per_share_4q_avg": 11.7,
            "equity": 400386,
            "current_ratio": 314.59,
            "debt_ratio": 26.57,
            "inventory_turnover_ratio": 3.85,
            "account_receivable_turnover_ratio": null,
            "reinvestment_rate": -0.92,
            "research_to_sale_ratio": null,
            "price_fair": 81.55,
            "eps_avg_yearly": 2.33,
            "eps_latest_yearly": 2.32,
            "eps_growth_yearly": 476.61
        },
        "20062": {
            "year_quarter": 20062,
            "year": 2006,
            "quarter": 2,
            "eps": 1.01,
            "eps_growth_year": 74.14,
            "eps_4q": 2.54,
            "eps_4q_growth_year": 62.71,
            "roe": 7.93,
            "roe_4q": 20.38,
            "gross_profit": 40219,
            "gross_margin": 15.02,
            "gross_margin_4q_avg": 14.32,
            "net_income": 31482,
            "net_income_4q": null,
            "revenue": 267778,
            "revenue_4q": null,
            "common_shares": 330587,
            "book_valuer_per_share": 11.91,
            "book_valuer_per_share_4q_avg": 11.75,
            "equity": 393668,
            "current_ratio": 216.08,
            "debt_ratio": 39.04,
            "inventory_turnover_ratio": 8.84,
            "account_receivable_turnover_ratio": null,
            "reinvestment_rate": -1.06,
            "research_to_sale_ratio": null,
            "price_fair": 77.88,
            "eps_avg_yearly": 2.23,
            "eps_latest_yearly": 4.04,
            "eps_growth_yearly": 482.11
        },
        "20063": {
            "year_quarter": 20063,
            "year": 2006,
            "quarter": 3,
            "eps": 0.76,
            "eps_growth_year": 130.3,
            "eps_4q": 2.91,
            "eps_4q_growth_year": 168.59,
            "roe": 5.96,
            "roe_4q": 23.470000000000002,
            "gross_profit": 34823,
            "gross_margin": 15.44,
            "gross_margin_4q_avg": 15.32,
            "net_income": 24232,
            "net_income_4q": null,
            "revenue": 225585,
            "revenue_4q": null,
            "common_shares": 337992,
            "book_valuer_per_share": 12.42,
            "book_valuer_per_share_4q_avg": 12.01,
            "equity": 419924,
            "current_ratio": 273.73,
            "debt_ratio": 30.95,
            "inventory_turnover_ratio": 7.59,
            "account_receivable_turnover_ratio": null,
            "reinvestment_rate": -1.08,
            "research_to_sale_ratio": null,
            "price_fair": 73.76,
            "eps_avg_yearly": 2.11,
            "eps_latest_yearly": 3.04,
            "eps_growth_yearly": 479.42
        },
        "20064": {
            "year_quarter": 20064,
            "year": 2006,
            "quarter": 4,
            "eps": 0.24,
            "eps_growth_year": -59.32,
            "eps_4q": 2.52,
            "eps_4q_growth_year": 69.08,
            "roe": 1.83,
            "roe_4q": 20.32,
            "gross_profit": 25142,
            "gross_margin": 15.36,
            "gross_margin_4q_avg": 15.5,
            "net_income": 7765,
            "net_income_4q": null,
            "revenue": 163654,
            "revenue_4q": null,
            "common_shares": 337992,
            "book_valuer_per_share": 12.62,
            "book_valuer_per_share_4q_avg": 12.27,
            "equity": 428059,
            "current_ratio": 234.13,
            "debt_ratio": 40.74,
            "inventory_turnover_ratio": 2.75,
            "account_receivable_turnover_ratio": null,
            "reinvestment_rate": 1.17,
            "research_to_sale_ratio": null,
            "price_fair": 72.1,
            "eps_avg_yearly": 2.06,
            "eps_latest_yearly": 0.96,
            "eps_growth_yearly": 478.58
        },
        "20071": {
            "year_quarter": 20071,
            "year": 2007,
            "quarter": 1,
            "eps": 0.3,
            "eps_growth_year": -48.28,
            "eps_4q": 2.27,
            "eps_4q_growth_year": 8.7,
            "roe": 2.23,
            "roe_4q": 17.95,
            "gross_profit": 26065,
            "gross_margin": 15.33,
            "gross_margin_4q_avg": 15.29,
            "net_income": 9655,
            "net_income_4q": null,
            "revenue": 169984,
            "revenue_4q": null,
            "common_shares": 337992,
            "book_valuer_per_share": 12.94,
            "book_valuer_per_share_4q_avg": 12.47,
            "equity": 437334,
            "current_ratio": 359.97,
            "debt_ratio": 23.52,
            "inventory_turnover_ratio": 3.14,
            "account_receivable_turnover_ratio": null,
            "reinvestment_rate": -1.03,
            "research_to_sale_ratio": null,
            "price_fair": 70.88,
            "eps_avg_yearly": 2.03,
            "eps_latest_yearly": 1.2,
            "eps_growth_yearly": 484.24
        },
        "20072": {
            "year_quarter": 20072,
            "year": 2007,
            "quarter": 2,
            "eps": 0.55,
            "eps_growth_year": -45.54,
            "eps_4q": 1.86,
            "eps_4q_growth_year": -26.61,
            "roe": 4.2,
            "roe_4q": 14.219999999999999,
            "gross_profit": 31485,
            "gross_margin": 13.91,
            "gross_margin_4q_avg": 15.01,
            "net_income": 17460,
            "net_income_4q": null,
            "revenue": 226368,
            "revenue_4q": null,
            "common_shares": 337992,
            "book_valuer_per_share": 11.69,
            "book_valuer_per_share_4q_avg": 12.42,
            "equity": 394955,
            "current_ratio": 220.51,
            "debt_ratio": 37.75,
            "inventory_turnover_ratio": 12.37,
            "account_receivable_turnover_ratio": null,
            "reinvestment_rate": -0.95,
            "research_to_sale_ratio": null,
            "price_fair": 71.66,
            "eps_avg_yearly": 2.05,
            "eps_latest_yearly": 2.2,
            "eps_growth_yearly": 503.94
        },
        "20073": {
            "year_quarter": 20073,
            "year": 2007,
            "quarter": 3,
            "eps": 0.62,
            "eps_growth_year": -18.42,
            "eps_4q": 1.66,
            "eps_4q_growth_year": -42.77,
            "roe": 5.11,
            "roe_4q": 13.370000000000001,
            "gross_profit": 42253,
            "gross_margin": 17.7,
            "gross_margin_4q_avg": 15.58,
            "net_income": 20707,
            "net_income_4q": null,
            "revenue": 238765,
            "revenue_4q": null,
            "common_shares": 351650,
            "book_valuer_per_share": 11.82,
            "book_valuer_per_share_4q_avg": 12.27,
            "equity": 415684,
            "current_ratio": 257.55,
            "debt_ratio": 32.43,
            "inventory_turnover_ratio": 11.01,
            "account_receivable_turnover_ratio": null,
            "reinvestment_rate": -0.91,
            "research_to_sale_ratio": null,
            "price_fair": 69.04,
            "eps_avg_yearly": 1.97,
            "eps_latest_yearly": 2.48,
            "eps_growth_yearly": 482.12
        },
        "20074": {
            "year_quarter": 20074,
            "year": 2007,
            "quarter": 4,
            "eps": 0.4,
            "eps_growth_year": 66.67,
            "eps_4q": 1.84,
            "eps_4q_growth_year": -26.93,
            "roe": 3.04,
            "roe_4q": 14.580000000000002,
            "gross_profit": 30491,
            "gross_margin": 17.27,
            "gross_margin_4q_avg": 16.05,
            "net_income": 13270,
            "net_income_4q": null,
            "revenue": 176537,
            "revenue_4q": null,
            "common_shares": 351650,
            "book_valuer_per_share": 12.98,
            "book_valuer_per_share_4q_avg": 12.36,
            "equity": 456331,
            "current_ratio": 268.32,
            "debt_ratio": 33.54,
            "inventory_turnover_ratio": 3.28,
            "account_receivable_turnover_ratio": null,
            "reinvestment_rate": 4.39,
            "research_to_sale_ratio": null,
            "price_fair": 68.43,
            "eps_avg_yearly": 1.96,
            "eps_latest_yearly": 1.6,
            "eps_growth_yearly": 485.48
        },
        "20081": {
            "year_quarter": 20081,
            "year": 2008,
            "quarter": 1,
            "eps": -0.1,
            "eps_growth_year": -133.33,
            "eps_4q": 1.32,
            "eps_4q_growth_year": -41.98,
            "roe": -0.8,
            "roe_4q": 11.55,
            "gross_profit": 27624,
            "gross_margin": 14.45,
            "gross_margin_4q_avg": 15.83,
            "net_income": -3626,
            "net_income_4q": null,
            "revenue": 191171,
            "revenue_4q": null,
            "common_shares": 351650,
            "book_valuer_per_share": 12.72,
            "book_valuer_per_share_4q_avg": 12.3,
            "equity": 447204,
            "current_ratio": 311.33,
            "debt_ratio": 28.97,
            "inventory_turnover_ratio": 2.44,
            "account_receivable_turnover_ratio": null,
            "reinvestment_rate": 9.68,
            "research_to_sale_ratio": null,
            "price_fair": 70.93,
            "eps_avg_yearly": 2.03,
            "eps_latest_yearly": 1.6,
            "eps_growth_yearly": 532.03
        },
        "20082": {
            "year_quarter": 20082,
            "year": 2008,
            "quarter": 2,
            "eps": 0.29,
            "eps_growth_year": -47.27,
            "eps_4q": 1.13,
            "eps_4q_growth_year": -39.37,
            "roe": 2.42,
            "roe_4q": 9.77,
            "gross_profit": 41715,
            "gross_margin": 16.15,
            "gross_margin_4q_avg": 16.39,
            "net_income": 10491,
            "net_income_4q": null,
            "revenue": 258274,
            "revenue_4q": null,
            "common_shares": 351650,
            "book_valuer_per_share": 11.97,
            "book_valuer_per_share_4q_avg": 12.37,
            "equity": 420823,
            "current_ratio": 224.15,
            "debt_ratio": 40.13,
            "inventory_turnover_ratio": 3.41,
            "account_receivable_turnover_ratio": null,
            "reinvestment_rate": 10.09,
            "research_to_sale_ratio": null,
            "price_fair": 69.1,
            "eps_avg_yearly": 1.97,
            "eps_latest_yearly": 1.6,
            "eps_growth_yearly": 508.99
        },
        "20083": {
            "year_quarter": 20083,
            "year": 2008,
            "quarter": 3,
            "eps": 0.62,
            "eps_growth_year": 0,
            "eps_4q": 1.17,
            "eps_4q_growth_year": -29.56,
            "roe": 5.27,
            "roe_4q": 9.93,
            "gross_profit": 65179,
            "gross_margin": 15.91,
            "gross_margin_4q_avg": 15.95,
            "net_income": 22600,
            "net_income_4q": null,
            "revenue": 409738,
            "revenue_4q": null,
            "common_shares": 366283,
            "book_valuer_per_share": 11.92,
            "book_valuer_per_share_4q_avg": 12.4,
            "equity": 436498,
            "current_ratio": 216.82,
            "debt_ratio": 42.1,
            "inventory_turnover_ratio": 4.62,
            "account_receivable_turnover_ratio": null,
            "reinvestment_rate": 10.59,
            "research_to_sale_ratio": null,
            "price_fair": 68,
            "eps_avg_yearly": 1.94,
            "eps_latest_yearly": 2.48,
            "eps_growth_yearly": 539.85
        },
        "20084": {
            "year_quarter": 20084,
            "year": 2008,
            "quarter": 4,
            "eps": -0.02,
            "eps_growth_year": -105,
            "eps_4q": 0.8,
            "eps_4q_growth_year": -56.56,
            "roe": -0.14,
            "roe_4q": 6.75,
            "gross_profit": 28377,
            "gross_margin": 10.89,
            "gross_margin_4q_avg": 14.35,
            "net_income": -612,
            "net_income_4q": null,
            "revenue": 260488,
            "revenue_4q": null,
            "common_shares": 346283,
            "book_valuer_per_share": 12.35,
            "book_valuer_per_share_4q_avg": 12.24,
            "equity": 427581,
            "current_ratio": 283.6,
            "debt_ratio": 32.12,
            "inventory_turnover_ratio": 3.15,
            "account_receivable_turnover_ratio": 5.3,
            "reinvestment_rate": 3.57,
            "research_to_sale_ratio": null,
            "price_fair": 71.18,
            "eps_avg_yearly": 2.03,
            "eps_latest_yearly": 2.48,
            "eps_growth_yearly": 604.14
        },
        "20091": {
            "year_quarter": 20091,
            "year": 2009,
            "quarter": 1,
            "eps": -0.11,
            "eps_growth_year": null,
            "eps_4q": 0.83,
            "eps_4q_growth_year": -36.89,
            "roe": -0.86,
            "roe_4q": 6.6899999999999995,
            "gross_profit": 21742,
            "gross_margin": 9.73,
            "gross_margin_4q_avg": 13.17,
            "net_income": -3664,
            "net_income_4q": null,
            "revenue": 223448,
            "revenue_4q": null,
            "common_shares": 346283,
            "book_valuer_per_share": 12.28,
            "book_valuer_per_share_4q_avg": 12.13,
            "equity": 425248,
            "current_ratio": 330.45,
            "debt_ratio": 27.45,
            "inventory_turnover_ratio": 3.82,
            "account_receivable_turnover_ratio": 2.36,
            "reinvestment_rate": 11.2,
            "research_to_sale_ratio": null,
            "price_fair": 76.77,
            "eps_avg_yearly": 2.19,
            "eps_latest_yearly": 2.48,
            "eps_growth_yearly": 682.55
        },
        "20092": {
            "year_quarter": 20092,
            "year": 2009,
            "quarter": 2,
            "eps": 0.19,
            "eps_growth_year": -34.48,
            "eps_4q": 0.72,
            "eps_4q_growth_year": -36.1,
            "roe": 1.56,
            "roe_4q": 5.83,
            "gross_profit": 32160,
            "gross_margin": 10.14,
            "gross_margin_4q_avg": 11.67,
            "net_income": 6552,
            "net_income_4q": null,
            "revenue": 317305,
            "revenue_4q": null,
            "common_shares": 346283,
            "book_valuer_per_share": 11.96,
            "book_valuer_per_share_4q_avg": 12.13,
            "equity": 414074,
            "current_ratio": 242.11,
            "debt_ratio": 37.09,
            "inventory_turnover_ratio": 5.04,
            "account_receivable_turnover_ratio": 3.06,
            "reinvestment_rate": 11.11,
            "research_to_sale_ratio": null,
            "price_fair": 76.36,
            "eps_avg_yearly": 2.18,
            "eps_latest_yearly": 2.48,
            "eps_growth_yearly": 77.94
        },
        "20093": {
            "year_quarter": 20093,
            "year": 2009,
            "quarter": 3,
            "eps": 0.26,
            "eps_growth_year": -58.06,
            "eps_4q": 0.32,
            "eps_4q_growth_year": -72.3,
            "roe": 2.19,
            "roe_4q": 2.75,
            "gross_profit": 41987,
            "gross_margin": 9.82,
            "gross_margin_4q_avg": 10.15,
            "net_income": 9137,
            "net_income_4q": null,
            "revenue": 427763,
            "revenue_4q": null,
            "common_shares": 353170,
            "book_valuer_per_share": 11.91,
            "book_valuer_per_share_4q_avg": 12.13,
            "equity": 420635,
            "current_ratio": 256.92,
            "debt_ratio": 35.33,
            "inventory_turnover_ratio": 5.87,
            "account_receivable_turnover_ratio": 3.57,
            "reinvestment_rate": 10.58,
            "research_to_sale_ratio": null,
            "price_fair": 75.47,
            "eps_avg_yearly": 2.16,
            "eps_latest_yearly": 1.04,
            "eps_growth_yearly": 107.01
        },
        "20094": {
            "year_quarter": 20094,
            "year": 2009,
            "quarter": 4,
            "eps": 0.07,
            "eps_growth_year": null,
            "eps_4q": 0.41,
            "eps_4q_growth_year": -48.29,
            "roe": 0.58,
            "roe_4q": 3.47,
            "gross_profit": 27544,
            "gross_margin": 8.99,
            "gross_margin_4q_avg": 9.67,
            "net_income": 2424,
            "net_income_4q": null,
            "revenue": 306319,
            "revenue_4q": null,
            "common_shares": 353170,
            "book_valuer_per_share": 12.09,
            "book_valuer_per_share_4q_avg": 12.06,
            "equity": 422348,
            "current_ratio": 287.02,
            "debt_ratio": 32.15,
            "inventory_turnover_ratio": 4.7,
            "account_receivable_turnover_ratio": 5.09,
            "reinvestment_rate": 68.23,
            "research_to_sale_ratio": null,
            "price_fair": 68.85,
            "eps_avg_yearly": 1.97,
            "eps_latest_yearly": 0.28,
            "eps_growth_yearly": 51.78
        },
        "20101": {
            "year_quarter": 20101,
            "year": 2010,
            "quarter": 1,
            "eps": 0.14,
            "eps_growth_year": null,
            "eps_4q": 0.66,
            "eps_4q_growth_year": -21.12,
            "roe": 1.13,
            "roe_4q": 5.46,
            "gross_profit": 32078,
            "gross_margin": 8.88,
            "gross_margin_4q_avg": 9.46,
            "net_income": 4812,
            "net_income_4q": null,
            "revenue": 361167,
            "revenue_4q": null,
            "common_shares": 353170,
            "book_valuer_per_share": 12.2,
            "book_valuer_per_share_4q_avg": 12.04,
            "equity": 425980,
            "current_ratio": 279.24,
            "debt_ratio": 33.17,
            "inventory_turnover_ratio": 5.24,
            "account_receivable_turnover_ratio": 2.58,
            "reinvestment_rate": 83.34,
            "research_to_sale_ratio": null,
            "price_fair": 63.25,
            "eps_avg_yearly": 1.81,
            "eps_latest_yearly": 0.56,
            "eps_growth_yearly": 88.76
        },
        "20102": {
            "year_quarter": 20102,
            "year": 2010,
            "quarter": 2,
            "eps": 0.63,
            "eps_growth_year": 232.29,
            "eps_4q": 1.09,
            "eps_4q_growth_year": 51.7,
            "roe": 5.17,
            "roe_4q": 9.07,
            "gross_profit": 58765,
            "gross_margin": 14.23,
            "gross_margin_4q_avg": 10.48,
            "net_income": 22328,
            "net_income_4q": null,
            "revenue": 413022,
            "revenue_4q": null,
            "common_shares": 353170,
            "book_valuer_per_share": 12.53,
            "book_valuer_per_share_4q_avg": 12.18,
            "equity": 437532,
            "current_ratio": 228.76,
            "debt_ratio": 40.48,
            "inventory_turnover_ratio": 3.95,
            "account_receivable_turnover_ratio": 2.06,
            "reinvestment_rate": 96.77,
            "research_to_sale_ratio": null,
            "price_fair": 58.42,
            "eps_avg_yearly": 1.67,
            "eps_latest_yearly": 2.52,
            "eps_growth_yearly": 189.08
        },
        "20103": {
            "year_quarter": 20103,
            "year": 2010,
            "quarter": 3,
            "eps": 0.64,
            "eps_growth_year": 147.09,
            "eps_4q": 1.48,
            "eps_4q_growth_year": 355.22,
            "roe": 5.08,
            "roe_4q": 11.959999999999999,
            "gross_profit": 63997,
            "gross_margin": 14.12,
            "gross_margin_4q_avg": 11.56,
            "net_income": 22720,
            "net_income_4q": null,
            "revenue": 453235,
            "revenue_4q": null,
            "common_shares": 357557,
            "book_valuer_per_share": 12.91,
            "book_valuer_per_share_4q_avg": 12.43,
            "equity": 456536,
            "current_ratio": 269.33,
            "debt_ratio": 35.02,
            "inventory_turnover_ratio": 4.44,
            "account_receivable_turnover_ratio": 1.95,
            "reinvestment_rate": 102.84,
            "research_to_sale_ratio": null,
            "price_fair": 56.89,
            "eps_avg_yearly": 1.63,
            "eps_latest_yearly": 2.56,
            "eps_growth_yearly": 198.66
        },
        "20104": {
            "year_quarter": 20104,
            "year": 2010,
            "quarter": 4,
            "eps": 0.22,
            "eps_growth_year": 219.28,
            "eps_4q": 1.63,
            "eps_4q_growth_year": 294.82,
            "roe": 1.73,
            "roe_4q": 13.11,
            "gross_profit": 40163,
            "gross_margin": 12.52,
            "gross_margin_4q_avg": 12.44,
            "net_income": 7904,
            "net_income_4q": null,
            "revenue": 320763,
            "revenue_4q": null,
            "common_shares": 357557,
            "book_valuer_per_share": 12.87,
            "book_valuer_per_share_4q_avg": 12.63,
            "equity": 455100,
            "current_ratio": 290.89,
            "debt_ratio": 32.77,
            "inventory_turnover_ratio": 4.35,
            "account_receivable_turnover_ratio": 1.7,
            "reinvestment_rate": 0.26,
            "research_to_sale_ratio": null,
            "price_fair": 56.64,
            "eps_avg_yearly": 1.62,
            "eps_latest_yearly": 0.88,
            "eps_growth_yearly": 199.67
        },
        "20111": {
            "year_quarter": 20111,
            "year": 2011,
            "quarter": 1,
            "eps": 0.01,
            "eps_growth_year": -92.86,
            "eps_4q": 1.51,
            "eps_4q_growth_year": 130.3,
            "roe": 0.11,
            "roe_4q": 12.09,
            "gross_profit": 25708,
            "gross_margin": 13.45,
            "gross_margin_4q_avg": 13.58,
            "net_income": 507,
            "net_income_4q": null,
            "revenue": 191134,
            "revenue_4q": null,
            "common_shares": 357557,
            "book_valuer_per_share": 12.94,
            "book_valuer_per_share_4q_avg": 12.81,
            "equity": 457677,
            "current_ratio": 350.95,
            "debt_ratio": 27.64,
            "inventory_turnover_ratio": 2.57,
            "account_receivable_turnover_ratio": 1.25,
            "reinvestment_rate": 106.97,
            "research_to_sale_ratio": 2.42,
            "price_fair": 52.95,
            "eps_avg_yearly": 1.51,
            "eps_latest_yearly": 0.04,
            "eps_growth_yearly": 155.87
        },
        "20112": {
            "year_quarter": 20112,
            "year": 2011,
            "quarter": 2,
            "eps": 0.34,
            "eps_growth_year": -46.1,
            "eps_4q": 1.22,
            "eps_4q_growth_year": 11.54,
            "roe": 2.72,
            "roe_4q": 9.64,
            "gross_profit": 41071,
            "gross_margin": 16.17,
            "gross_margin_4q_avg": 14.07,
            "net_income": 12035,
            "net_income_4q": null,
            "revenue": 254049,
            "revenue_4q": null,
            "common_shares": 357557,
            "book_valuer_per_share": 12.13,
            "book_valuer_per_share_4q_avg": 12.71,
            "equity": 428823,
            "current_ratio": 248.01,
            "debt_ratio": 37.96,
            "inventory_turnover_ratio": 3.16,
            "account_receivable_turnover_ratio": 1.58,
            "reinvestment_rate": 122.11,
            "research_to_sale_ratio": 1.76,
            "price_fair": 50.27,
            "eps_avg_yearly": 1.44,
            "eps_latest_yearly": 1.36,
            "eps_growth_yearly": 1325.57
        },
        "20113": {
            "year_quarter": 20113,
            "year": 2011,
            "quarter": 3,
            "eps": 0.15,
            "eps_growth_year": -77.32,
            "eps_4q": 0.72,
            "eps_4q_growth_year": -51.04,
            "roe": 1.18,
            "roe_4q": 5.74,
            "gross_profit": 31281,
            "gross_margin": 15.09,
            "gross_margin_4q_avg": 14.31,
            "net_income": 5153,
            "net_income_4q": null,
            "revenue": 207269,
            "revenue_4q": null,
            "common_shares": 357557,
            "book_valuer_per_share": 12.6,
            "book_valuer_per_share_4q_avg": 12.64,
            "equity": 445470,
            "current_ratio": 315.65,
            "debt_ratio": 30.2,
            "inventory_turnover_ratio": 2.98,
            "account_receivable_turnover_ratio": 1.27,
            "reinvestment_rate": 145.5,
            "research_to_sale_ratio": 2.21,
            "price_fair": 44.29,
            "eps_avg_yearly": 1.27,
            "eps_latest_yearly": 0.6,
            "eps_growth_yearly": 1300.62
        },
        "20114": {
            "year_quarter": 20114,
            "year": 2011,
            "quarter": 4,
            "eps": -0.08,
            "eps_growth_year": -137.47,
            "eps_4q": 0.41,
            "eps_4q_growth_year": -74.83,
            "roe": -0.67,
            "roe_4q": 3.34,
            "gross_profit": 17624,
            "gross_margin": 13.11,
            "gross_margin_4q_avg": 14.46,
            "net_income": -2994,
            "net_income_4q": null,
            "revenue": 134449,
            "revenue_4q": null,
            "common_shares": 357557,
            "book_valuer_per_share": 12.47,
            "book_valuer_per_share_4q_avg": 12.54,
            "equity": 445708,
            "current_ratio": 481.92,
            "debt_ratio": 20.78,
            "inventory_turnover_ratio": 2.76,
            "account_receivable_turnover_ratio": 1.1,
            "reinvestment_rate": 1.22,
            "research_to_sale_ratio": 3.65,
            "price_fair": 43.12,
            "eps_avg_yearly": 1.23,
            "eps_latest_yearly": 0.6,
            "eps_growth_yearly": 1444.87
        },
        "20121": {
            "year_quarter": 20121,
            "year": 2012,
            "quarter": 1,
            "eps": -0.22,
            "eps_growth_year": -2300,
            "eps_4q": 0.18,
            "eps_4q_growth_year": -88.06,
            "roe": -1.76,
            "roe_4q": 1.47,
            "gross_profit": 12087,
            "gross_margin": 10,
            "gross_margin_4q_avg": 13.59,
            "net_income": -7743,
            "net_income_4q": null,
            "revenue": 120907,
            "revenue_4q": null,
            "common_shares": 357557,
            "book_valuer_per_share": 12.16,
            "book_valuer_per_share_4q_avg": 12.34,
            "equity": 434926,
            "current_ratio": 402.38,
            "debt_ratio": 24.07,
            "inventory_turnover_ratio": 3.3,
            "account_receivable_turnover_ratio": 1.3,
            "reinvestment_rate": 132.6,
            "research_to_sale_ratio": 3.85,
            "price_fair": 43.12,
            "eps_avg_yearly": 1.23,
            "eps_latest_yearly": 0.6,
            "eps_growth_yearly": 1444.87
        },
        "20122": {
            "year_quarter": 20122,
            "year": 2012,
            "quarter": 2,
            "eps": 0.17,
            "eps_growth_year": -50.62,
            "eps_4q": 0.01,
            "eps_4q_growth_year": -99.03,
            "roe": 1.4,
            "roe_4q": 0.1499999999999997,
            "gross_profit": 31766,
            "gross_margin": 15.32,
            "gross_margin_4q_avg": 13.38,
            "net_income": 6008,
            "net_income_4q": null,
            "revenue": 207301,
            "revenue_4q": null,
            "common_shares": 357557,
            "book_valuer_per_share": 11.92,
            "book_valuer_per_share_4q_avg": 12.29,
            "equity": 426119,
            "current_ratio": 282.67,
            "debt_ratio": 33.35,
            "inventory_turnover_ratio": 4.65,
            "account_receivable_turnover_ratio": 1.66,
            "reinvestment_rate": 1.49,
            "research_to_sale_ratio": 3.39,
            "price_fair": 43.12,
            "eps_avg_yearly": 1.23,
            "eps_latest_yearly": 0.6,
            "eps_growth_yearly": 1444.87
        },
        "20123": {
            "year_quarter": 20123,
            "year": 2012,
            "quarter": 3,
            "eps": 0.24,
            "eps_growth_year": 63.75,
            "eps_4q": 0.11,
            "eps_4q_growth_year": -85.31,
            "roe": 1.99,
            "roe_4q": 0.9599999999999996,
            "gross_profit": 35685,
            "gross_margin": 15.31,
            "gross_margin_4q_avg": 13.44,
            "net_income": 8531,
            "net_income_4q": null,
            "revenue": 233113,
            "revenue_4q": null,
            "common_shares": 357557,
            "book_valuer_per_share": 12.1,
            "book_valuer_per_share_4q_avg": 12.16,
            "equity": 432652,
            "current_ratio": 333.26,
            "debt_ratio": 28.88,
            "inventory_turnover_ratio": 4.77,
            "account_receivable_turnover_ratio": 1.7,
            "reinvestment_rate": 165.37,
            "research_to_sale_ratio": 1.73,
            "price_fair": 37.8,
            "eps_avg_yearly": 1.08,
            "eps_latest_yearly": 0.96,
            "eps_growth_yearly": 1415.83
        },
        "20124": {
            "year_quarter": 20124,
            "year": 2012,
            "quarter": 4,
            "eps": 0.08,
            "eps_growth_year": null,
            "eps_4q": 0.27,
            "eps_4q_growth_year": -33.64,
            "roe": 0.68,
            "roe_4q": 2.3100000000000005,
            "gross_profit": 45670,
            "gross_margin": 24.31,
            "gross_margin_4q_avg": 16.24,
            "net_income": 2960,
            "net_income_4q": null,
            "revenue": 187855,
            "revenue_4q": null,
            "common_shares": 357557,
            "book_valuer_per_share": 12.09,
            "book_valuer_per_share_4q_avg": 12.07,
            "equity": 432231,
            "current_ratio": 380.02,
            "debt_ratio": 25.47,
            "inventory_turnover_ratio": 3.64,
            "account_receivable_turnover_ratio": 1.71,
            "reinvestment_rate": 1.11,
            "research_to_sale_ratio": 1.94,
            "price_fair": 35.38,
            "eps_avg_yearly": 1.01,
            "eps_latest_yearly": 0.32,
            "eps_growth_yearly": 1262.87
        },
        "20131": {
            "year_quarter": 20131,
            "year": 2013,
            "quarter": 1,
            "eps": 0.01,
            "eps_growth_year": null,
            "eps_4q": 0.5,
            "eps_4q_growth_year": 177.82,
            "roe": 0.1,
            "roe_4q": 4.17,
            "gross_profit": 18665,
            "gross_margin": 13.99,
            "gross_margin_4q_avg": 17.23,
            "net_income": 423,
            "net_income_4q": null,
            "revenue": 133447,
            "revenue_4q": null,
            "common_shares": 357557,
            "book_valuer_per_share": 12.26,
            "book_valuer_per_share_4q_avg": 12.09,
            "equity": 438447,
            "current_ratio": 442.63,
            "debt_ratio": 21.93,
            "inventory_turnover_ratio": 2.81,
            "account_receivable_turnover_ratio": 1.6,
            "reinvestment_rate": 1.23,
            "research_to_sale_ratio": 2.59,
            "price_fair": 32.55,
            "eps_avg_yearly": 0.93,
            "eps_latest_yearly": 0.04,
            "eps_growth_yearly": 1128.47
        },
        "20132": {
            "year_quarter": 20132,
            "year": 2013,
            "quarter": 2,
            "eps": 0.48,
            "eps_growth_year": 185.66,
            "eps_4q": 0.81,
            "eps_4q_growth_year": 6763.35,
            "roe": 3.86,
            "roe_4q": 6.63,
            "gross_profit": 43349,
            "gross_margin": 16.25,
            "gross_margin_4q_avg": 17.47,
            "net_income": 17186,
            "net_income_4q": null,
            "revenue": 266781,
            "revenue_4q": null,
            "common_shares": 357557,
            "book_valuer_per_share": 12.66,
            "book_valuer_per_share_4q_avg": 12.28,
            "equity": 452563,
            "current_ratio": 295.43,
            "debt_ratio": 32.03,
            "inventory_turnover_ratio": 5.31,
            "account_receivable_turnover_ratio": 3.31,
            "reinvestment_rate": 2.42,
            "research_to_sale_ratio": 1.36,
            "price_fair": 35.22,
            "eps_avg_yearly": 1.01,
            "eps_latest_yearly": 1.92,
            "eps_growth_yearly": 2487.82
        },
        "20133": {
            "year_quarter": 20133,
            "year": 2013,
            "quarter": 3,
            "eps": 0.19,
            "eps_growth_year": -20.37,
            "eps_4q": 0.77,
            "eps_4q_growth_year": 620.3,
            "roe": 1.5,
            "roe_4q": 6.139999999999999,
            "gross_profit": 33844,
            "gross_margin": 12.95,
            "gross_margin_4q_avg": 16.88,
            "net_income": 6817,
            "net_income_4q": null,
            "revenue": 261359,
            "revenue_4q": null,
            "common_shares": 357557,
            "book_valuer_per_share": 12.8,
            "book_valuer_per_share_4q_avg": 12.45,
            "equity": 457498,
            "current_ratio": 311.22,
            "debt_ratio": 30.69,
            "inventory_turnover_ratio": 5.81,
            "account_receivable_turnover_ratio": 3.22,
            "reinvestment_rate": 2.4,
            "research_to_sale_ratio": 1.56,
            "price_fair": 34.46,
            "eps_avg_yearly": 0.98,
            "eps_latest_yearly": 0.76,
            "eps_growth_yearly": 2457.89
        },
        "20134": {
            "year_quarter": 20134,
            "year": 2013,
            "quarter": 4,
            "eps": 0.21,
            "eps_growth_year": 156.72,
            "eps_4q": 0.9,
            "eps_4q_growth_year": 228.26,
            "roe": 1.64,
            "roe_4q": 7.1,
            "gross_profit": 27412,
            "gross_margin": 13.34,
            "gross_margin_4q_avg": 14.13,
            "net_income": 7599,
            "net_income_4q": null,
            "revenue": 205423,
            "revenue_4q": null,
            "common_shares": 357557,
            "book_valuer_per_share": 13.05,
            "book_valuer_per_share_4q_avg": 12.69,
            "equity": 466749,
            "current_ratio": 381.4,
            "debt_ratio": 25.81,
            "inventory_turnover_ratio": 6.05,
            "account_receivable_turnover_ratio": 3.18,
            "reinvestment_rate": -104.7,
            "research_to_sale_ratio": 2.13,
            "price_fair": 35.97,
            "eps_avg_yearly": 1.03,
            "eps_latest_yearly": 0.84,
            "eps_growth_yearly": 2483.61
        },
        "20141": {
            "year_quarter": 20141,
            "year": 2014,
            "quarter": 1,
            "eps": 0.14,
            "eps_growth_year": 1300,
            "eps_4q": 1.02,
            "eps_4q_growth_year": 102.77,
            "roe": 1.03,
            "roe_4q": 8.03,
            "gross_profit": 28447,
            "gross_margin": 15.89,
            "gross_margin_4q_avg": 14.61,
            "net_income": 4874,
            "net_income_4q": null,
            "revenue": 179016,
            "revenue_4q": null,
            "common_shares": 358887,
            "book_valuer_per_share": 13.31,
            "book_valuer_per_share_4q_avg": 12.96,
            "equity": 477529,
            "current_ratio": 433.92,
            "debt_ratio": 23.13,
            "inventory_turnover_ratio": 6.23,
            "account_receivable_turnover_ratio": 2.55,
            "reinvestment_rate": -104.22,
            "research_to_sale_ratio": 2.59,
            "price_fair": 35.97,
            "eps_avg_yearly": 1.03,
            "eps_latest_yearly": 0.56,
            "eps_growth_yearly": 2442.59
        },
        "20142": {
            "year_quarter": 20142,
            "year": 2014,
            "quarter": 2,
            "eps": 0.12,
            "eps_growth_year": -75,
            "eps_4q": 0.65,
            "eps_4q_growth_year": -19.76,
            "roe": 0.93,
            "roe_4q": 5.1,
            "gross_profit": 27754,
            "gross_margin": 14.21,
            "gross_margin_4q_avg": 14.1,
            "net_income": 4276,
            "net_income_4q": null,
            "revenue": 195285,
            "revenue_4q": null,
            "common_shares": 360877,
            "book_valuer_per_share": 12.37,
            "book_valuer_per_share_4q_avg": 12.88,
            "equity": 446571,
            "current_ratio": 289.95,
            "debt_ratio": 33.19,
            "inventory_turnover_ratio": 5.71,
            "account_receivable_turnover_ratio": 2.32,
            "reinvestment_rate": -139.68,
            "research_to_sale_ratio": 2.4,
            "price_fair": 30.48,
            "eps_avg_yearly": 0.87,
            "eps_latest_yearly": 0.48,
            "eps_growth_yearly": 2330.5
        },
        "20143": {
            "year_quarter": 20143,
            "year": 2014,
            "quarter": 3,
            "eps": 0.29,
            "eps_growth_year": 52.63,
            "eps_4q": 0.75,
            "eps_4q_growth_year": -2.11,
            "roe": 2.27,
            "roe_4q": 5.87,
            "gross_profit": 37601,
            "gross_margin": 13.67,
            "gross_margin_4q_avg": 14.28,
            "net_income": 10309,
            "net_income_4q": null,
            "revenue": 275010,
            "revenue_4q": null,
            "common_shares": 360877,
            "book_valuer_per_share": 12.75,
            "book_valuer_per_share_4q_avg": 12.87,
            "equity": 460141,
            "current_ratio": 275.38,
            "debt_ratio": 34.98,
            "inventory_turnover_ratio": 6.26,
            "account_receivable_turnover_ratio": 2.68,
            "reinvestment_rate": -170.06,
            "research_to_sale_ratio": 1.66,
            "price_fair": 26.71,
            "eps_avg_yearly": 0.76,
            "eps_latest_yearly": 1.16,
            "eps_growth_yearly": 2373.6
        },
        "20144": {
            "year_quarter": 20144,
            "year": 2014,
            "quarter": 4,
            "eps": 0.26,
            "eps_growth_year": 23.58,
            "eps_4q": 0.8,
            "eps_4q_growth_year": -10.47,
            "roe": 2.02,
            "roe_4q": 6.25,
            "gross_profit": 34213,
            "gross_margin": 13.36,
            "gross_margin_4q_avg": 14.28,
            "net_income": 9478,
            "net_income_4q": null,
            "revenue": 256146,
            "revenue_4q": null,
            "common_shares": 360877,
            "book_valuer_per_share": 13.24,
            "book_valuer_per_share_4q_avg": 12.92,
            "equity": 477882,
            "current_ratio": 414.33,
            "debt_ratio": 24.47,
            "inventory_turnover_ratio": 5.61,
            "account_receivable_turnover_ratio": 2.99,
            "reinvestment_rate": 6.19,
            "research_to_sale_ratio": 1.8,
            "price_fair": 27.14,
            "eps_avg_yearly": 0.78,
            "eps_latest_yearly": 1.04,
            "eps_growth_yearly": 2390.61
        },
        "20151": {
            "year_quarter": 20151,
            "year": 2015,
            "quarter": 1,
            "eps": -0.1,
            "eps_growth_year": -171.43,
            "eps_4q": 0.56,
            "eps_4q_growth_year": -44.56,
            "roe": -0.78,
            "roe_4q": 4.4399999999999995,
            "gross_profit": 17722,
            "gross_margin": 10.63,
            "gross_margin_4q_avg": 12.97,
            "net_income": -3729,
            "net_income_4q": null,
            "revenue": 166658,
            "revenue_4q": null,
            "common_shares": 360877,
            "book_valuer_per_share": 13.2,
            "book_valuer_per_share_4q_avg": 12.89,
            "equity": 476251,
            "current_ratio": 377.19,
            "debt_ratio": 26.14,
            "inventory_turnover_ratio": 3.64,
            "account_receivable_turnover_ratio": 2.58,
            "reinvestment_rate": -170.44,
            "research_to_sale_ratio": 2.58,
            "price_fair": 29.28,
            "eps_avg_yearly": 0.84,
            "eps_latest_yearly": 1.04,
            "eps_growth_yearly": 2621.65
        },
        "20152": {
            "year_quarter": 20152,
            "year": 2015,
            "quarter": 2,
            "eps": 0,
            "eps_growth_year": -100,
            "eps_4q": 0.45,
            "eps_4q_growth_year": -31.6,
            "roe": 0.01,
            "roe_4q": 3.52,
            "gross_profit": 20949,
            "gross_margin": 10.92,
            "gross_margin_4q_avg": 12.15,
            "net_income": 62,
            "net_income_4q": null,
            "revenue": 191892,
            "revenue_4q": null,
            "common_shares": 360877,
            "book_valuer_per_share": 12.34,
            "book_valuer_per_share_4q_avg": 12.88,
            "equity": 445296,
            "current_ratio": 324.38,
            "debt_ratio": 28.42,
            "inventory_turnover_ratio": 3.25,
            "account_receivable_turnover_ratio": 3.06,
            "reinvestment_rate": -182.62,
            "research_to_sale_ratio": 2.04,
            "price_fair": 27.62,
            "eps_avg_yearly": 0.79,
            "eps_latest_yearly": 1.04,
            "eps_growth_yearly": 1659.98
        },
        "20153": {
            "year_quarter": 20153,
            "year": 2015,
            "quarter": 3,
            "eps": 0.19,
            "eps_growth_year": -34.48,
            "eps_4q": 0.35,
            "eps_4q_growth_year": -53.03,
            "roe": 1.51,
            "roe_4q": 2.76,
            "gross_profit": 31340,
            "gross_margin": 10.39,
            "gross_margin_4q_avg": 11.33,
            "net_income": 6899,
            "net_income_4q": null,
            "revenue": 301770,
            "revenue_4q": null,
            "common_shares": 360877,
            "book_valuer_per_share": 12.94,
            "book_valuer_per_share_4q_avg": 12.93,
            "equity": 467067,
            "current_ratio": 261.56,
            "debt_ratio": 34.73,
            "inventory_turnover_ratio": 4.6,
            "account_receivable_turnover_ratio": 6.18,
            "reinvestment_rate": -189.5,
            "research_to_sale_ratio": 1.4,
            "price_fair": 28.28,
            "eps_avg_yearly": 0.81,
            "eps_latest_yearly": 1.04,
            "eps_growth_yearly": 1848.33
        },
        "20154": {
            "year_quarter": 20154,
            "year": 2015,
            "quarter": 4,
            "eps": -0.04,
            "eps_growth_year": -116.77,
            "eps_4q": 0.05,
            "eps_4q_growth_year": -94.32,
            "roe": -0.34,
            "roe_4q": 0.3999999999999999,
            "gross_profit": 31294,
            "gross_margin": 10.84,
            "gross_margin_4q_avg": 10.7,
            "net_income": -1589,
            "net_income_4q": null,
            "revenue": 288667,
            "revenue_4q": null,
            "common_shares": 360877,
            "book_valuer_per_share": 12.89,
            "book_valuer_per_share_4q_avg": 12.84,
            "equity": 465302,
            "current_ratio": 270.81,
            "debt_ratio": 33.45,
            "inventory_turnover_ratio": 4.48,
            "account_receivable_turnover_ratio": 5.61,
            "reinvestment_rate": 40.4,
            "research_to_sale_ratio": 1.43,
            "price_fair": 28.28,
            "eps_avg_yearly": 0.81,
            "eps_latest_yearly": 1.04,
            "eps_growth_yearly": 1848.33
        },
        "20161": {
            "year_quarter": 20161,
            "year": 2016,
            "quarter": 1,
            "eps": 0.01,
            "eps_growth_year": null,
            "eps_4q": 0.16,
            "eps_4q_growth_year": -71.55,
            "roe": 0.09,
            "roe_4q": 1.27,
            "gross_profit": 29813,
            "gross_margin": 9.77,
            "gross_margin_4q_avg": 10.48,
            "net_income": 413,
            "net_income_4q": null,
            "revenue": 305154,
            "revenue_4q": null,
            "common_shares": 360877,
            "book_valuer_per_share": 12.76,
            "book_valuer_per_share_4q_avg": 12.73,
            "equity": 460607,
            "current_ratio": 269.34,
            "debt_ratio": 33.62,
            "inventory_turnover_ratio": 4.38,
            "account_receivable_turnover_ratio": 5.49,
            "reinvestment_rate": -146.56,
            "research_to_sale_ratio": 1.37,
            "price_fair": 28.28,
            "eps_avg_yearly": 0.81,
            "eps_latest_yearly": 1.04,
            "eps_growth_yearly": 1848.33
        },
        "20162": {
            "year_quarter": 20162,
            "year": 2016,
            "quarter": 2,
            "eps": 0.18,
            "eps_growth_year": null,
            "eps_4q": 0.34,
            "eps_4q_growth_year": -24.01,
            "roe": 1.41,
            "roe_4q": 2.67,
            "gross_profit": 33710,
            "gross_margin": 10.97,
            "gross_margin_4q_avg": 10.49,
            "net_income": 6526,
            "net_income_4q": null,
            "revenue": 307408,
            "revenue_4q": null,
            "common_shares": 360877,
            "book_valuer_per_share": 12.9,
            "book_valuer_per_share_4q_avg": 12.87,
            "equity": 465659,
            "current_ratio": 275.17,
            "debt_ratio": 32.13,
            "inventory_turnover_ratio": 3.48,
            "account_receivable_turnover_ratio": 5.36,
            "reinvestment_rate": 57.75,
            "research_to_sale_ratio": 1.42,
            "price_fair": 28,
            "eps_avg_yearly": 0.8,
            "eps_latest_yearly": 0.72,
            "eps_growth_yearly": 2298.48
        },
        "20163": {
            "year_quarter": 20163,
            "year": 2016,
            "quarter": 3,
            "eps": 0.36,
            "eps_growth_year": 89.47,
            "eps_4q": 0.5,
            "eps_4q_growth_year": 42.98,
            "roe": 2.74,
            "roe_4q": 3.9000000000000004,
            "gross_profit": 40253,
            "gross_margin": 11.96,
            "gross_margin_4q_avg": 10.89,
            "net_income": 12823,
            "net_income_4q": null,
            "revenue": 336429,
            "revenue_4q": null,
            "common_shares": 360877,
            "book_valuer_per_share": 13.07,
            "book_valuer_per_share_4q_avg": 12.91,
            "equity": 471691,
            "current_ratio": 286.82,
            "debt_ratio": 31.27,
            "inventory_turnover_ratio": 3.92,
            "account_receivable_turnover_ratio": 5.86,
            "reinvestment_rate": -124.65,
            "research_to_sale_ratio": 1.21,
            "price_fair": 29.53,
            "eps_avg_yearly": 0.84,
            "eps_latest_yearly": 1.44,
            "eps_growth_yearly": 2319.87
        },
        "20164": {
            "year_quarter": 20164,
            "year": 2016,
            "quarter": 4,
            "eps": 0.08,
            "eps_growth_year": null,
            "eps_4q": 0.63,
            "eps_4q_growth_year": 1282.71,
            "roe": 0.62,
            "roe_4q": 4.86,
            "gross_profit": 30324,
            "gross_margin": 10.34,
            "gross_margin_4q_avg": 10.76,
            "net_income": 2956,
            "net_income_4q": null,
            "revenue": 293138,
            "revenue_4q": null,
            "common_shares": 360877,
            "book_valuer_per_share": 13.29,
            "book_valuer_per_share_4q_avg": 13.01,
            "equity": 479735,
            "current_ratio": 294.98,
            "debt_ratio": 30.44,
            "inventory_turnover_ratio": 3.64,
            "account_receivable_turnover_ratio": 5.07,
            "reinvestment_rate": 56.66,
            "research_to_sale_ratio": 1.5,
            "price_fair": 29.53,
            "eps_avg_yearly": 0.84,
            "eps_latest_yearly": 0.32,
            "eps_growth_yearly": 2315.83
        },
        "20171": {
            "year_quarter": 20171,
            "year": 2017,
            "quarter": 1,
            "eps": -0.16,
            "eps_growth_year": -1700,
            "eps_4q": 0.46,
            "eps_4q_growth_year": 184.06,
            "roe": -1.25,
            "roe_4q": 3.5200000000000005,
            "gross_profit": 19152,
            "gross_margin": 6.91,
            "gross_margin_4q_avg": 10.05,
            "net_income": -5872,
            "net_income_4q": null,
            "revenue": 277178,
            "revenue_4q": null,
            "common_shares": 360877,
            "book_valuer_per_share": 12.75,
            "book_valuer_per_share_4q_avg": 13,
            "equity": 459983,
            "current_ratio": 276.04,
            "debt_ratio": 32.23,
            "inventory_turnover_ratio": 2.93,
            "account_receivable_turnover_ratio": 4.46,
            "reinvestment_rate": 59.18,
            "research_to_sale_ratio": 1.63,
            "price_fair": 32.34,
            "eps_avg_yearly": 0.92,
            "eps_latest_yearly": 0.32,
            "eps_growth_yearly": 2582.41
        },
        "20172": {
            "year_quarter": 20172,
            "year": 2017,
            "quarter": 2,
            "eps": 0.22,
            "eps_growth_year": 22.22,
            "eps_4q": 0.5,
            "eps_4q_growth_year": 45.91,
            "roe": 1.76,
            "roe_4q": 3.87,
            "gross_profit": 42393,
            "gross_margin": 10.64,
            "gross_margin_4q_avg": 9.96,
            "net_income": 7965,
            "net_income_4q": null,
            "revenue": 398319,
            "revenue_4q": null,
            "common_shares": 360877,
            "book_valuer_per_share": 12.3,
            "book_valuer_per_share_4q_avg": 12.85,
            "equity": 443992,
            "current_ratio": 171.34,
            "debt_ratio": 49.25,
            "inventory_turnover_ratio": 2.89,
            "account_receivable_turnover_ratio": 3.05,
            "reinvestment_rate": 76.58,
            "research_to_sale_ratio": 1.08,
            "price_fair": 28.47,
            "eps_avg_yearly": 0.81,
            "eps_latest_yearly": 0.32,
            "eps_growth_yearly": 780.46
        },
        "20173": {
            "year_quarter": 20173,
            "year": 2017,
            "quarter": 3,
            "eps": 0.55,
            "eps_growth_year": 52.78,
            "eps_4q": 0.69,
            "eps_4q_growth_year": 37.89,
            "roe": 4.41,
            "roe_4q": 5.54,
            "gross_profit": 71072,
            "gross_margin": 12.44,
            "gross_margin_4q_avg": 10.08,
            "net_income": 20009,
            "net_income_4q": null,
            "revenue": 571450,
            "revenue_4q": null,
            "common_shares": 360877,
            "book_valuer_per_share": 12.81,
            "book_valuer_per_share_4q_avg": 12.79,
            "equity": 462453,
            "current_ratio": 186.54,
            "debt_ratio": 45.68,
            "inventory_turnover_ratio": 3.54,
            "account_receivable_turnover_ratio": 3.29,
            "reinvestment_rate": 67.5,
            "research_to_sale_ratio": 0.69,
            "price_fair": 34.07,
            "eps_avg_yearly": 0.97,
            "eps_latest_yearly": 2.2,
            "eps_growth_yearly": 873.98
        },
        "20174": {
            "year_quarter": 20174,
            "year": 2017,
            "quarter": 4,
            "eps": 0.12,
            "eps_growth_year": 46.38,
            "eps_4q": 0.73,
            "eps_4q_growth_year": 16.34,
            "roe": 0.94,
            "roe_4q": 5.859999999999999,
            "gross_profit": 60673,
            "gross_margin": 12.26,
            "gross_margin_4q_avg": 10.56,
            "net_income": 4327,
            "net_income_4q": null,
            "revenue": 494837,
            "revenue_4q": null,
            "common_shares": 360877,
            "book_valuer_per_share": 12.79,
            "book_valuer_per_share_4q_avg": 12.66,
            "equity": 461664,
            "current_ratio": 194.69,
            "debt_ratio": 42.96,
            "inventory_turnover_ratio": 3.85,
            "account_receivable_turnover_ratio": 3.45,
            "reinvestment_rate": 70.21,
            "research_to_sale_ratio": 0.83,
            "price_fair": 32.67,
            "eps_avg_yearly": 0.93,
            "eps_latest_yearly": 0.48,
            "eps_growth_yearly": 834.55
        },
        "20181": {
            "year_quarter": 20181,
            "year": 2018,
            "quarter": 1,
            "eps": -0.22,
            "eps_growth_year": null,
            "eps_4q": 0.68,
            "eps_4q_growth_year": 48.46,
            "roe": -1.67,
            "roe_4q": 5.44,
            "gross_profit": 43269,
            "gross_margin": 12.7,
            "gross_margin_4q_avg": 12.01,
            "net_income": -7904,
            "net_income_4q": null,
            "revenue": 340761,
            "revenue_4q": null,
            "common_shares": 360877,
            "book_valuer_per_share": 13.47,
            "book_valuer_per_share_4q_avg": 12.84,
            "equity": 486138,
            "current_ratio": 218.49,
            "debt_ratio": 39.15,
            "inventory_turnover_ratio": 2.54,
            "account_receivable_turnover_ratio": 2.84,
            "reinvestment_rate": 50.47,
            "research_to_sale_ratio": 1.1,
            "price_fair": 34.3,
            "eps_avg_yearly": 0.98,
            "eps_latest_yearly": 0.48,
            "eps_growth_yearly": 955.54
        },
        "20182": {
            "year_quarter": 20182,
            "year": 2018,
            "quarter": 2,
            "eps": 0.17,
            "eps_growth_year": -22.73,
            "eps_4q": 0.62,
            "eps_4q_growth_year": 25.35,
            "roe": 1.21,
            "roe_4q": 4.890000000000001,
            "gross_profit": 52586,
            "gross_margin": 13.46,
            "gross_margin_4q_avg": 12.72,
            "net_income": 5971,
            "net_income_4q": null,
            "revenue": 390656,
            "revenue_4q": null,
            "common_shares": 360877,
            "book_valuer_per_share": 13.91,
            "book_valuer_per_share_4q_avg": 13.25,
            "equity": 501946,
            "current_ratio": 210.12,
            "debt_ratio": 40.92,
            "inventory_turnover_ratio": 2.58,
            "account_receivable_turnover_ratio": 3.43,
            "reinvestment_rate": 57.15,
            "research_to_sale_ratio": 3.53,
            "price_fair": 36.8,
            "eps_avg_yearly": 1.05,
            "eps_latest_yearly": 0.48,
            "eps_growth_yearly": 1100.21
        },
        "20183": {
            "year_quarter": 20183,
            "year": 2018,
            "quarter": 3,
            "eps": 0.75,
            "eps_growth_year": 36.36,
            "eps_4q": 0.82,
            "eps_4q_growth_year": 17.73,
            "roe": 5.45,
            "roe_4q": 5.93,
            "gross_profit": 62977,
            "gross_margin": 14.41,
            "gross_margin_4q_avg": 13.21,
            "net_income": 27107,
            "net_income_4q": null,
            "revenue": 437004,
            "revenue_4q": null,
            "common_shares": 360877,
            "book_valuer_per_share": 13.68,
            "book_valuer_per_share_4q_avg": 13.46,
            "equity": 493645,
            "current_ratio": 207.98,
            "debt_ratio": 42.54,
            "inventory_turnover_ratio": 3.34,
            "account_receivable_turnover_ratio": 2.94,
            "reinvestment_rate": 38.57,
            "research_to_sale_ratio": 3.28,
            "price_fair": 46,
            "eps_avg_yearly": 1.31,
            "eps_latest_yearly": 3,
            "eps_growth_yearly": 1214.21
        },
        "20184": {
            "year_quarter": 20184,
            "year": 2018,
            "quarter": 4,
            "eps": 0.07,
            "eps_growth_year": -43.12,
            "eps_4q": 0.77,
            "eps_4q_growth_year": 4.56,
            "roe": 0.5,
            "roe_4q": 5.49,
            "gross_profit": 71105,
            "gross_margin": 16.61,
            "gross_margin_4q_avg": 14.3,
            "net_income": 2461,
            "net_income_4q": null,
            "revenue": 428012,
            "revenue_4q": null,
            "common_shares": 360877,
            "book_valuer_per_share": 13.88,
            "book_valuer_per_share_4q_avg": 13.74,
            "equity": 500792,
            "current_ratio": 211.38,
            "debt_ratio": 41.27,
            "inventory_turnover_ratio": 4.13,
            "account_receivable_turnover_ratio": 2.68,
            "reinvestment_rate": 45.09,
            "research_to_sale_ratio": 2.72,
            "price_fair": 42.2,
            "eps_avg_yearly": 1.21,
            "eps_latest_yearly": 0.28,
            "eps_growth_yearly": 1168.31
        },
        "20191": {
            "year_quarter": 20191,
            "year": 2019,
            "quarter": 1,
            "eps": -0.12,
            "eps_growth_year": null,
            "eps_4q": 0.86,
            "eps_4q_growth_year": 27.66,
            "roe": -0.88,
            "roe_4q": 6.28,
            "gross_profit": 45680,
            "gross_margin": 16.93,
            "gross_margin_4q_avg": 15.35,
            "net_income": -4394,
            "net_income_4q": null,
            "revenue": 269819,
            "revenue_4q": null,
            "common_shares": 360877,
            "book_valuer_per_share": 13.8,
            "book_valuer_per_share_4q_avg": 13.82,
            "equity": 498123,
            "current_ratio": 229.07,
            "debt_ratio": 37.86,
            "inventory_turnover_ratio": 2.52,
            "account_receivable_turnover_ratio": 2.07,
            "reinvestment_rate": 47.6,
            "research_to_sale_ratio": 4.33,
            "price_fair": 42.2,
            "eps_avg_yearly": 1.21,
            "eps_latest_yearly": 0.28,
            "eps_growth_yearly": 1168.31
        },
        "20192": {
            "year_quarter": 20192,
            "year": 2019,
            "quarter": 2,
            "eps": 0.14,
            "eps_growth_year": -17.65,
            "eps_4q": 0.84,
            "eps_4q_growth_year": 35.71,
            "roe": 1.09,
            "roe_4q": 6.16,
            "gross_profit": 63234,
            "gross_margin": 17.21,
            "gross_margin_4q_avg": 16.29,
            "net_income": 5229,
            "net_income_4q": null,
            "revenue": 367370,
            "revenue_4q": null,
            "common_shares": 360877,
            "book_valuer_per_share": 12.84,
            "book_valuer_per_share_4q_avg": 13.55,
            "equity": 463394,
            "current_ratio": 182.95,
            "debt_ratio": 45.61,
            "inventory_turnover_ratio": 2.83,
            "account_receivable_turnover_ratio": 2.77,
            "reinvestment_rate": 18.2,
            "research_to_sale_ratio": 3.12,
            "price_fair": 42.2,
            "eps_avg_yearly": 1.21,
            "eps_latest_yearly": 0.28,
            "eps_growth_yearly": 1168.31
        },
        "20193": {
            "year_quarter": 20193,
            "year": 2019,
            "quarter": 3,
            "eps": 0.51,
            "eps_growth_year": -32,
            "eps_4q": 0.6,
            "eps_4q_growth_year": -26.77,
            "roe": 3.88,
            "roe_4q": 4.59,
            "gross_profit": 81270,
            "gross_margin": 15.63,
            "gross_margin_4q_avg": 16.6,
            "net_income": 18307,
            "net_income_4q": null,
            "revenue": 519831,
            "revenue_4q": null,
            "common_shares": 360877,
            "book_valuer_per_share": 13.32,
            "book_valuer_per_share_4q_avg": 13.46,
            "equity": 480799,
            "current_ratio": 207.96,
            "debt_ratio": 40.68,
            "inventory_turnover_ratio": 4.4,
            "account_receivable_turnover_ratio": 3.55,
            "reinvestment_rate": 14.27,
            "research_to_sale_ratio": 2.25,
            "price_fair": 45.85,
            "eps_avg_yearly": 1.31,
            "eps_latest_yearly": 2.04,
            "eps_growth_yearly": 1154.42
        },
        "20194": {
            "year_quarter": 20194,
            "year": 2019,
            "quarter": 4,
            "eps": 0.06,
            "eps_growth_year": -17.31,
            "eps_4q": 0.59,
            "eps_4q_growth_year": -23.37,
            "roe": 0.43,
            "roe_4q": 4.52,
            "gross_profit": 59053,
            "gross_margin": 14.62,
            "gross_margin_4q_avg": 16.1,
            "net_income": 2035,
            "net_income_4q": null,
            "revenue": 403830,
            "revenue_4q": null,
            "common_shares": 360877,
            "book_valuer_per_share": 13,
            "book_valuer_per_share_4q_avg": 13.24,
            "equity": 469120,
            "current_ratio": 199.31,
            "debt_ratio": 42.7,
            "inventory_turnover_ratio": 3.99,
            "account_receivable_turnover_ratio": 2.82,
            "reinvestment_rate": 12.75,
            "research_to_sale_ratio": 3.05,
            "price_fair": 41.69,
            "eps_avg_yearly": 1.19,
            "eps_latest_yearly": 0.24,
            "eps_growth_yearly": 986.93
        },
        "20201": {
            "year_quarter": 20201,
            "year": 2020,
            "quarter": 1,
            "eps": -0.12,
            "eps_growth_year": null,
            "eps_4q": 0.59,
            "eps_4q_growth_year": -31.44,
            "roe": -0.91,
            "roe_4q": 4.49,
            "gross_profit": 40267,
            "gross_margin": 15.32,
            "gross_margin_4q_avg": 15.7,
            "net_income": -4219,
            "net_income_4q": null,
            "revenue": 262894,
            "revenue_4q": null,
            "common_shares": 360877,
            "book_valuer_per_share": 12.84,
            "book_valuer_per_share_4q_avg": 13,
            "equity": 463187,
            "current_ratio": 213.15,
            "debt_ratio": 40.1,
            "inventory_turnover_ratio": 2.16,
            "account_receivable_turnover_ratio": 2.04,
            "reinvestment_rate": 19.27,
            "research_to_sale_ratio": 3.59,
            "price_fair": 41.69,
            "eps_avg_yearly": 1.19,
            "eps_latest_yearly": 0.24,
            "eps_growth_yearly": 986.93
        },
        "20202": {
            "year_quarter": 20202,
            "year": 2020,
            "quarter": 2,
            "eps": 0.46,
            "eps_growth_year": 228.57,
            "eps_4q": 0.91,
            "eps_4q_growth_year": 8.59,
            "roe": 3.6,
            "roe_4q": 7,
            "gross_profit": 73117,
            "gross_margin": 14.76,
            "gross_margin_4q_avg": 15.08,
            "net_income": 16484,
            "net_income_4q": null,
            "revenue": 495330,
            "revenue_4q": null,
            "common_shares": 360877,
            "book_valuer_per_share": 12.71,
            "book_valuer_per_share_4q_avg": 12.97,
            "equity": 453059,
            "current_ratio": 182.44,
            "debt_ratio": 46.79,
            "inventory_turnover_ratio": 3.84,
            "account_receivable_turnover_ratio": 3.58,
            "reinvestment_rate": 1.11,
            "research_to_sale_ratio": 2.16,
            "price_fair": 43.75,
            "eps_avg_yearly": 1.25,
            "eps_latest_yearly": 0.24,
            "eps_growth_yearly": 260.3
        },
        "20203": {
            "year_quarter": 20203,
            "year": 2020,
            "quarter": 3,
            "eps": 0.81,
            "eps_growth_year": 58.82,
            "eps_4q": 1.21,
            "eps_4q_growth_year": 101.67,
            "roe": 6.11,
            "roe_4q": 9.23,
            "gross_profit": 74398,
            "gross_margin": 16.05,
            "gross_margin_4q_avg": 15.19,
            "net_income": 28727,
            "net_income_4q": null,
            "revenue": 463613,
            "revenue_4q": null,
            "common_shares": 356407,
            "book_valuer_per_share": 13.67,
            "book_valuer_per_share_4q_avg": 13.06,
            "equity": 487280,
            "current_ratio": 143.87,
            "debt_ratio": 49.28,
            "inventory_turnover_ratio": 3.47,
            "account_receivable_turnover_ratio": 2.64,
            "reinvestment_rate": -0.82,
            "research_to_sale_ratio": 1.8,
            "price_fair": 51.63,
            "eps_avg_yearly": 1.48,
            "eps_latest_yearly": 3.24,
            "eps_growth_yearly": 248.34
        },
        "20204": {
            "year_quarter": 20204,
            "year": 2020,
            "quarter": 4,
            "eps": 0.17,
            "eps_growth_year": 206.55,
            "eps_4q": 1.32,
            "eps_4q_growth_year": 125.45,
            "roe": 1.27,
            "roe_4q": 10.07,
            "gross_profit": 80557,
            "gross_margin": 15.4,
            "gross_margin_4q_avg": 15.38,
            "net_income": 6161,
            "net_income_4q": null,
            "revenue": 523198,
            "revenue_4q": null,
            "common_shares": 356407,
            "book_valuer_per_share": 13.64,
            "book_valuer_per_share_4q_avg": 13.22,
            "equity": 486168,
            "current_ratio": 150.71,
            "debt_ratio": 48.02,
            "inventory_turnover_ratio": 4.01,
            "account_receivable_turnover_ratio": 2.91,
            "reinvestment_rate": 3.15,
            "research_to_sale_ratio": 2.33,
            "price_fair": 53.2,
            "eps_avg_yearly": 1.52,
            "eps_latest_yearly": 0.68,
            "eps_growth_yearly": 247.73
        },
        "20211": {
            "year_quarter": 20211,
            "year": 2021,
            "quarter": 1,
            "eps": 0.56,
            "eps_growth_year": null,
            "eps_4q": 2,
            "eps_4q_growth_year": 237.85,
            "roe": 3.94,
            "roe_4q": 14.92,
            "gross_profit": 68590,
            "gross_margin": 18.49,
            "gross_margin_4q_avg": 16.18,
            "net_income": 19872,
            "net_income_4q": null,
            "revenue": 371053,
            "revenue_4q": null,
            "common_shares": 356407,
            "book_valuer_per_share": 14.63,
            "book_valuer_per_share_4q_avg": 13.66,
            "equity": 521506,
            "current_ratio": 154.77,
            "debt_ratio": 46.65,
            "inventory_turnover_ratio": 2.78,
            "account_receivable_turnover_ratio": 1.91,
            "reinvestment_rate": 9.51,
            "research_to_sale_ratio": 2.2,
            "price_fair": 56,
            "eps_avg_yearly": 1.6,
            "eps_latest_yearly": 2.24,
            "eps_growth_yearly": 322.16
        },
        "20212": {
            "year_quarter": 20212,
            "year": 2021,
            "quarter": 2,
            "eps": 1.22,
            "eps_growth_year": 165.22,
            "eps_4q": 2.76,
            "eps_4q_growth_year": 201.32,
            "roe": 7.98,
            "roe_4q": 19.3,
            "gross_profit": 107124,
            "gross_margin": 19.42,
            "gross_margin_4q_avg": 17.34,
            "net_income": 43492,
            "net_income_4q": null,
            "revenue": 551668,
            "revenue_4q": null,
            "common_shares": 356407,
            "book_valuer_per_share": 15.95,
            "book_valuer_per_share_4q_avg": 14.47,
            "equity": 568453,
            "current_ratio": 140.55,
            "debt_ratio": 54.2,
            "inventory_turnover_ratio": 3.37,
            "account_receivable_turnover_ratio": 2.09,
            "reinvestment_rate": 13.41,
            "research_to_sale_ratio": 1.89,
            "price_fair": 67.48,
            "eps_avg_yearly": 1.93,
            "eps_latest_yearly": 4.88,
            "eps_growth_yearly": 337.09
        },
        "20213": {
            "year_quarter": 20213,
            "year": 2021,
            "quarter": 3,
            "eps": 1.81,
            "eps_growth_year": 123.46,
            "eps_4q": 3.76,
            "eps_4q_growth_year": 211.65,
            "roe": 10.46,
            "roe_4q": 23.650000000000002,
            "gross_profit": 124612,
            "gross_margin": 19.31,
            "gross_margin_4q_avg": 18.16,
            "net_income": 64569,
            "net_income_4q": null,
            "revenue": 645404,
            "revenue_4q": null,
            "common_shares": 356407,
            "book_valuer_per_share": 18.68,
            "book_valuer_per_share_4q_avg": 15.73,
            "equity": 665862,
            "current_ratio": 128.49,
            "debt_ratio": 55.68,
            "inventory_turnover_ratio": 3.24,
            "account_receivable_turnover_ratio": 1.62,
            "reinvestment_rate": 42.66,
            "research_to_sale_ratio": 1.67,
            "price_fair": 85.12,
            "eps_avg_yearly": 2.43,
            "eps_latest_yearly": 7.24,
            "eps_growth_yearly": 296.43
        },
        "20214": {
            "year_quarter": 20214,
            "year": 2021,
            "quarter": 4,
            "eps": 0.9,
            "eps_growth_year": 420.42,
            "eps_4q": 4.49,
            "eps_4q_growth_year": 239.31,
            "roe": 4.69,
            "roe_4q": 27.070000000000004,
            "gross_profit": 101768,
            "gross_margin": 18.67,
            "gross_margin_4q_avg": 18.97,
            "net_income": 32063,
            "net_income_4q": null,
            "revenue": 545202,
            "revenue_4q": null,
            "common_shares": 356407,
            "book_valuer_per_share": 19.71,
            "book_valuer_per_share_4q_avg": 17.24,
            "equity": 702468,
            "current_ratio": 147.46,
            "debt_ratio": 54.33,
            "inventory_turnover_ratio": 2.44,
            "account_receivable_turnover_ratio": 1.22,
            "reinvestment_rate": 46.43,
            "research_to_sale_ratio": 1.98,
            "price_fair": 96.04,
            "eps_avg_yearly": 2.74,
            "eps_latest_yearly": 3.6,
            "eps_growth_yearly": 307.6
        },
        "20221": {
            "year_quarter": 20221,
            "year": 2022,
            "quarter": 1,
            "eps": 0.98,
            "eps_growth_year": 75,
            "eps_4q": 4.91,
            "eps_4q_growth_year": 145.81,
            "roe": 4.87,
            "roe_4q": 28.000000000000004,
            "gross_profit": 80848,
            "gross_margin": 20.1,
            "gross_margin_4q_avg": 19.38,
            "net_income": 35003,
            "net_income_4q": null,
            "revenue": 402174,
            "revenue_4q": null,
            "common_shares": 356407,
            "book_valuer_per_share": 20.66,
            "book_valuer_per_share_4q_avg": 18.75,
            "equity": 736410,
            "current_ratio": 148.24,
            "debt_ratio": 53.67,
            "inventory_turnover_ratio": 1.52,
            "account_receivable_turnover_ratio": 0.97,
            "reinvestment_rate": 54.95,
            "research_to_sale_ratio": 2.69,
            "price_fair": 99.78,
            "eps_avg_yearly": 2.85,
            "eps_latest_yearly": 3.92,
            "eps_growth_yearly": 282.86
        },
        "20222": {
            "year_quarter": 20222,
            "year": 2022,
            "quarter": 2,
            "eps": 0.84,
            "eps_growth_year": -31.15,
            "eps_4q": 4.54,
            "eps_4q_growth_year": 64.62,
            "roe": 4.38,
            "roe_4q": 24.400000000000002,
            "gross_profit": 77813,
            "gross_margin": 17.84,
            "gross_margin_4q_avg": 18.98,
            "net_income": 30105,
            "net_income_4q": null,
            "revenue": 436157,
            "revenue_4q": null,
            "common_shares": 356407,
            "book_valuer_per_share": 17.95,
            "book_valuer_per_share_4q_avg": 19.25,
            "equity": 639598,
            "current_ratio": 134.54,
            "debt_ratio": 57.08,
            "inventory_turnover_ratio": 1.35,
            "account_receivable_turnover_ratio": 1.16,
            "reinvestment_rate": 50.92,
            "research_to_sale_ratio": 2.3,
            "price_fair": 101.27,
            "eps_avg_yearly": 2.89,
            "eps_latest_yearly": 3.36,
            "eps_growth_yearly": 254.53
        },
        "20223": {
            "year_quarter": 20223,
            "year": 2022,
            "quarter": 3,
            "eps": 0.58,
            "eps_growth_year": -67.96,
            "eps_4q": 3.3,
            "eps_4q_growth_year": -12.24,
            "roe": 3.16,
            "roe_4q": 17.1,
            "gross_profit": 53457,
            "gross_margin": 13.36,
            "gross_margin_4q_avg": 17.49,
            "net_income": 20510,
            "net_income_4q": null,
            "revenue": 400230,
            "revenue_4q": null,
            "common_shares": 356407,
            "book_valuer_per_share": 18.44,
            "book_valuer_per_share_4q_avg": 19.19,
            "equity": 657142,
            "current_ratio": 135.76,
            "debt_ratio": 54.29,
            "inventory_turnover_ratio": 1.2,
            "account_receivable_turnover_ratio": 1.27,
            "reinvestment_rate": 59.01,
            "research_to_sale_ratio": 2.42,
            "price_fair": 99.28,
            "eps_avg_yearly": 2.84,
            "eps_latest_yearly": 2.32,
            "eps_growth_yearly": 130.49
        },
        "20224": {
            "year_quarter": 20224,
            "year": 2022,
            "quarter": 4,
            "eps": -0.18,
            "eps_growth_year": -120.19,
            "eps_4q": 2.22,
            "eps_4q_growth_year": -50.53,
            "roe": -0.99,
            "roe_4q": 11.42,
            "gross_profit": 61889,
            "gross_margin": 16.89,
            "gross_margin_4q_avg": 17.05,
            "net_income": -6472,
            "net_income_4q": null,
            "revenue": 366370,
            "revenue_4q": null,
            "common_shares": 356407,
            "book_valuer_per_share": 18.42,
            "book_valuer_per_share_4q_avg": 18.87,
            "equity": 656611,
            "current_ratio": 142.79,
            "debt_ratio": 49.89,
            "inventory_turnover_ratio": 1.29,
            "account_receivable_turnover_ratio": 1.22,
            "reinvestment_rate": 56.58,
            "research_to_sale_ratio": 2.52,
            "price_fair": 107.42,
            "eps_avg_yearly": 3.07,
            "eps_latest_yearly": 2.32,
            "eps_growth_yearly": 175.32
        },
        "20231": {
            "year_quarter": 20231,
            "year": 2023,
            "quarter": 1,
            "eps": -0.44,
            "eps_growth_year": -144.9,
            "eps_4q": 0.8,
            "eps_4q_growth_year": -83.67,
            "roe": -2.39,
            "roe_4q": 4.16,
            "gross_profit": 32324,
            "gross_margin": 14.54,
            "gross_margin_4q_avg": 15.66,
            "net_income": -15541,
            "net_income_4q": null,
            "revenue": 222358,
            "revenue_4q": null,
            "common_shares": 356407,
            "book_valuer_per_share": 18.11,
            "book_valuer_per_share_4q_avg": 18.23,
            "equity": 645593,
            "current_ratio": 139.92,
            "debt_ratio": 50.37,
            "inventory_turnover_ratio": 1.17,
            "account_receivable_turnover_ratio": 0.81,
            "reinvestment_rate": 58.92,
            "research_to_sale_ratio": 3.89,
            "price_fair": 107.42,
            "eps_avg_yearly": 3.07,
            "eps_latest_yearly": 2.32,
            "eps_growth_yearly": 175.32
        },
        "20232": {
            "year_quarter": 20232,
            "year": 2023,
            "quarter": 2,
            "eps": -0.03,
            "eps_growth_year": -103.57,
            "eps_4q": -0.07,
            "eps_4q_growth_year": -101.55,
            "roe": -0.16,
            "roe_4q": -0.3799999999999999,
            "gross_profit": 44959,
            "gross_margin": 15.84,
            "gross_margin_4q_avg": 15.16,
            "net_income": -1007,
            "net_income_4q": null,
            "revenue": 283819,
            "revenue_4q": null,
            "common_shares": 356407,
            "book_valuer_per_share": 16.39,
            "book_valuer_per_share_4q_avg": 17.84,
            "equity": 584016,
            "current_ratio": 128.13,
            "debt_ratio": 53.85,
            "inventory_turnover_ratio": 1.88,
            "account_receivable_turnover_ratio": 1.05,
            "reinvestment_rate": 61.5,
            "research_to_sale_ratio": 2.54,
            "price_fair": 107.42,
            "eps_avg_yearly": 3.07,
            "eps_latest_yearly": 2.32,
            "eps_growth_yearly": 175.32
        },
        "20233": {
            "year_quarter": 20233,
            "year": 2023,
            "quarter": 3,
            "eps": 0.26,
            "eps_growth_year": -55.17,
            "eps_4q": -0.38,
            "eps_4q_growth_year": -111.55,
            "roe": 1.58,
            "roe_4q": -1.96,
            "gross_profit": 45005,
            "gross_margin": 14.64,
            "gross_margin_4q_avg": 15.48,
            "net_income": 9432,
            "net_income_4q": null,
            "revenue": 307380,
            "revenue_4q": null,
            "common_shares": 356407,
            "book_valuer_per_share": 17.14,
            "book_valuer_per_share_4q_avg": 17.52,
            "equity": 610872,
            "current_ratio": 130.02,
            "debt_ratio": 51.89,
            "inventory_turnover_ratio": 2.35,
            "account_receivable_turnover_ratio": 1.05,
            "reinvestment_rate": 67.73,
            "research_to_sale_ratio": 2.33,
            "price_fair": 111.02,
            "eps_avg_yearly": 3.17,
            "eps_latest_yearly": 2.32,
            "eps_growth_yearly": 87.14
        },
        "20234": {
            "year_quarter": 20234,
            "year": 2023,
            "quarter": 4,
            "eps": 0.25,
            "eps_growth_year": null,
            "eps_4q": 0.05,
            "eps_4q_growth_year": -97.56,
            "roe": 1.45,
            "roe_4q": 0.48,
            "gross_profit": 69381,
            "gross_margin": 24.15,
            "gross_margin_4q_avg": 17.29,
            "net_income": 9045,
            "net_income_4q": null,
            "revenue": 287258,
            "revenue_4q": null,
            "common_shares": 356407,
            "book_valuer_per_share": 17.94,
            "book_valuer_per_share_4q_avg": 17.4,
            "equity": 639251,
            "current_ratio": 140.38,
            "debt_ratio": 48.32,
            "inventory_turnover_ratio": 2.52,
            "account_receivable_turnover_ratio": 0.92,
            "reinvestment_rate": 62.08,
            "research_to_sale_ratio": 3.42,
            "price_fair": 113.68,
            "eps_avg_yearly": 3.25,
            "eps_latest_yearly": 1,
            "eps_growth_yearly": 120.89
        }
    },
    "months": {
        "2003-01": {
            "month": "2003-01",
            "price": "48.21",
            "revenue": 44221
        },
        "2003-02": {
            "month": "2003-02",
            "price": "41.62",
            "revenue": 43942
        },
        "2003-03": {
            "month": "2003-03",
            "price": "39.43",
            "revenue": 65752
        },
        "2003-04": {
            "month": "2003-04",
            "price": "33.99",
            "revenue": 68636
        },
        "2003-05": {
            "month": "2003-05",
            "price": "29.30",
            "revenue": 74170
        },
        "2003-06": {
            "month": "2003-06",
            "price": "34.07",
            "revenue": 82207
        },
        "2003-07": {
            "month": "2003-07",
            "price": "33.65",
            "revenue": 84210
        },
        "2003-08": {
            "month": "2003-08",
            "price": "31.26",
            "revenue": 76700
        },
        "2003-09": {
            "month": "2003-09",
            "price": "24.89",
            "revenue": 81698
        },
        "2003-10": {
            "month": "2003-10",
            "price": "25.25",
            "revenue": 77849
        },
        "2003-11": {
            "month": "2003-11",
            "price": "23.59",
            "revenue": 66038
        },
        "2003-12": {
            "month": "2003-12",
            "price": "24.01",
            "revenue": 66074
        },
        "2004-01": {
            "month": "2004-01",
            "price": "24.35",
            "revenue": 46761
        },
        "2004-02": {
            "month": "2004-02",
            "price": "26.16",
            "revenue": 55670
        },
        "2004-03": {
            "month": "2004-03",
            "price": "24.83",
            "revenue": 62228
        },
        "2004-04": {
            "month": "2004-04",
            "price": "23.46",
            "revenue": 78940
        },
        "2004-05": {
            "month": "2004-05",
            "price": "22.54",
            "revenue": 81088
        },
        "2004-06": {
            "month": "2004-06",
            "price": "21.05",
            "revenue": 91504
        },
        "2004-07": {
            "month": "2004-07",
            "price": "15.86",
            "revenue": 109172
        },
        "2004-08": {
            "month": "2004-08",
            "price": "16.36",
            "revenue": 101169
        },
        "2004-09": {
            "month": "2004-09",
            "price": "17.34",
            "revenue": 115831
        },
        "2004-10": {
            "month": "2004-10",
            "price": "16.82",
            "revenue": 83380
        },
        "2004-11": {
            "month": "2004-11",
            "price": "15.34",
            "revenue": 79087
        },
        "2004-12": {
            "month": "2004-12",
            "price": "16.50",
            "revenue": 79489
        },
        "2005-01": {
            "month": "2005-01",
            "price": "18.55",
            "revenue": 55518
        },
        "2005-02": {
            "month": "2005-02",
            "price": "19.13",
            "revenue": 37253
        },
        "2005-03": {
            "month": "2005-03",
            "price": "17.45",
            "revenue": 74120
        },
        "2005-04": {
            "month": "2005-04",
            "price": "15.85",
            "revenue": 90506
        },
        "2005-05": {
            "month": "2005-05",
            "price": "14.66",
            "revenue": 88223
        },
        "2005-06": {
            "month": "2005-06",
            "price": "15.86",
            "revenue": 102627
        },
        "2005-07": {
            "month": "2005-07",
            "price": "17.63",
            "revenue": 80599
        },
        "2005-08": {
            "month": "2005-08",
            "price": "15.49",
            "revenue": 76382
        },
        "2005-09": {
            "month": "2005-09",
            "price": "12.81",
            "revenue": 63557
        },
        "2005-10": {
            "month": "2005-10",
            "price": "11.26",
            "revenue": 72127
        },
        "2005-11": {
            "month": "2005-11",
            "price": "11.13",
            "revenue": 67773
        },
        "2005-12": {
            "month": "2005-12",
            "price": "12.79",
            "revenue": 69674
        },
        "2006-01": {
            "month": "2006-01",
            "price": "13.26",
            "revenue": 74618
        },
        "2006-02": {
            "month": "2006-02",
            "price": "13.23",
            "revenue": 51617
        },
        "2006-03": {
            "month": "2006-03",
            "price": "14.59",
            "revenue": 84503
        },
        "2006-04": {
            "month": "2006-04",
            "price": "28.32",
            "revenue": 87646
        },
        "2006-05": {
            "month": "2006-05",
            "price": "29.99",
            "revenue": 90011
        },
        "2006-06": {
            "month": "2006-06",
            "price": "26.35",
            "revenue": 90121
        },
        "2006-07": {
            "month": "2006-07",
            "price": "26.26",
            "revenue": 78227
        },
        "2006-08": {
            "month": "2006-08",
            "price": "24.38",
            "revenue": 82008
        },
        "2006-09": {
            "month": "2006-09",
            "price": "27.19",
            "revenue": 65350
        },
        "2006-10": {
            "month": "2006-10",
            "price": "28.78",
            "revenue": 56571
        },
        "2006-11": {
            "month": "2006-11",
            "price": "26.79",
            "revenue": 49166
        },
        "2006-12": {
            "month": "2006-12",
            "price": "28.76",
            "revenue": 57917
        },
        "2007-01": {
            "month": "2007-01",
            "price": "30.33",
            "revenue": 64313
        },
        "2007-02": {
            "month": "2007-02",
            "price": "28.46",
            "revenue": 35476
        },
        "2007-03": {
            "month": "2007-03",
            "price": "28.22",
            "revenue": 70195
        },
        "2007-04": {
            "month": "2007-04",
            "price": "32.48",
            "revenue": 73717
        },
        "2007-05": {
            "month": "2007-05",
            "price": "32.20",
            "revenue": 74611
        },
        "2007-06": {
            "month": "2007-06",
            "price": "33.36",
            "revenue": 78041
        },
        "2007-07": {
            "month": "2007-07",
            "price": "35.50",
            "revenue": 83693
        },
        "2007-08": {
            "month": "2007-08",
            "price": "29.91",
            "revenue": 84714
        },
        "2007-09": {
            "month": "2007-09",
            "price": "28.18",
            "revenue": 70357
        },
        "2007-10": {
            "month": "2007-10",
            "price": "25.72",
            "revenue": 65499
        },
        "2007-11": {
            "month": "2007-11",
            "price": "29.92",
            "revenue": 61408
        },
        "2007-12": {
            "month": "2007-12",
            "price": "23.83",
            "revenue": 49630
        },
        "2008-01": {
            "month": "2008-01",
            "price": "19.93",
            "revenue": 46146
        },
        "2008-02": {
            "month": "2008-02",
            "price": "18.14",
            "revenue": 27241
        },
        "2008-03": {
            "month": "2008-03",
            "price": "21.84",
            "revenue": 43056
        },
        "2008-04": {
            "month": "2008-04",
            "price": "23.38",
            "revenue": 50029
        },
        "2008-05": {
            "month": "2008-05",
            "price": "22.05",
            "revenue": 54881
        },
        "2008-06": {
            "month": "2008-06",
            "price": "17.85",
            "revenue": 55158
        },
        "2008-07": {
            "month": "2008-07",
            "price": "14.09",
            "revenue": 68458
        },
        "2008-08": {
            "month": "2008-08",
            "price": "13.35",
            "revenue": 82018
        },
        "2008-09": {
            "month": "2008-09",
            "price": "12.30",
            "revenue": 73699
        },
        "2008-10": {
            "month": "2008-10",
            "price": "11.88",
            "revenue": 50777
        },
        "2008-11": {
            "month": "2008-11",
            "price": "9.48",
            "revenue": 30863
        },
        "2008-12": {
            "month": "2008-12",
            "price": "8.65",
            "revenue": 31120
        },
        "2009-01": {
            "month": "2009-01",
            "price": "8.64",
            "revenue": 28179
        },
        "2009-02": {
            "month": "2009-02",
            "price": "9.42",
            "revenue": 33603
        },
        "2009-03": {
            "month": "2009-03",
            "price": "11.40",
            "revenue": 39376
        },
        "2009-04": {
            "month": "2009-04",
            "price": "13.67",
            "revenue": 42115
        },
        "2009-05": {
            "month": "2009-05",
            "price": "13.58",
            "revenue": 48576
        },
        "2009-06": {
            "month": "2009-06",
            "price": "12.42",
            "revenue": 66167
        },
        "2009-07": {
            "month": "2009-07",
            "price": "15.02",
            "revenue": 79258
        },
        "2009-08": {
            "month": "2009-08",
            "price": "16.09",
            "revenue": 79863
        },
        "2009-09": {
            "month": "2009-09",
            "price": "16.02",
            "revenue": 56411
        },
        "2009-10": {
            "month": "2009-10",
            "price": "16.45",
            "revenue": 51523
        },
        "2009-11": {
            "month": "2009-11",
            "price": "15.65",
            "revenue": 40833
        },
        "2009-12": {
            "month": "2009-12",
            "price": "18.36",
            "revenue": 50073
        },
        "2010-01": {
            "month": "2010-01",
            "price": "18.81",
            "revenue": 49453
        },
        "2010-02": {
            "month": "2010-02",
            "price": "15.83",
            "revenue": 37633
        },
        "2010-03": {
            "month": "2010-03",
            "price": "17.19",
            "revenue": 75554
        },
        "2010-04": {
            "month": "2010-04",
            "price": "18.90",
            "revenue": 80360
        },
        "2010-05": {
            "month": "2010-05",
            "price": "18.36",
            "revenue": 82266
        },
        "2010-06": {
            "month": "2010-06",
            "price": "18.92",
            "revenue": 86009
        },
        "2010-07": {
            "month": "2010-07",
            "price": "19.78",
            "revenue": 94965
        },
        "2010-08": {
            "month": "2010-08",
            "price": "20.54",
            "revenue": 90050
        },
        "2010-09": {
            "month": "2010-09",
            "price": "20.20",
            "revenue": 71207
        },
        "2010-10": {
            "month": "2010-10",
            "price": "18.99",
            "revenue": 50717
        },
        "2010-11": {
            "month": "2010-11",
            "price": "18.04",
            "revenue": 56137
        },
        "2010-12": {
            "month": "2010-12",
            "price": "18.88",
            "revenue": 53851
        },
        "2011-01": {
            "month": "2011-01",
            "price": "18.69",
            "revenue": 38040
        },
        "2011-02": {
            "month": "2011-02",
            "price": "17.99",
            "revenue": 38558
        },
        "2011-03": {
            "month": "2011-03",
            "price": "17.31",
            "revenue": 44469
        },
        "2011-04": {
            "month": "2011-04",
            "price": "16.86",
            "revenue": 48557
        },
        "2011-05": {
            "month": "2011-05",
            "price": "15.55",
            "revenue": 63184
        },
        "2011-06": {
            "month": "2011-06",
            "price": "15.13",
            "revenue": 72032
        },
        "2011-07": {
            "month": "2011-07",
            "price": "14.37",
            "revenue": 50743
        },
        "2011-08": {
            "month": "2011-08",
            "price": "12.83",
            "revenue": 42948
        },
        "2011-09": {
            "month": "2011-09",
            "price": "11.53",
            "revenue": 26563
        },
        "2011-10": {
            "month": "2011-10",
            "price": "10.31",
            "revenue": 26789
        },
        "2011-11": {
            "month": "2011-11",
            "price": "10.54",
            "revenue": 19213
        },
        "2011-12": {
            "month": "2011-12",
            "price": "9.86",
            "revenue": 19685
        },
        "2012-01": {
            "month": "2012-01",
            "price": "9.87",
            "revenue": 21650
        },
        "2012-02": {
            "month": "2012-02",
            "price": "11.64",
            "revenue": 20392
        },
        "2012-03": {
            "month": "2012-03",
            "price": "11.73",
            "revenue": 43449
        },
        "2012-04": {
            "month": "2012-04",
            "price": "11.37",
            "revenue": 43983
        },
        "2012-05": {
            "month": "2012-05",
            "price": "10.47",
            "revenue": 51889
        },
        "2012-06": {
            "month": "2012-06",
            "price": "10.39",
            "revenue": 54230
        },
        "2012-07": {
            "month": "2012-07",
            "price": "10.16",
            "revenue": 54390
        },
        "2012-08": {
            "month": "2012-08",
            "price": "10.43",
            "revenue": 59087
        },
        "2012-09": {
            "month": "2012-09",
            "price": "10.66",
            "revenue": 32021
        },
        "2012-10": {
            "month": "2012-10",
            "price": "10.57",
            "revenue": 40547
        },
        "2012-11": {
            "month": "2012-11",
            "price": "10.23",
            "revenue": 29228
        },
        "2012-12": {
            "month": "2012-12",
            "price": "10.86",
            "revenue": 36872
        },
        "2013-01": {
            "month": "2013-01",
            "price": "11.45",
            "revenue": 53571
        },
        "2013-02": {
            "month": "2013-02",
            "price": "11.93",
            "revenue": 33746
        },
        "2013-03": {
            "month": "2013-03",
            "price": "12.46",
            "revenue": 46129
        },
        "2013-04": {
            "month": "2013-04",
            "price": "11.94",
            "revenue": 68150
        },
        "2013-05": {
            "month": "2013-05",
            "price": "11.86",
            "revenue": 99914
        },
        "2013-06": {
            "month": "2013-06",
            "price": "13.36",
            "revenue": 98718
        },
        "2013-07": {
            "month": "2013-07",
            "price": "14.08",
            "revenue": 107536
        },
        "2013-08": {
            "month": "2013-08",
            "price": "15.13",
            "revenue": 92707
        },
        "2013-09": {
            "month": "2013-09",
            "price": "16.03",
            "revenue": 61116
        },
        "2013-10": {
            "month": "2013-10",
            "price": "16.98",
            "revenue": 91159
        },
        "2013-11": {
            "month": "2013-11",
            "price": "14.83",
            "revenue": 68461
        },
        "2013-12": {
            "month": "2013-12",
            "price": "15.20",
            "revenue": 45803
        },
        "2014-01": {
            "month": "2014-01",
            "price": "16.16",
            "revenue": 39695
        },
        "2014-02": {
            "month": "2014-02",
            "price": "15.96",
            "revenue": 51732
        },
        "2014-03": {
            "month": "2014-03",
            "price": "19.59",
            "revenue": 87589
        },
        "2014-04": {
            "month": "2014-04",
            "price": "20.95",
            "revenue": 57483
        },
        "2014-05": {
            "month": "2014-05",
            "price": "18.33",
            "revenue": 72622
        },
        "2014-06": {
            "month": "2014-06",
            "price": "18.86",
            "revenue": 65179
        },
        "2014-07": {
            "month": "2014-07",
            "price": "17.99",
            "revenue": 84722
        },
        "2014-08": {
            "month": "2014-08",
            "price": "17.10",
            "revenue": 93177
        },
        "2014-09": {
            "month": "2014-09",
            "price": "17.06",
            "revenue": 97112
        },
        "2014-10": {
            "month": "2014-10",
            "price": "16.10",
            "revenue": 122755
        },
        "2014-11": {
            "month": "2014-11",
            "price": "16.18",
            "revenue": 65968
        },
        "2014-12": {
            "month": "2014-12",
            "price": "16.23",
            "revenue": 67423
        },
        "2015-01": {
            "month": "2015-01",
            "price": "16.48",
            "revenue": 59377
        },
        "2015-02": {
            "month": "2015-02",
            "price": "16.26",
            "revenue": 32992
        },
        "2015-03": {
            "month": "2015-03",
            "price": "15.72",
            "revenue": 74289
        },
        "2015-04": {
            "month": "2015-04",
            "price": "15.20",
            "revenue": 82773
        },
        "2015-05": {
            "month": "2015-05",
            "price": "14.60",
            "revenue": 49212
        },
        "2015-06": {
            "month": "2015-06",
            "price": "12.73",
            "revenue": 59907
        },
        "2015-07": {
            "month": "2015-07",
            "price": "11.92",
            "revenue": 99040
        },
        "2015-08": {
            "month": "2015-08",
            "price": "10.94",
            "revenue": 95592
        },
        "2015-09": {
            "month": "2015-09",
            "price": "11.03",
            "revenue": 107137
        },
        "2015-10": {
            "month": "2015-10",
            "price": "11.60",
            "revenue": 89371
        },
        "2015-11": {
            "month": "2015-11",
            "price": "11.93",
            "revenue": 90765
        },
        "2015-12": {
            "month": "2015-12",
            "price": "11.22",
            "revenue": 108532
        },
        "2016-01": {
            "month": "2016-01",
            "price": "10.63",
            "revenue": 111104
        },
        "2016-02": {
            "month": "2016-02",
            "price": "10.55",
            "revenue": 69232
        },
        "2016-03": {
            "month": "2016-03",
            "price": "12.66",
            "revenue": 124819
        },
        "2016-04": {
            "month": "2016-04",
            "price": "13.11",
            "revenue": 127029
        },
        "2016-05": {
            "month": "2016-05",
            "price": "12.68",
            "revenue": 102924
        },
        "2016-06": {
            "month": "2016-06",
            "price": "12.21",
            "revenue": 77454
        },
        "2016-07": {
            "month": "2016-07",
            "price": "12.96",
            "revenue": 100470
        },
        "2016-08": {
            "month": "2016-08",
            "price": "12.80",
            "revenue": 106757
        },
        "2016-09": {
            "month": "2016-09",
            "price": "12.95",
            "revenue": 129202
        },
        "2016-10": {
            "month": "2016-10",
            "price": "13.00",
            "revenue": 88746
        },
        "2016-11": {
            "month": "2016-11",
            "price": "12.66",
            "revenue": 88266
        },
        "2016-12": {
            "month": "2016-12",
            "price": "13.02",
            "revenue": 116125
        },
        "2017-01": {
            "month": "2017-01",
            "price": "13.27",
            "revenue": 78524
        },
        "2017-02": {
            "month": "2017-02",
            "price": "13.33",
            "revenue": 81300
        },
        "2017-03": {
            "month": "2017-03",
            "price": "13.42",
            "revenue": 117354
        },
        "2017-04": {
            "month": "2017-04",
            "price": "13.90",
            "revenue": 109318
        },
        "2017-05": {
            "month": "2017-05",
            "price": "13.87",
            "revenue": 90613
        },
        "2017-06": {
            "month": "2017-06",
            "price": "13.48",
            "revenue": 198388
        },
        "2017-07": {
            "month": "2017-07",
            "price": "13.85",
            "revenue": 184128
        },
        "2017-08": {
            "month": "2017-08",
            "price": "14.54",
            "revenue": 200441
        },
        "2017-09": {
            "month": "2017-09",
            "price": "16.30",
            "revenue": 186882
        },
        "2017-10": {
            "month": "2017-10",
            "price": "17.81",
            "revenue": 169712
        },
        "2017-11": {
            "month": "2017-11",
            "price": "19.68",
            "revenue": 151471
        },
        "2017-12": {
            "month": "2017-12",
            "price": "17.26",
            "revenue": 173654
        },
        "2018-01": {
            "month": "2018-01",
            "price": "18.97",
            "revenue": 158019
        },
        "2018-02": {
            "month": "2018-02",
            "price": "18.11",
            "revenue": 42547
        },
        "2018-03": {
            "month": "2018-03",
            "price": "17.95",
            "revenue": 140195
        },
        "2018-04": {
            "month": "2018-04",
            "price": "16.22",
            "revenue": 138504
        },
        "2018-05": {
            "month": "2018-05",
            "price": "14.99",
            "revenue": 141911
        },
        "2018-06": {
            "month": "2018-06",
            "price": "15.68",
            "revenue": 110241
        },
        "2018-07": {
            "month": "2018-07",
            "price": "14.46",
            "revenue": 143501
        },
        "2018-08": {
            "month": "2018-08",
            "price": "12.83",
            "revenue": 162863
        },
        "2018-09": {
            "month": "2018-09",
            "price": "12.58",
            "revenue": 130640
        },
        "2018-10": {
            "month": "2018-10",
            "price": "11.02",
            "revenue": 134860
        },
        "2018-11": {
            "month": "2018-11",
            "price": "11.51",
            "revenue": 163883
        },
        "2018-12": {
            "month": "2018-12",
            "price": "12.60",
            "revenue": 129269
        },
        "2019-01": {
            "month": "2019-01",
            "price": "12.40",
            "revenue": 99000
        },
        "2019-02": {
            "month": "2019-02",
            "price": "12.45",
            "revenue": 62577
        },
        "2019-03": {
            "month": "2019-03",
            "price": "13.42",
            "revenue": 108242
        },
        "2019-04": {
            "month": "2019-04",
            "price": "14.00",
            "revenue": 138364
        },
        "2019-05": {
            "month": "2019-05",
            "price": "13.08",
            "revenue": 117216
        },
        "2019-06": {
            "month": "2019-06",
            "price": "13.27",
            "revenue": 111790
        },
        "2019-07": {
            "month": "2019-07",
            "price": "12.96",
            "revenue": 181054
        },
        "2019-08": {
            "month": "2019-08",
            "price": "12.44",
            "revenue": 201528
        },
        "2019-09": {
            "month": "2019-09",
            "price": "14.83",
            "revenue": 137249
        },
        "2019-10": {
            "month": "2019-10",
            "price": "15.21",
            "revenue": 116430
        },
        "2019-11": {
            "month": "2019-11",
            "price": "15.09",
            "revenue": 153923
        },
        "2019-12": {
            "month": "2019-12",
            "price": "15.25",
            "revenue": 133477
        },
        "2020-01": {
            "month": "2020-01",
            "price": "14.79",
            "revenue": 73305
        },
        "2020-02": {
            "month": "2020-02",
            "price": "13.11",
            "revenue": 63494
        },
        "2020-03": {
            "month": "2020-03",
            "price": "11.25",
            "revenue": 126095
        },
        "2020-04": {
            "month": "2020-04",
            "price": "11.69",
            "revenue": 169583
        },
        "2020-05": {
            "month": "2020-05",
            "price": "12.86",
            "revenue": 164413
        },
        "2020-06": {
            "month": "2020-06",
            "price": "13.98",
            "revenue": 161335
        },
        "2020-07": {
            "month": "2020-07",
            "price": "16.08",
            "revenue": 157782
        },
        "2020-08": {
            "month": "2020-08",
            "price": "21.21",
            "revenue": 153608
        },
        "2020-09": {
            "month": "2020-09",
            "price": "26.42",
            "revenue": 152224
        },
        "2020-10": {
            "month": "2020-10",
            "price": "21.75",
            "revenue": 163512
        },
        "2020-11": {
            "month": "2020-11",
            "price": "23.52",
            "revenue": 193876
        },
        "2020-12": {
            "month": "2020-12",
            "price": "29.82",
            "revenue": 165809
        },
        "2021-01": {
            "month": "2021-01",
            "price": "29.66",
            "revenue": 152215
        },
        "2021-02": {
            "month": "2021-02",
            "price": "29.85",
            "revenue": 75689
        },
        "2021-03": {
            "month": "2021-03",
            "price": "31.84",
            "revenue": 170955
        },
        "2021-04": {
            "month": "2021-04",
            "price": "37.96",
            "revenue": 182898
        },
        "2021-05": {
            "month": "2021-05",
            "price": "29.45",
            "revenue": 178998
        },
        "2021-06": {
            "month": "2021-06",
            "price": "31.00",
            "revenue": 189772
        },
        "2021-07": {
            "month": "2021-07",
            "price": "42.53",
            "revenue": 209225
        },
        "2021-08": {
            "month": "2021-08",
            "price": "43.40",
            "revenue": 199507
        },
        "2021-09": {
            "month": "2021-09",
            "price": "43.02",
            "revenue": 236672
        },
        "2021-10": {
            "month": "2021-10",
            "price": "39.56",
            "revenue": 186645
        },
        "2021-11": {
            "month": "2021-11",
            "price": "45.25",
            "revenue": 198882
        },
        "2021-12": {
            "month": "2021-12",
            "price": "43.45",
            "revenue": 159674
        },
        "2022-01": {
            "month": "2022-01",
            "price": "39.24",
            "revenue": 119396
        },
        "2022-02": {
            "month": "2022-02",
            "price": "37.67",
            "revenue": 128140
        },
        "2022-03": {
            "month": "2022-03",
            "price": "39.02",
            "revenue": 154638
        },
        "2022-04": {
            "month": "2022-04",
            "price": "36.55",
            "revenue": 145158
        },
        "2022-05": {
            "month": "2022-05",
            "price": "33.15",
            "revenue": 151141
        },
        "2022-06": {
            "month": "2022-06",
            "price": "32.53",
            "revenue": 139858
        },
        "2022-07": {
            "month": "2022-07",
            "price": "27.15",
            "revenue": 150513
        },
        "2022-08": {
            "month": "2022-08",
            "price": "29.54",
            "revenue": 147226
        },
        "2022-09": {
            "month": "2022-09",
            "price": "28.18",
            "revenue": 102491
        },
        "2022-10": {
            "month": "2022-10",
            "price": "23.48",
            "revenue": 168589
        },
        "2022-11": {
            "month": "2022-11",
            "price": "25.89",
            "revenue": 105350
        },
        "2022-12": {
            "month": "2022-12",
            "price": "25.70",
            "revenue": 92431
        },
        "2023-01": {
            "month": "2023-01",
            "price": "25.12",
            "revenue": 59074
        },
        "2023-02": {
            "month": "2023-02",
            "price": "25.93",
            "revenue": 74942
        },
        "2023-03": {
            "month": "2023-03",
            "price": "27.67",
            "revenue": 88342
        },
        "2023-04": {
            "month": "2023-04",
            "price": "28.98",
            "revenue": 78897
        },
        "2023-05": {
            "month": "2023-05",
            "price": "28.74",
            "revenue": 98586
        },
        "2023-06": {
            "month": "2023-06",
            "price": "30.44",
            "revenue": 106336
        },
        "2023-07": {
            "month": "2023-07",
            "price": "28.05",
            "revenue": 112575
        },
        "2023-08": {
            "month": "2023-08",
            "price": "25.88",
            "revenue": 98253
        },
        "2023-09": {
            "month": "2023-09",
            "price": "26.21",
            "revenue": 96552
        },
        "2023-10": {
            "month": "2023-10",
            "price": "26.78",
            "revenue": 87313
        },
        "2023-11": {
            "month": "2023-11",
            "price": "27.43",
            "revenue": 79653
        },
        "2023-12": {
            "month": "2023-12",
            "price": "27.94",
            "revenue": 120293
        },
        "2024-01": {
            "month": "2024-01",
            "price": "29.93",
            "revenue": 96299
        },
        "2024-02": {
            "month": "2024-02",
            "price": "40.68",
            "revenue": 42740
        }
    }
}
