{
    "summary": {
        "stock_name": "尼得科超眾",
        "stock_id": "6230",
        "category": "電腦及週邊設備",
        "main_business": "散熱模組、散熱片、熱導管及微均熱板",
        "website_url": "http://www.ccic.com.tw",
        "ceo": "無",
        "pe_ratio": 19,
        "report_year_from": 2001,
        "report_year_to": 2023,
        "age": 22,
        "eps_negative_percentage": 0,
        "eps_growth_avg": {
            "last_all": 12.03,
            "last_2y": 10.57,
            "last_4y": 13.7,
            "last_8y": 9.61,
            "last_12y": 13.93,
            "last_16y": 13.14,
            "last_20y": 12.03,
            "at_2006_last_3y": 3.37,
            "at_2007_last_3y": 7.63,
            "at_2008_last_3y": -3.04,
            "at_2009_last_3y": 10.59,
            "at_2010_last_3y": 31.23,
            "at_2011_last_3y": -1.48,
            "at_2012_last_3y": 19.88,
            "at_2013_last_3y": 23.65,
            "at_2014_last_3y": 18.04,
            "at_2015_last_3y": 30.13,
            "at_2016_last_3y": 23.67,
            "at_2017_last_3y": 4.49,
            "at_2018_last_3y": 7.62,
            "at_2019_last_3y": 7.69,
            "at_2020_last_3y": 0.26,
            "at_2021_last_3y": -1.81,
            "at_2022_last_3y": 12.38,
            "at_2023_last_3y": 12.38,
            "at_2006_last_all": -4.9,
            "at_2007_last_all": 12.58,
            "at_2008_last_all": 8.13,
            "at_2009_last_all": 8.94,
            "at_2010_last_all": 11.16,
            "at_2011_last_all": 6.96,
            "at_2012_last_all": 12.41,
            "at_2013_last_all": 13.84,
            "at_2014_last_all": 13.27,
            "at_2015_last_all": 13.58,
            "at_2016_last_all": 15.41,
            "at_2017_last_all": 11.51,
            "at_2018_last_all": 11.94,
            "at_2019_last_all": 12.27,
            "at_2020_last_all": 12.22,
            "at_2021_last_all": 8.84,
            "at_2022_last_all": 12.03,
            "at_2023_last_all": 12.03
        },
        "latest_eps": 8.56,
        "latest_price": 163,
        "latest_roe": 14.41,
        "latest_gross_margin": 17.55,
        "latest_equity": 5472149,
        "latest_revenue": 2925439,
        "latest_gross_profit": 513554,
        "latest_net_income": 98355,
        "latest_debt_ratio": 51.45,
        "latest_current_ratio": 194.56,
        "latest_account_receivable_turnover_ratio": 0.85,
        "latest_inventory_turnover_ratio": 1.34,
        "latest_reinvestment_rate": 50.7,
        "latest_research_to_sale_ratio": 4.56
    },
    "eps_dividends": {
        "2001": {
            "cash": 0,
            "stock": 0,
            "eps": 4.16
        },
        "2002": {
            "cash": 1,
            "stock": 1.9,
            "eps": 2.58
        },
        "2003": {
            "cash": 0.54,
            "stock": 1.09,
            "eps": 4.72
        },
        "2004": {
            "cash": 1.58,
            "stock": 1.58,
            "eps": 5.86
        },
        "2005": {
            "cash": 1.75,
            "stock": 1.75,
            "eps": 3.52
        },
        "2006": {
            "cash": 1,
            "stock": 1,
            "eps": 1.63
        },
        "2007": {
            "cash": 1.1,
            "stock": 0,
            "eps": 3.45
        },
        "2008": {
            "cash": 1,
            "stock": 1,
            "eps": 2.81
        },
        "2009": {
            "cash": 2.2,
            "stock": 0,
            "eps": 3.22
        },
        "2010": {
            "cash": 2.5,
            "stock": 0,
            "eps": 4.15
        },
        "2011": {
            "cash": 4,
            "stock": 0,
            "eps": 2.87
        },
        "2012": {
            "cash": 0,
            "stock": 0,
            "eps": 4.79
        },
        "2013": {
            "cash": 3,
            "stock": 0,
            "eps": 6.21
        },
        "2014": {
            "cash": 3.2,
            "stock": 0,
            "eps": 6.61
        },
        "2015": {
            "cash": 4,
            "stock": 0,
            "eps": 7.77
        },
        "2016": {
            "cash": 5.5,
            "stock": 0,
            "eps": 10.96
        },
        "2017": {
            "cash": 7.5,
            "stock": 0,
            "eps": 5.8
        },
        "2018": {
            "cash": 3.95,
            "stock": 0,
            "eps": 6.9
        },
        "2019": {
            "cash": 4.7,
            "stock": 0,
            "eps": 8.13
        },
        "2020": {
            "cash": 4.87,
            "stock": 0,
            "eps": 9.05
        },
        "2021": {
            "cash": 1.36,
            "stock": 0,
            "eps": 4.04
        },
        "2022": {
            "cash": 0.61,
            "stock": 0,
            "eps": 7.1
        },
        "2023": {
            "cash": 1.07,
            "stock": 0,
            "eps": 1.14
        }
    },
    "dividends": {
        "2002-06-14": {
            "cash": 1,
            "stock": 1.9
        },
        "2003-04-04": {
            "cash": 0.54,
            "stock": 1.09
        },
        "2004-04-29": {
            "cash": 1.58,
            "stock": 1.58
        },
        "2005-04-29": {
            "cash": 1.75,
            "stock": 1.75
        },
        "2006-04-27": {
            "cash": 1,
            "stock": 1
        },
        "2007-04-17": {
            "cash": 1.1,
            "stock": 0
        },
        "2008-03-17": {
            "cash": 1,
            "stock": 1
        },
        "2009-03-30": {
            "cash": 2.2,
            "stock": 0
        },
        "2010-03-29": {
            "cash": 2.5,
            "stock": 0
        },
        "2011-01-01": {
            "cash": 1.5,
            "stock": 0
        },
        "2011-03-25": {
            "cash": 2.5,
            "stock": 0
        },
        "2013-03-25": {
            "cash": 3,
            "stock": 0
        },
        "2014-09-15": {
            "cash": 3.2,
            "stock": 0
        },
        "2015-09-15": {
            "cash": 4,
            "stock": 0
        },
        "2016-09-14": {
            "cash": 5.5,
            "stock": 0
        },
        "2017-08-31": {
            "cash": 7.5,
            "stock": 0
        },
        "2018-08-17": {
            "cash": 3.95,
            "stock": 0
        },
        "2019-08-22": {
            "cash": 4.7,
            "stock": 0
        },
        "2020-08-20": {
            "cash": 4.87,
            "stock": 0
        },
        "2021-09-17": {
            "cash": 1.36,
            "stock": 0
        },
        "2022-09-15": {
            "cash": 0.61,
            "stock": 0
        },
        "2023-03-24": {
            "cash": 1.07,
            "stock": 0
        }
    },
    "prices": {
        "200101": "無",
        "200102": "無",
        "200103": "無",
        "200104": "無",
        "200105": "無",
        "200106": "無",
        "200107": "無",
        "200108": "無",
        "200109": "無",
        "200110": "無",
        "200111": "無",
        "200112": "無",
        "200201": "無",
        "200202": "無",
        "200203": "無",
        "200204": "無",
        "200205": "無",
        "200206": "無",
        "200207": "無",
        "200208": "無",
        "200209": "無",
        "200210": "無",
        "200211": "無",
        "200212": "無",
        "200301": "28.14",
        "200302": "26.64",
        "200303": "27.02",
        "200304": "27.34",
        "200305": "35.55",
        "200306": "47.34",
        "200307": "53.91",
        "200308": "64.90",
        "200309": "69.14",
        "200310": "61.59",
        "200311": "60.70",
        "200312": "63.37",
        "200401": "61.10",
        "200402": "72.92",
        "200403": "70.15",
        "200404": "66.45",
        "200405": "59.10",
        "200406": "62.62",
        "200407": "64.20",
        "200408": "69.50",
        "200409": "75.19",
        "200410": "69.82",
        "200411": "63.82",
        "200412": "63.63",
        "200501": "61.17",
        "200502": "63.42",
        "200503": "63.58",
        "200504": "65.00",
        "200505": "66.71",
        "200506": "67.83",
        "200507": "65.10",
        "200508": "56.94",
        "200509": "39.56",
        "200510": "30.41",
        "200511": "28.33",
        "200512": "32.56",
        "200601": "33.65",
        "200602": "28.84",
        "200603": "26.83",
        "200604": "27.88",
        "200605": "25.79",
        "200606": "20.95",
        "200607": "19.18",
        "200608": "17.47",
        "200609": "15.89",
        "200610": "16.40",
        "200611": "23.31",
        "200612": "28.41",
        "200701": "27.05",
        "200702": "26.70",
        "200703": "28.47",
        "200704": "36.72",
        "200705": "39.22",
        "200706": "48.44",
        "200707": "61.68",
        "200708": "51.19",
        "200709": "46.28",
        "200710": "44.03",
        "200711": "33.76",
        "200712": "31.03",
        "200801": "27.95",
        "200802": "27.86",
        "200803": "28.72",
        "200804": "33.60",
        "200805": "32.01",
        "200806": "27.08",
        "200807": "21.40",
        "200808": "23.35",
        "200809": "15.08",
        "200810": "12.79",
        "200811": "13.18",
        "200812": "13.32",
        "200901": "16.26",
        "200902": "16.63",
        "200903": "18.69",
        "200904": "25.17",
        "200905": "34.26",
        "200906": "30.58",
        "200907": "36.53",
        "200908": "41.32",
        "200909": "44.73",
        "200910": "48.56",
        "200911": "47.59",
        "200912": "49.59",
        "201001": "53.14",
        "201002": "45.71",
        "201003": "47.18",
        "201004": "49.52",
        "201005": "45.50",
        "201006": "46.38",
        "201007": "48.50",
        "201008": "44.32",
        "201009": "44.32",
        "201010": "40.80",
        "201011": "37.73",
        "201012": "39.48",
        "201101": "39.26",
        "201102": "38.93",
        "201103": "40.47",
        "201104": "39.18",
        "201105": "38.79",
        "201106": "38.06",
        "201107": "35.32",
        "201108": "28.06",
        "201109": "24.41",
        "201110": "24.88",
        "201111": "25.08",
        "201112": "24.62",
        "201201": "27.43",
        "201202": "32.02",
        "201203": "34.71",
        "201204": "31.26",
        "201205": "27.35",
        "201206": "25.13",
        "201207": "25.65",
        "201208": "29.58",
        "201209": "38.94",
        "201210": "42.45",
        "201211": "40.38",
        "201212": "43.43",
        "201301": "50.52",
        "201302": "59.06",
        "201303": "56.80",
        "201304": "59.32",
        "201305": "71.62",
        "201306": "75.73",
        "201307": "73.10",
        "201308": "64.40",
        "201309": "62.04",
        "201310": "58.27",
        "201311": "60.21",
        "201312": "78.32",
        "201401": "103.68",
        "201402": "100.05",
        "201403": "101.37",
        "201404": "86.36",
        "201405": "91.06",
        "201406": "91.00",
        "201407": "91.70",
        "201408": "106.48",
        "201409": "93.40",
        "201410": "86.20",
        "201411": "84.83",
        "201412": "85.53",
        "201501": "86.96",
        "201502": "87.42",
        "201503": "99.27",
        "201504": "95.84",
        "201505": "89.48",
        "201506": "81.92",
        "201507": "71.44",
        "201508": "57.21",
        "201509": "58.44",
        "201510": "71.16",
        "201511": "78.84",
        "201512": "118.60",
        "201601": "133.29",
        "201602": "153.58",
        "201603": "141.30",
        "201604": "124.11",
        "201605": "113.12",
        "201606": "124.36",
        "201607": "140.20",
        "201608": "181.59",
        "201609": "170.92",
        "201610": "151.70",
        "201611": "122.09",
        "201612": "126.57",
        "201701": "146.06",
        "201702": "147.92",
        "201703": "142.24",
        "201704": "125.33",
        "201705": "122.40",
        "201706": "123.91",
        "201707": "130.50",
        "201708": "108.87",
        "201709": "99.28",
        "201710": "99.91",
        "201711": "97.52",
        "201712": "94.89",
        "201801": "98.18",
        "201802": "94.11",
        "201803": "93.06",
        "201804": "84.04",
        "201805": "74.21",
        "201806": "87.68",
        "201807": "91.31",
        "201808": "96.68",
        "201809": "90.24",
        "201810": "104.59",
        "201811": "101.32",
        "201812": "112.33",
        "201901": "139.07",
        "201902": "142.73",
        "201903": "126.65",
        "201904": "154.88",
        "201905": "160.84",
        "201906": "164.92",
        "201907": "202.48",
        "201908": "251.38",
        "201909": "241.42",
        "201910": "233.55",
        "201911": "209.17",
        "201912": "242.84",
        "202001": "248.73",
        "202002": "231.87",
        "202003": "213.27",
        "202004": "242.10",
        "202005": "244.75",
        "202006": "257.58",
        "202007": "261.39",
        "202008": "253.21",
        "202009": "259.70",
        "202010": "249.05",
        "202011": "236.81",
        "202012": "220.04",
        "202101": "219.25",
        "202102": "217.08",
        "202103": "215.11",
        "202104": "215.82",
        "202105": "206.69",
        "202106": "212.19",
        "202107": "210.80",
        "202108": "192.16",
        "202109": "171.72",
        "202110": "162.38",
        "202111": "169.66",
        "202112": "166.45",
        "202201": "164.61",
        "202202": "155.97",
        "202203": "138.33",
        "202204": "107.97",
        "202205": "111.21",
        "202206": "110.12",
        "202207": "104.90",
        "202208": "109.48",
        "202209": "103.97",
        "202210": "102.16",
        "202211": "113.32",
        "202212": "123.91",
        "202301": "113.15",
        "202302": "121.36",
        "202303": "133.72",
        "202304": "159.56",
        "202305": "175.95",
        "202306": "168.82"
    },
    "quarters": {
        "20011": {
            "year_quarter": 20011,
            "year": 2001,
            "quarter": 1,
            "eps": 0.94,
            "eps_growth_year": null,
            "eps_4q": null,
            "eps_4q_growth_year": null,
            "roe": 7,
            "roe_4q": 7,
            "gross_profit": 59239,
            "gross_margin": 29.2,
            "gross_margin_4q_avg": 29.2,
            "net_income": 28102,
            "revenue": 202872,
            "common_shares": 302143,
            "book_valuer_per_share": 13.75,
            "book_valuer_per_share_4q_avg": 13.75,
            "equity": 415396,
            "current_ratio": 237.74,
            "debt_ratio": 39.81,
            "inventory_turnover_ratio": 1.55,
            "account_receivable_turnover_ratio": null,
            "reinvestment_rate": null,
            "research_to_sale_ratio": null,
            "price_fair": 0,
            "eps_avg_yearly": 0,
            "eps_latest_yearly": 0,
            "eps_growth_yearly": 0
        },
        "20012": {
            "year_quarter": 20012,
            "year": 2001,
            "quarter": 2,
            "eps": 1.35,
            "eps_growth_year": null,
            "eps_4q": null,
            "eps_4q_growth_year": null,
            "roe": 9.34,
            "roe_4q": 16.34,
            "gross_profit": 70293,
            "gross_margin": 30.31,
            "gross_margin_4q_avg": 29.76,
            "net_income": 40717,
            "revenue": 231944,
            "common_shares": 302143,
            "book_valuer_per_share": 15.1,
            "book_valuer_per_share_4q_avg": 14.43,
            "equity": 456113,
            "current_ratio": 182.19,
            "debt_ratio": 40.74,
            "inventory_turnover_ratio": 1.73,
            "account_receivable_turnover_ratio": null,
            "reinvestment_rate": null,
            "research_to_sale_ratio": null,
            "price_fair": 0,
            "eps_avg_yearly": 0,
            "eps_latest_yearly": 0,
            "eps_growth_yearly": 0
        },
        "20013": {
            "year_quarter": 20013,
            "year": 2001,
            "quarter": 3,
            "eps": 1.12,
            "eps_growth_year": null,
            "eps_4q": null,
            "eps_4q_growth_year": null,
            "roe": 7.13,
            "roe_4q": 23.47,
            "gross_profit": 66304,
            "gross_margin": 22.54,
            "gross_margin_4q_avg": 27.35,
            "net_income": 33745,
            "revenue": 294209,
            "common_shares": 302143,
            "book_valuer_per_share": 16.21,
            "book_valuer_per_share_4q_avg": 15.02,
            "equity": 489858,
            "current_ratio": 193.32,
            "debt_ratio": 39.67,
            "inventory_turnover_ratio": 2.14,
            "account_receivable_turnover_ratio": null,
            "reinvestment_rate": null,
            "research_to_sale_ratio": null,
            "price_fair": 0,
            "eps_avg_yearly": 0,
            "eps_latest_yearly": 0,
            "eps_growth_yearly": 0
        },
        "20014": {
            "year_quarter": 20014,
            "year": 2001,
            "quarter": 4,
            "eps": 0.75,
            "eps_growth_year": null,
            "eps_4q": 4.16,
            "eps_4q_growth_year": null,
            "roe": 4.51,
            "roe_4q": 27.98,
            "gross_profit": 36772,
            "gross_margin": 11.89,
            "gross_margin_4q_avg": 23.49,
            "net_income": 22581,
            "revenue": 309386,
            "common_shares": 302143,
            "book_valuer_per_share": 16.96,
            "book_valuer_per_share_4q_avg": 15.51,
            "equity": 512439,
            "current_ratio": 182.91,
            "debt_ratio": 42.94,
            "inventory_turnover_ratio": 2.74,
            "account_receivable_turnover_ratio": null,
            "reinvestment_rate": null,
            "research_to_sale_ratio": null,
            "price_fair": 0,
            "eps_avg_yearly": 0,
            "eps_latest_yearly": 0,
            "eps_growth_yearly": 0
        },
        "20021": {
            "year_quarter": 20021,
            "year": 2002,
            "quarter": 1,
            "eps": 1.43,
            "eps_growth_year": 52.13,
            "eps_4q": 4.65,
            "eps_4q_growth_year": null,
            "roe": 8.07,
            "roe_4q": 29.05,
            "gross_profit": 78584,
            "gross_margin": 26.72,
            "gross_margin_4q_avg": 22.87,
            "net_income": 43067,
            "revenue": 294079,
            "common_shares": 302143,
            "book_valuer_per_share": 18.39,
            "book_valuer_per_share_4q_avg": 16.67,
            "equity": 555506,
            "current_ratio": 213.12,
            "debt_ratio": 38.27,
            "inventory_turnover_ratio": 2.54,
            "account_receivable_turnover_ratio": null,
            "reinvestment_rate": null,
            "research_to_sale_ratio": null,
            "price_fair": 200.2,
            "eps_avg_yearly": 5.72,
            "eps_latest_yearly": 5.72,
            "eps_growth_yearly": 362.67
        },
        "20022": {
            "year_quarter": 20022,
            "year": 2002,
            "quarter": 2,
            "eps": 0.04,
            "eps_growth_year": -97.04,
            "eps_4q": 3.26,
            "eps_4q_growth_year": null,
            "roe": 0.23,
            "roe_4q": 19.94,
            "gross_profit": 47358,
            "gross_margin": 16.42,
            "gross_margin_4q_avg": 19.39,
            "net_income": 1236,
            "revenue": 288332,
            "common_shares": 302143,
            "book_valuer_per_share": 17.17,
            "book_valuer_per_share_4q_avg": 17.18,
            "equity": 518699,
            "current_ratio": 176.99,
            "debt_ratio": 44.31,
            "inventory_turnover_ratio": 2.64,
            "account_receivable_turnover_ratio": null,
            "reinvestment_rate": null,
            "research_to_sale_ratio": null,
            "price_fair": 8.82,
            "eps_avg_yearly": 2.94,
            "eps_latest_yearly": 0.16,
            "eps_growth_yearly": -13.07
        },
        "20023": {
            "year_quarter": 20023,
            "year": 2002,
            "quarter": 3,
            "eps": 0.25,
            "eps_growth_year": -77.68,
            "eps_4q": 2.09,
            "eps_4q_growth_year": null,
            "roe": 1.73,
            "roe_4q": 14.540000000000001,
            "gross_profit": 36422,
            "gross_margin": 13.37,
            "gross_margin_4q_avg": 17.1,
            "net_income": 9076,
            "revenue": 272407,
            "common_shares": 370400,
            "book_valuer_per_share": 14.25,
            "book_valuer_per_share_4q_avg": 16.69,
            "equity": 527775,
            "current_ratio": 182.37,
            "debt_ratio": 43.13,
            "inventory_turnover_ratio": 2.31,
            "account_receivable_turnover_ratio": null,
            "reinvestment_rate": null,
            "research_to_sale_ratio": null,
            "price_fair": 80.27,
            "eps_avg_yearly": 2.29,
            "eps_latest_yearly": 1,
            "eps_growth_yearly": 691.29
        },
        "20024": {
            "year_quarter": 20024,
            "year": 2002,
            "quarter": 4,
            "eps": 0.86,
            "eps_growth_year": 14.67,
            "eps_4q": 2.31,
            "eps_4q_growth_year": -44.46,
            "roe": 5.82,
            "roe_4q": 15.850000000000001,
            "gross_profit": 59931,
            "gross_margin": 18.12,
            "gross_margin_4q_avg": 18.66,
            "net_income": 31693,
            "revenue": 330719,
            "common_shares": 370400,
            "book_valuer_per_share": 15.14,
            "book_valuer_per_share_4q_avg": 16.24,
            "equity": 560663,
            "current_ratio": 168.58,
            "debt_ratio": 46.69,
            "inventory_turnover_ratio": 2.21,
            "account_receivable_turnover_ratio": null,
            "reinvestment_rate": null,
            "research_to_sale_ratio": null,
            "price_fair": 90.3,
            "eps_avg_yearly": 2.58,
            "eps_latest_yearly": 3.44,
            "eps_growth_yearly": 762.46
        },
        "20031": {
            "year_quarter": 20031,
            "year": 2003,
            "quarter": 1,
            "eps": 1.1,
            "eps_growth_year": -23.08,
            "eps_4q": 2.23,
            "eps_4q_growth_year": -52,
            "roe": 7.02,
            "roe_4q": 14.8,
            "gross_profit": 71428,
            "gross_margin": 21.86,
            "gross_margin_4q_avg": 17.44,
            "net_income": 40772,
            "revenue": 326775,
            "common_shares": 370400,
            "book_valuer_per_share": 16.24,
            "book_valuer_per_share_4q_avg": 15.7,
            "equity": 601423,
            "current_ratio": 201.2,
            "debt_ratio": 39.61,
            "inventory_turnover_ratio": 1.93,
            "account_receivable_turnover_ratio": null,
            "reinvestment_rate": null,
            "research_to_sale_ratio": null,
            "price_fair": 103.04,
            "eps_avg_yearly": 2.94,
            "eps_latest_yearly": 4.4,
            "eps_growth_yearly": 632.3
        },
        "20032": {
            "year_quarter": 20032,
            "year": 2003,
            "quarter": 2,
            "eps": 1.19,
            "eps_growth_year": 2875,
            "eps_4q": 3.4,
            "eps_4q_growth_year": 4.42,
            "roe": 7.19,
            "roe_4q": 21.76,
            "gross_profit": 96573,
            "gross_margin": 22.5,
            "gross_margin_4q_avg": 18.96,
            "net_income": 43896,
            "revenue": 429243,
            "common_shares": 370400,
            "book_valuer_per_share": 16.72,
            "book_valuer_per_share_4q_avg": 15.59,
            "equity": 619273,
            "current_ratio": 165.39,
            "debt_ratio": 47.67,
            "inventory_turnover_ratio": 2.37,
            "account_receivable_turnover_ratio": null,
            "reinvestment_rate": null,
            "research_to_sale_ratio": null,
            "price_fair": 113.63,
            "eps_avg_yearly": 3.25,
            "eps_latest_yearly": 4.76,
            "eps_growth_yearly": 532.37
        },
        "20033": {
            "year_quarter": 20033,
            "year": 2003,
            "quarter": 3,
            "eps": 1.06,
            "eps_growth_year": 324,
            "eps_4q": 3.86,
            "eps_4q_growth_year": 84.38,
            "roe": 6.88,
            "roe_4q": 26.91,
            "gross_profit": 111685,
            "gross_margin": 22.77,
            "gross_margin_4q_avg": 21.31,
            "net_income": 44085,
            "revenue": 490415,
            "common_shares": 416187,
            "book_valuer_per_share": 15.89,
            "book_valuer_per_share_4q_avg": 16,
            "equity": 661436,
            "current_ratio": 208.75,
            "debt_ratio": 54.12,
            "inventory_turnover_ratio": 2.38,
            "account_receivable_turnover_ratio": null,
            "reinvestment_rate": null,
            "research_to_sale_ratio": null,
            "price_fair": 118.6,
            "eps_avg_yearly": 3.39,
            "eps_latest_yearly": 4.24,
            "eps_growth_yearly": 450.07
        },
        "20034": {
            "year_quarter": 20034,
            "year": 2003,
            "quarter": 4,
            "eps": 1.37,
            "eps_growth_year": 59.3,
            "eps_4q": 4.47,
            "eps_4q_growth_year": 93.45,
            "roe": 8.05,
            "roe_4q": 29.14,
            "gross_profit": 105676,
            "gross_margin": 18.85,
            "gross_margin_4q_avg": 21.5,
            "net_income": 56979,
            "revenue": 560648,
            "common_shares": 423990,
            "book_valuer_per_share": 17.78,
            "book_valuer_per_share_4q_avg": 16.66,
            "equity": 754029,
            "current_ratio": 195.11,
            "debt_ratio": 55.29,
            "inventory_turnover_ratio": 2.35,
            "account_receivable_turnover_ratio": null,
            "reinvestment_rate": null,
            "research_to_sale_ratio": null,
            "price_fair": 127.75,
            "eps_avg_yearly": 3.65,
            "eps_latest_yearly": 5.48,
            "eps_growth_yearly": 408.44
        },
        "20041": {
            "year_quarter": 20041,
            "year": 2004,
            "quarter": 1,
            "eps": 1.58,
            "eps_growth_year": 43.64,
            "eps_4q": 4.99,
            "eps_4q_growth_year": 123.32,
            "roe": 8.31,
            "roe_4q": 30.43,
            "gross_profit": 129161,
            "gross_margin": 22.15,
            "gross_margin_4q_avg": 21.57,
            "net_income": 67221,
            "revenue": 583020,
            "common_shares": 434202,
            "book_valuer_per_share": 19.9,
            "book_valuer_per_share_4q_avg": 17.57,
            "equity": 864070,
            "current_ratio": 199.45,
            "debt_ratio": 48.85,
            "inventory_turnover_ratio": 2.08,
            "account_receivable_turnover_ratio": null,
            "reinvestment_rate": null,
            "research_to_sale_ratio": null,
            "price_fair": 138.13,
            "eps_avg_yearly": 3.95,
            "eps_latest_yearly": 6.32,
            "eps_growth_yearly": 369.87
        },
        "20042": {
            "year_quarter": 20042,
            "year": 2004,
            "quarter": 2,
            "eps": 1.23,
            "eps_growth_year": 3.36,
            "eps_4q": 5.13,
            "eps_4q_growth_year": 50.84,
            "roe": 6.21,
            "roe_4q": 29.45,
            "gross_profit": 111289,
            "gross_margin": 18.62,
            "gross_margin_4q_avg": 20.6,
            "net_income": 53081,
            "revenue": 597535,
            "common_shares": 434982,
            "book_valuer_per_share": 19.43,
            "book_valuer_per_share_4q_avg": 18.25,
            "equity": 845013,
            "current_ratio": 167.22,
            "debt_ratio": 55.83,
            "inventory_turnover_ratio": 1.76,
            "account_receivable_turnover_ratio": null,
            "reinvestment_rate": null,
            "research_to_sale_ratio": null,
            "price_fair": 141.54,
            "eps_avg_yearly": 4.04,
            "eps_latest_yearly": 4.92,
            "eps_growth_yearly": 324.02
        },
        "20043": {
            "year_quarter": 20043,
            "year": 2004,
            "quarter": 3,
            "eps": 1.7,
            "eps_growth_year": 60.38,
            "eps_4q": 5.19,
            "eps_4q_growth_year": 34.56,
            "roe": 9.56,
            "roe_4q": 32.129999999999995,
            "gross_profit": 203312,
            "gross_margin": 18.92,
            "gross_margin_4q_avg": 19.64,
            "net_income": 86326,
            "revenue": 1074344,
            "common_shares": 518811,
            "book_valuer_per_share": 18.53,
            "book_valuer_per_share_4q_avg": 18.91,
            "equity": 961572,
            "current_ratio": 142.92,
            "debt_ratio": 63.75,
            "inventory_turnover_ratio": 1.76,
            "account_receivable_turnover_ratio": null,
            "reinvestment_rate": null,
            "research_to_sale_ratio": null,
            "price_fair": 150.31,
            "eps_avg_yearly": 4.29,
            "eps_latest_yearly": 6.8,
            "eps_growth_yearly": 308.46
        },
        "20044": {
            "year_quarter": 20044,
            "year": 2004,
            "quarter": 4,
            "eps": 1.35,
            "eps_growth_year": -1.46,
            "eps_4q": 5.38,
            "eps_4q_growth_year": 20.5,
            "roe": 6.73,
            "roe_4q": 30.810000000000002,
            "gross_profit": 207280,
            "gross_margin": 18.16,
            "gross_margin_4q_avg": 19.46,
            "net_income": 69197,
            "revenue": 1141181,
            "common_shares": 538637,
            "book_valuer_per_share": 20.33,
            "book_valuer_per_share_4q_avg": 19.55,
            "equity": 1095083,
            "current_ratio": 152.55,
            "debt_ratio": 57.24,
            "inventory_turnover_ratio": 1.45,
            "account_receivable_turnover_ratio": null,
            "reinvestment_rate": 27.29,
            "research_to_sale_ratio": null,
            "price_fair": 153.53,
            "eps_avg_yearly": 4.39,
            "eps_latest_yearly": 5.4,
            "eps_growth_yearly": 275.89
        },
        "20051": {
            "year_quarter": 20051,
            "year": 2005,
            "quarter": 1,
            "eps": 1.23,
            "eps_growth_year": -22.15,
            "eps_4q": 5.09,
            "eps_4q_growth_year": 2.01,
            "roe": 5.85,
            "roe_4q": 28.35,
            "gross_profit": 133746,
            "gross_margin": 16.22,
            "gross_margin_4q_avg": 17.98,
            "net_income": 66519,
            "revenue": 824324,
            "common_shares": 540896,
            "book_valuer_per_share": 21.83,
            "book_valuer_per_share_4q_avg": 20.03,
            "equity": 1180949,
            "current_ratio": 168.92,
            "debt_ratio": 49.58,
            "inventory_turnover_ratio": 1.14,
            "account_receivable_turnover_ratio": null,
            "reinvestment_rate": 6.18,
            "research_to_sale_ratio": null,
            "price_fair": 154.97,
            "eps_avg_yearly": 4.43,
            "eps_latest_yearly": 4.92,
            "eps_growth_yearly": 251.93
        },
        "20052": {
            "year_quarter": 20052,
            "year": 2005,
            "quarter": 2,
            "eps": 0.65,
            "eps_growth_year": -47.15,
            "eps_4q": 4.64,
            "eps_4q_growth_year": -9.48,
            "roe": 2.74,
            "roe_4q": 24.880000000000003,
            "gross_profit": 89939,
            "gross_margin": 11.78,
            "gross_margin_4q_avg": 16.27,
            "net_income": 36144,
            "revenue": 763689,
            "common_shares": 601263,
            "book_valuer_per_share": 24.16,
            "book_valuer_per_share_4q_avg": 21.21,
            "equity": 1452770,
            "current_ratio": 200.66,
            "debt_ratio": 42.85,
            "inventory_turnover_ratio": 1.25,
            "account_receivable_turnover_ratio": null,
            "reinvestment_rate": 6,
            "research_to_sale_ratio": null,
            "price_fair": 150.4,
            "eps_avg_yearly": 4.3,
            "eps_latest_yearly": 2.6,
            "eps_growth_yearly": 220.47
        },
        "20053": {
            "year_quarter": 20053,
            "year": 2005,
            "quarter": 3,
            "eps": 1.08,
            "eps_growth_year": -36.47,
            "eps_4q": 3.61,
            "eps_4q_growth_year": -30.53,
            "roe": 4.91,
            "roe_4q": 20.23,
            "gross_profit": 97513,
            "gross_margin": 12.57,
            "gross_margin_4q_avg": 14.68,
            "net_income": 73470,
            "revenue": 775830,
            "common_shares": 707066,
            "book_valuer_per_share": 21.78,
            "book_valuer_per_share_4q_avg": 22.03,
            "equity": 1539773,
            "current_ratio": 200.89,
            "debt_ratio": 42.75,
            "inventory_turnover_ratio": 1.24,
            "account_receivable_turnover_ratio": null,
            "reinvestment_rate": 4.18,
            "research_to_sale_ratio": null,
            "price_fair": 150.45,
            "eps_avg_yearly": 4.3,
            "eps_latest_yearly": 4.32,
            "eps_growth_yearly": 223.41
        },
        "20054": {
            "year_quarter": 20054,
            "year": 2005,
            "quarter": 4,
            "eps": 0.56,
            "eps_growth_year": -58.52,
            "eps_4q": 3.11,
            "eps_4q_growth_year": -42.18,
            "roe": 2.44,
            "roe_4q": 15.94,
            "gross_profit": 126382,
            "gross_margin": 15.16,
            "gross_margin_4q_avg": 13.93,
            "net_income": 38660,
            "revenue": 833926,
            "common_shares": 707066,
            "book_valuer_per_share": 22.3,
            "book_valuer_per_share_4q_avg": 22.52,
            "equity": 1627300,
            "current_ratio": 185.43,
            "debt_ratio": 46.68,
            "inventory_turnover_ratio": 1.13,
            "account_receivable_turnover_ratio": null,
            "reinvestment_rate": 44.08,
            "research_to_sale_ratio": null,
            "price_fair": 145.95,
            "eps_avg_yearly": 4.17,
            "eps_latest_yearly": 2.24,
            "eps_growth_yearly": 197.41
        },
        "20061": {
            "year_quarter": 20061,
            "year": 2006,
            "quarter": 1,
            "eps": 0.44,
            "eps_growth_year": -64.23,
            "eps_4q": 2.52,
            "eps_4q_growth_year": -50.43,
            "roe": 1.94,
            "roe_4q": 12.03,
            "gross_profit": 51206,
            "gross_margin": 7.3,
            "gross_margin_4q_avg": 11.7,
            "net_income": 31342,
            "revenue": 701747,
            "common_shares": 707066,
            "book_valuer_per_share": 22.66,
            "book_valuer_per_share_4q_avg": 22.73,
            "equity": 1602462,
            "current_ratio": 202.46,
            "debt_ratio": 42.14,
            "inventory_turnover_ratio": 1.14,
            "account_receivable_turnover_ratio": null,
            "reinvestment_rate": 4.16,
            "research_to_sale_ratio": null,
            "price_fair": 137.29,
            "eps_avg_yearly": 3.92,
            "eps_latest_yearly": 1.76,
            "eps_growth_yearly": 169.39
        },
        "20062": {
            "year_quarter": 20062,
            "year": 2006,
            "quarter": 2,
            "eps": 0.38,
            "eps_growth_year": -41.54,
            "eps_4q": 2.22,
            "eps_4q_growth_year": -52.16,
            "roe": 1.87,
            "roe_4q": 11.16,
            "gross_profit": 43743,
            "gross_margin": 6.92,
            "gross_margin_4q_avg": 10.49,
            "net_income": 29607,
            "revenue": 632351,
            "common_shares": 707066,
            "book_valuer_per_share": 22.02,
            "book_valuer_per_share_4q_avg": 22.19,
            "equity": 1557098,
            "current_ratio": 184.43,
            "debt_ratio": 44.01,
            "inventory_turnover_ratio": 1.14,
            "account_receivable_turnover_ratio": null,
            "reinvestment_rate": 3.52,
            "research_to_sale_ratio": null,
            "price_fair": 140.26,
            "eps_avg_yearly": 4.01,
            "eps_latest_yearly": 1.52,
            "eps_growth_yearly": 190.28
        },
        "20063": {
            "year_quarter": 20063,
            "year": 2006,
            "quarter": 3,
            "eps": 0.04,
            "eps_growth_year": -96.3,
            "eps_4q": 1.22,
            "eps_4q_growth_year": -66.25,
            "roe": 0.22,
            "roe_4q": 6.470000000000001,
            "gross_profit": 33742,
            "gross_margin": 4.86,
            "gross_margin_4q_avg": 8.56,
            "net_income": 3385,
            "revenue": 694478,
            "common_shares": 784940,
            "book_valuer_per_share": 20.25,
            "book_valuer_per_share_4q_avg": 21.81,
            "equity": 1589687,
            "current_ratio": 187.63,
            "debt_ratio": 40.12,
            "inventory_turnover_ratio": 1.36,
            "account_receivable_turnover_ratio": null,
            "reinvestment_rate": 3.14,
            "research_to_sale_ratio": null,
            "price_fair": 138.43,
            "eps_avg_yearly": 3.96,
            "eps_latest_yearly": 0.16,
            "eps_growth_yearly": 36.66
        },
        "20064": {
            "year_quarter": 20064,
            "year": 2006,
            "quarter": 4,
            "eps": 0.77,
            "eps_growth_year": 37.5,
            "eps_4q": 1.58,
            "eps_4q_growth_year": -49.07,
            "roe": 3.73,
            "roe_4q": 7.76,
            "gross_profit": 82980,
            "gross_margin": 11.94,
            "gross_margin_4q_avg": 7.76,
            "net_income": 60808,
            "revenue": 695212,
            "common_shares": 784940,
            "book_valuer_per_share": 20.79,
            "book_valuer_per_share_4q_avg": 21.43,
            "equity": 1666812,
            "current_ratio": 177.63,
            "debt_ratio": 48.39,
            "inventory_turnover_ratio": 0.91,
            "account_receivable_turnover_ratio": null,
            "reinvestment_rate": 43.67,
            "research_to_sale_ratio": null,
            "price_fair": 137.64,
            "eps_avg_yearly": 3.93,
            "eps_latest_yearly": 3.08,
            "eps_growth_yearly": 431.91
        },
        "20071": {
            "year_quarter": 20071,
            "year": 2007,
            "quarter": 1,
            "eps": 0.67,
            "eps_growth_year": 52.27,
            "eps_4q": 1.87,
            "eps_4q_growth_year": -25.77,
            "roe": 3.11,
            "roe_4q": 8.93,
            "gross_profit": 160717,
            "gross_margin": 19.62,
            "gross_margin_4q_avg": 10.84,
            "net_income": 52294,
            "revenue": 819301,
            "common_shares": 784940,
            "book_valuer_per_share": 21.61,
            "book_valuer_per_share_4q_avg": 21.17,
            "equity": 1696339,
            "current_ratio": 206.76,
            "debt_ratio": 38.37,
            "inventory_turnover_ratio": 0.88,
            "account_receivable_turnover_ratio": null,
            "reinvestment_rate": 1.06,
            "research_to_sale_ratio": null,
            "price_fair": 133.88,
            "eps_avg_yearly": 3.83,
            "eps_latest_yearly": 2.68,
            "eps_growth_yearly": 421.68
        },
        "20072": {
            "year_quarter": 20072,
            "year": 2007,
            "quarter": 2,
            "eps": 0.65,
            "eps_growth_year": 71.05,
            "eps_4q": 2.14,
            "eps_4q_growth_year": -3.48,
            "roe": 3.03,
            "roe_4q": 10.09,
            "gross_profit": 186731,
            "gross_margin": 15.9,
            "gross_margin_4q_avg": 13.08,
            "net_income": 50673,
            "revenue": 1174059,
            "common_shares": 784940,
            "book_valuer_per_share": 20.99,
            "book_valuer_per_share_4q_avg": 20.91,
            "equity": 1647960,
            "current_ratio": 176.27,
            "debt_ratio": 47.58,
            "inventory_turnover_ratio": 1.87,
            "account_receivable_turnover_ratio": null,
            "reinvestment_rate": -9.71,
            "research_to_sale_ratio": null,
            "price_fair": 129.15,
            "eps_avg_yearly": 3.69,
            "eps_latest_yearly": 2.6,
            "eps_growth_yearly": 418.89
        },
        "20073": {
            "year_quarter": 20073,
            "year": 2007,
            "quarter": 3,
            "eps": 1.09,
            "eps_growth_year": 2625,
            "eps_4q": 3.18,
            "eps_4q_growth_year": 161.55,
            "roe": 4.97,
            "roe_4q": 14.84,
            "gross_profit": 111631,
            "gross_margin": 10.55,
            "gross_margin_4q_avg": 14.5,
            "net_income": 85284,
            "revenue": 1058237,
            "common_shares": 784940,
            "book_valuer_per_share": 22.76,
            "book_valuer_per_share_4q_avg": 21.54,
            "equity": 1786678,
            "current_ratio": 195.14,
            "debt_ratio": 41.88,
            "inventory_turnover_ratio": 1.82,
            "account_receivable_turnover_ratio": null,
            "reinvestment_rate": -10.79,
            "research_to_sale_ratio": null,
            "price_fair": 129.41,
            "eps_avg_yearly": 3.7,
            "eps_latest_yearly": 4.36,
            "eps_growth_yearly": 438.55
        },
        "20074": {
            "year_quarter": 20074,
            "year": 2007,
            "quarter": 4,
            "eps": 1.04,
            "eps_growth_year": 35.06,
            "eps_4q": 3.43,
            "eps_4q_growth_year": 116.41,
            "roe": 4.54,
            "roe_4q": 15.649999999999999,
            "gross_profit": 76152,
            "gross_margin": 7.96,
            "gross_margin_4q_avg": 13.51,
            "net_income": 81941,
            "revenue": 957262,
            "common_shares": 784940,
            "book_valuer_per_share": 23.28,
            "book_valuer_per_share_4q_avg": 22.16,
            "equity": 1827020,
            "current_ratio": 172.59,
            "debt_ratio": 49.46,
            "inventory_turnover_ratio": 1.47,
            "account_receivable_turnover_ratio": null,
            "reinvestment_rate": 38.65,
            "research_to_sale_ratio": null,
            "price_fair": 126.53,
            "eps_avg_yearly": 3.62,
            "eps_latest_yearly": 4.16,
            "eps_growth_yearly": 430.09
        },
        "20081": {
            "year_quarter": 20081,
            "year": 2008,
            "quarter": 1,
            "eps": -0.15,
            "eps_growth_year": -122.39,
            "eps_4q": 2.64,
            "eps_4q_growth_year": 40.83,
            "roe": -0.65,
            "roe_4q": 11.889999999999999,
            "gross_profit": 143998,
            "gross_margin": 14.49,
            "gross_margin_4q_avg": 12.23,
            "net_income": -11732,
            "revenue": 993754,
            "common_shares": 784940,
            "book_valuer_per_share": 22.87,
            "book_valuer_per_share_4q_avg": 22.48,
            "equity": 1794887,
            "current_ratio": 167.67,
            "debt_ratio": 51.36,
            "inventory_turnover_ratio": 1.29,
            "account_receivable_turnover_ratio": null,
            "reinvestment_rate": 43.61,
            "research_to_sale_ratio": null,
            "price_fair": 120.21,
            "eps_avg_yearly": 3.43,
            "eps_latest_yearly": 4.16,
            "eps_growth_yearly": 454.67
        },
        "20082": {
            "year_quarter": 20082,
            "year": 2008,
            "quarter": 2,
            "eps": 0.47,
            "eps_growth_year": -27.69,
            "eps_4q": 2.46,
            "eps_4q_growth_year": 14.74,
            "roe": 2.08,
            "roe_4q": 10.940000000000001,
            "gross_profit": 122069,
            "gross_margin": 10.66,
            "gross_margin_4q_avg": 10.92,
            "net_income": 36721,
            "revenue": 1145176,
            "common_shares": 784940,
            "book_valuer_per_share": 22.05,
            "book_valuer_per_share_4q_avg": 22.74,
            "equity": 1730866,
            "current_ratio": 157.85,
            "debt_ratio": 54.43,
            "inventory_turnover_ratio": 1.66,
            "account_receivable_turnover_ratio": null,
            "reinvestment_rate": 46.27,
            "research_to_sale_ratio": null,
            "price_fair": 116.5,
            "eps_avg_yearly": 3.33,
            "eps_latest_yearly": 4.16,
            "eps_growth_yearly": 493.48
        },
        "20083": {
            "year_quarter": 20083,
            "year": 2008,
            "quarter": 3,
            "eps": 1.15,
            "eps_growth_year": 5.5,
            "eps_4q": 2.39,
            "eps_4q_growth_year": -24.93,
            "roe": 5.51,
            "roe_4q": 11.48,
            "gross_profit": 240204,
            "gross_margin": 19.88,
            "gross_margin_4q_avg": 13.25,
            "net_income": 99190,
            "revenue": 1208424,
            "common_shares": 863434,
            "book_valuer_per_share": 21.64,
            "book_valuer_per_share_4q_avg": 22.46,
            "equity": 1868325,
            "current_ratio": 163.2,
            "debt_ratio": 52.47,
            "inventory_turnover_ratio": 1.63,
            "account_receivable_turnover_ratio": null,
            "reinvestment_rate": 48.56,
            "research_to_sale_ratio": null,
            "price_fair": 111,
            "eps_avg_yearly": 3.17,
            "eps_latest_yearly": 4.6,
            "eps_growth_yearly": 523.9
        },
        "20084": {
            "year_quarter": 20084,
            "year": 2008,
            "quarter": 4,
            "eps": 1.34,
            "eps_growth_year": 28.85,
            "eps_4q": 2.78,
            "eps_4q_growth_year": -18.86,
            "roe": 5.97,
            "roe_4q": 12.91,
            "gross_profit": 110281,
            "gross_margin": 11.57,
            "gross_margin_4q_avg": 14.15,
            "net_income": 115363,
            "revenue": 952831,
            "common_shares": 863434,
            "book_valuer_per_share": 23.16,
            "book_valuer_per_share_4q_avg": 22.43,
            "equity": 1999638,
            "current_ratio": 186.51,
            "debt_ratio": 41.51,
            "inventory_turnover_ratio": 1.72,
            "account_receivable_turnover_ratio": 1.72,
            "reinvestment_rate": 31.48,
            "research_to_sale_ratio": null,
            "price_fair": 110.9,
            "eps_avg_yearly": 3.17,
            "eps_latest_yearly": 5.36,
            "eps_growth_yearly": 534.5
        },
        "20091": {
            "year_quarter": 20091,
            "year": 2009,
            "quarter": 1,
            "eps": 0.95,
            "eps_growth_year": null,
            "eps_4q": 3.86,
            "eps_4q_growth_year": 46.32,
            "roe": 4.02,
            "roe_4q": 17.58,
            "gross_profit": 163453,
            "gross_margin": 25.68,
            "gross_margin_4q_avg": 16.95,
            "net_income": 82118,
            "revenue": 636521,
            "common_shares": 863434,
            "book_valuer_per_share": 24.2,
            "book_valuer_per_share_4q_avg": 22.76,
            "equity": 2089124,
            "current_ratio": 223.15,
            "debt_ratio": 33.99,
            "inventory_turnover_ratio": 1.33,
            "account_receivable_turnover_ratio": 0.71,
            "reinvestment_rate": 48.25,
            "research_to_sale_ratio": null,
            "price_fair": 108.1,
            "eps_avg_yearly": 3.09,
            "eps_latest_yearly": 3.8,
            "eps_growth_yearly": 528.73
        },
        "20092": {
            "year_quarter": 20092,
            "year": 2009,
            "quarter": 2,
            "eps": 0.48,
            "eps_growth_year": 2.13,
            "eps_4q": 3.91,
            "eps_4q_growth_year": 58.97,
            "roe": 2.07,
            "roe_4q": 17.57,
            "gross_profit": 159388,
            "gross_margin": 19.81,
            "gross_margin_4q_avg": 19.24,
            "net_income": 41506,
            "revenue": 804469,
            "common_shares": 863434,
            "book_valuer_per_share": 22.29,
            "book_valuer_per_share_4q_avg": 22.82,
            "equity": 1924479,
            "current_ratio": 179.84,
            "debt_ratio": 41.71,
            "inventory_turnover_ratio": 1.72,
            "account_receivable_turnover_ratio": 1.02,
            "reinvestment_rate": 54.2,
            "research_to_sale_ratio": null,
            "price_fair": 106.4,
            "eps_avg_yearly": 3.04,
            "eps_latest_yearly": 1.92,
            "eps_growth_yearly": 528.06
        },
        "20093": {
            "year_quarter": 20093,
            "year": 2009,
            "quarter": 3,
            "eps": 0.95,
            "eps_growth_year": -17.39,
            "eps_4q": 3.72,
            "eps_4q_growth_year": 55.87,
            "roe": 4.18,
            "roe_4q": 16.24,
            "gross_profit": 226229,
            "gross_margin": 20.31,
            "gross_margin_4q_avg": 19.34,
            "net_income": 81820,
            "revenue": 1113807,
            "common_shares": 863434,
            "book_valuer_per_share": 23.04,
            "book_valuer_per_share_4q_avg": 23.17,
            "equity": 1989357,
            "current_ratio": 186,
            "debt_ratio": 41.1,
            "inventory_turnover_ratio": 2.24,
            "account_receivable_turnover_ratio": 1.06,
            "reinvestment_rate": 55.2,
            "research_to_sale_ratio": null,
            "price_fair": 105.1,
            "eps_avg_yearly": 3,
            "eps_latest_yearly": 3.8,
            "eps_growth_yearly": 537.14
        },
        "20094": {
            "year_quarter": 20094,
            "year": 2009,
            "quarter": 4,
            "eps": 0.84,
            "eps_growth_year": -37.31,
            "eps_4q": 3.22,
            "eps_4q_growth_year": 15.73,
            "roe": 3.59,
            "roe_4q": 13.86,
            "gross_profit": 243478,
            "gross_margin": 21.22,
            "gross_margin_4q_avg": 21.76,
            "net_income": 72594,
            "revenue": 1147618,
            "common_shares": 863434,
            "book_valuer_per_share": 23.82,
            "book_valuer_per_share_4q_avg": 23.34,
            "equity": 2057009,
            "current_ratio": 177.28,
            "debt_ratio": 44.17,
            "inventory_turnover_ratio": 2.19,
            "account_receivable_turnover_ratio": 1.75,
            "reinvestment_rate": 113.05,
            "research_to_sale_ratio": null,
            "price_fair": 107.9,
            "eps_avg_yearly": 3.08,
            "eps_latest_yearly": 3.36,
            "eps_growth_yearly": 547.59
        },
        "20101": {
            "year_quarter": 20101,
            "year": 2010,
            "quarter": 1,
            "eps": 0.96,
            "eps_growth_year": 1.05,
            "eps_4q": 3.23,
            "eps_4q_growth_year": -16.22,
            "roe": 3.96,
            "roe_4q": 13.8,
            "gross_profit": 209217,
            "gross_margin": 19.9,
            "gross_margin_4q_avg": 20.31,
            "net_income": 83096,
            "revenue": 1051376,
            "common_shares": 863434,
            "book_valuer_per_share": 24.72,
            "book_valuer_per_share_4q_avg": 23.47,
            "equity": 2134602,
            "current_ratio": 170.9,
            "debt_ratio": 46.5,
            "inventory_turnover_ratio": 1.77,
            "account_receivable_turnover_ratio": 0.84,
            "reinvestment_rate": 154.86,
            "research_to_sale_ratio": 4.42,
            "price_fair": 113.1,
            "eps_avg_yearly": 3.23,
            "eps_latest_yearly": 3.84,
            "eps_growth_yearly": 557.79
        },
        "20102": {
            "year_quarter": 20102,
            "year": 2010,
            "quarter": 2,
            "eps": 1.74,
            "eps_growth_year": 261.75,
            "eps_4q": 4.49,
            "eps_4q_growth_year": 14.74,
            "roe": 7.1,
            "roe_4q": 18.83,
            "gross_profit": 300425,
            "gross_margin": 21.34,
            "gross_margin_4q_avg": 20.69,
            "net_income": 149926,
            "revenue": 1407779,
            "common_shares": 863434,
            "book_valuer_per_share": 24.18,
            "book_valuer_per_share_4q_avg": 23.94,
            "equity": 2087385,
            "current_ratio": 148.57,
            "debt_ratio": 54.56,
            "inventory_turnover_ratio": 2.11,
            "account_receivable_turnover_ratio": 1.04,
            "reinvestment_rate": 143.79,
            "research_to_sale_ratio": 3.23,
            "price_fair": 126.7,
            "eps_avg_yearly": 3.62,
            "eps_latest_yearly": 6.96,
            "eps_growth_yearly": 584.9
        },
        "20103": {
            "year_quarter": 20103,
            "year": 2010,
            "quarter": 3,
            "eps": 0.7,
            "eps_growth_year": -26.09,
            "eps_4q": 4.24,
            "eps_4q_growth_year": 13.88,
            "roe": 2.87,
            "roe_4q": 17.52,
            "gross_profit": 253623,
            "gross_margin": 20.95,
            "gross_margin_4q_avg": 20.85,
            "net_income": 60627,
            "revenue": 1210484,
            "common_shares": 863434,
            "book_valuer_per_share": 24.7,
            "book_valuer_per_share_4q_avg": 24.36,
            "equity": 2132617,
            "current_ratio": 157.77,
            "debt_ratio": 50.76,
            "inventory_turnover_ratio": 1.71,
            "account_receivable_turnover_ratio": 0.85,
            "reinvestment_rate": 132.84,
            "research_to_sale_ratio": 4.32,
            "price_fair": 133.3,
            "eps_avg_yearly": 3.81,
            "eps_latest_yearly": 2.8,
            "eps_growth_yearly": 593.39
        },
        "20104": {
            "year_quarter": 20104,
            "year": 2010,
            "quarter": 4,
            "eps": 0.75,
            "eps_growth_year": -10.75,
            "eps_4q": 4.15,
            "eps_4q_growth_year": 28.9,
            "roe": 3.03,
            "roe_4q": 16.96,
            "gross_profit": 243843,
            "gross_margin": 19.91,
            "gross_margin_4q_avg": 20.53,
            "net_income": 64732,
            "revenue": 1224847,
            "common_shares": 863434,
            "book_valuer_per_share": 24.87,
            "book_valuer_per_share_4q_avg": 24.62,
            "equity": 2147080,
            "current_ratio": 165.95,
            "debt_ratio": 48.79,
            "inventory_turnover_ratio": 1.68,
            "account_receivable_turnover_ratio": 0.96,
            "reinvestment_rate": 97.99,
            "research_to_sale_ratio": 5.01,
            "price_fair": 133.1,
            "eps_avg_yearly": 3.8,
            "eps_latest_yearly": 3,
            "eps_growth_yearly": 74
        },
        "20111": {
            "year_quarter": 20111,
            "year": 2011,
            "quarter": 1,
            "eps": 0.6,
            "eps_growth_year": -37.5,
            "eps_4q": 3.79,
            "eps_4q_growth_year": 17.17,
            "roe": 2.36,
            "roe_4q": 15.36,
            "gross_profit": 175957,
            "gross_margin": 15.87,
            "gross_margin_4q_avg": 19.52,
            "net_income": 51636,
            "revenue": 1108558,
            "common_shares": 863434,
            "book_valuer_per_share": 25.75,
            "book_valuer_per_share_4q_avg": 24.88,
            "equity": 2223593,
            "current_ratio": 166.34,
            "debt_ratio": 49.16,
            "inventory_turnover_ratio": 1.61,
            "account_receivable_turnover_ratio": 0.88,
            "reinvestment_rate": 129.8,
            "research_to_sale_ratio": 4.38,
            "price_fair": 132.4,
            "eps_avg_yearly": 3.78,
            "eps_latest_yearly": 2.4,
            "eps_growth_yearly": 72
        },
        "20112": {
            "year_quarter": 20112,
            "year": 2011,
            "quarter": 2,
            "eps": 0.21,
            "eps_growth_year": -88.18,
            "eps_4q": 2.26,
            "eps_4q_growth_year": -49.74,
            "roe": 0.84,
            "roe_4q": 9.1,
            "gross_profit": 178923,
            "gross_margin": 13.96,
            "gross_margin_4q_avg": 17.67,
            "net_income": 17726,
            "revenue": 1282023,
            "common_shares": 863434,
            "book_valuer_per_share": 23.24,
            "book_valuer_per_share_4q_avg": 24.64,
            "equity": 2006504,
            "current_ratio": 152.62,
            "debt_ratio": 53.77,
            "inventory_turnover_ratio": 1.94,
            "account_receivable_turnover_ratio": 0.94,
            "reinvestment_rate": 149.7,
            "research_to_sale_ratio": 3.54,
            "price_fair": 128,
            "eps_avg_yearly": 3.66,
            "eps_latest_yearly": 0.84,
            "eps_growth_yearly": 54.28
        },
        "20113": {
            "year_quarter": 20113,
            "year": 2011,
            "quarter": 3,
            "eps": 1.18,
            "eps_growth_year": 67.97,
            "eps_4q": 2.73,
            "eps_4q_growth_year": -35.58,
            "roe": 4.84,
            "roe_4q": 11.069999999999999,
            "gross_profit": 229470,
            "gross_margin": 18.92,
            "gross_margin_4q_avg": 17.17,
            "net_income": 101835,
            "revenue": 1212910,
            "common_shares": 863434,
            "book_valuer_per_share": 25.49,
            "book_valuer_per_share_4q_avg": 24.84,
            "equity": 2201283,
            "current_ratio": 166.56,
            "debt_ratio": 48.12,
            "inventory_turnover_ratio": 1.91,
            "account_receivable_turnover_ratio": 0.82,
            "reinvestment_rate": 163.98,
            "research_to_sale_ratio": 3.38,
            "price_fair": 128.9,
            "eps_avg_yearly": 3.68,
            "eps_latest_yearly": 4.72,
            "eps_growth_yearly": 166.91
        },
        "20114": {
            "year_quarter": 20114,
            "year": 2011,
            "quarter": 4,
            "eps": 0.88,
            "eps_growth_year": 16.79,
            "eps_4q": 2.86,
            "eps_4q_growth_year": -31.14,
            "roe": 3.39,
            "roe_4q": 11.43,
            "gross_profit": 197023,
            "gross_margin": 16.58,
            "gross_margin_4q_avg": 16.33,
            "net_income": 75602,
            "revenue": 1188031,
            "common_shares": 863434,
            "book_valuer_per_share": 26.13,
            "book_valuer_per_share_4q_avg": 25.15,
            "equity": 2256444,
            "current_ratio": 177.79,
            "debt_ratio": 45.07,
            "inventory_turnover_ratio": 2.03,
            "account_receivable_turnover_ratio": 0.81,
            "reinvestment_rate": 127.08,
            "research_to_sale_ratio": 4.64,
            "price_fair": 127.3,
            "eps_avg_yearly": 3.64,
            "eps_latest_yearly": 3.52,
            "eps_growth_yearly": 160.96
        },
        "20121": {
            "year_quarter": 20121,
            "year": 2012,
            "quarter": 1,
            "eps": 0.26,
            "eps_growth_year": -56.67,
            "eps_4q": 2.52,
            "eps_4q_growth_year": -33.33,
            "roe": 1.01,
            "roe_4q": 10.08,
            "gross_profit": 145510,
            "gross_margin": 14.71,
            "gross_margin_4q_avg": 16.04,
            "net_income": 22794,
            "revenue": 988962,
            "common_shares": 863434,
            "book_valuer_per_share": 26.09,
            "book_valuer_per_share_4q_avg": 25.24,
            "equity": 2252461,
            "current_ratio": 179.18,
            "debt_ratio": 44.8,
            "inventory_turnover_ratio": 1.64,
            "account_receivable_turnover_ratio": 0.75,
            "reinvestment_rate": 120.42,
            "research_to_sale_ratio": 4.1,
            "price_fair": 121.24,
            "eps_avg_yearly": 3.46,
            "eps_latest_yearly": 1.04,
            "eps_growth_yearly": 131.44
        },
        "20122": {
            "year_quarter": 20122,
            "year": 2012,
            "quarter": 2,
            "eps": 1.57,
            "eps_growth_year": 662.71,
            "eps_4q": 3.88,
            "eps_4q_growth_year": 72.26,
            "roe": 5.99,
            "roe_4q": 15.23,
            "gross_profit": 295863,
            "gross_margin": 21.56,
            "gross_margin_4q_avg": 17.94,
            "net_income": 135198,
            "revenue": 1372138,
            "common_shares": 863434,
            "book_valuer_per_share": 26.2,
            "book_valuer_per_share_4q_avg": 25.98,
            "equity": 2262196,
            "current_ratio": 172.82,
            "debt_ratio": 47.37,
            "inventory_turnover_ratio": 1.88,
            "account_receivable_turnover_ratio": 1,
            "reinvestment_rate": 129.55,
            "research_to_sale_ratio": 4.73,
            "price_fair": 127.4,
            "eps_avg_yearly": 3.64,
            "eps_latest_yearly": 6.28,
            "eps_growth_yearly": 249.19
        },
        "20123": {
            "year_quarter": 20123,
            "year": 2012,
            "quarter": 3,
            "eps": 1.52,
            "eps_growth_year": 28.84,
            "eps_4q": 4.22,
            "eps_4q_growth_year": 54.62,
            "roe": 5.65,
            "roe_4q": 16.04,
            "gross_profit": 297993,
            "gross_margin": 20.88,
            "gross_margin_4q_avg": 18.43,
            "net_income": 131205,
            "revenue": 1426858,
            "common_shares": 863434,
            "book_valuer_per_share": 27.58,
            "book_valuer_per_share_4q_avg": 26.5,
            "equity": 2381401,
            "current_ratio": 186.72,
            "debt_ratio": 44.39,
            "inventory_turnover_ratio": 1.81,
            "account_receivable_turnover_ratio": 0.92,
            "reinvestment_rate": 131.86,
            "research_to_sale_ratio": 3.2,
            "price_fair": 130.64,
            "eps_avg_yearly": 3.73,
            "eps_latest_yearly": 6.08,
            "eps_growth_yearly": 212.22
        },
        "20124": {
            "year_quarter": 20124,
            "year": 2012,
            "quarter": 4,
            "eps": 1.44,
            "eps_growth_year": 64.45,
            "eps_4q": 4.79,
            "eps_4q_growth_year": 67.56,
            "roe": 5.09,
            "roe_4q": 17.740000000000002,
            "gross_profit": 313015,
            "gross_margin": 20.09,
            "gross_margin_4q_avg": 19.31,
            "net_income": 124327,
            "revenue": 1558028,
            "common_shares": 863434,
            "book_valuer_per_share": 29.02,
            "book_valuer_per_share_4q_avg": 27.22,
            "equity": 2505405,
            "current_ratio": 178.56,
            "debt_ratio": 46.52,
            "inventory_turnover_ratio": 1.92,
            "account_receivable_turnover_ratio": 0.96,
            "reinvestment_rate": 135.59,
            "research_to_sale_ratio": 3.94,
            "price_fair": 131.51,
            "eps_avg_yearly": 3.76,
            "eps_latest_yearly": 5.76,
            "eps_growth_yearly": 206.77
        },
        "20131": {
            "year_quarter": 20131,
            "year": 2013,
            "quarter": 1,
            "eps": 1.68,
            "eps_growth_year": 546.15,
            "eps_4q": 6.21,
            "eps_4q_growth_year": 145.82,
            "roe": 5.59,
            "roe_4q": 22.32,
            "gross_profit": 289543,
            "gross_margin": 20.2,
            "gross_margin_4q_avg": 20.68,
            "net_income": 145044,
            "revenue": 1433450,
            "common_shares": 863434,
            "book_valuer_per_share": 31.06,
            "book_valuer_per_share_4q_avg": 28.47,
            "equity": 2682081,
            "current_ratio": 173.36,
            "debt_ratio": 48.16,
            "inventory_turnover_ratio": 1.8,
            "account_receivable_turnover_ratio": 0.89,
            "reinvestment_rate": 12.62,
            "research_to_sale_ratio": 3.18,
            "price_fair": 137.9,
            "eps_avg_yearly": 3.94,
            "eps_latest_yearly": 6.72,
            "eps_growth_yearly": 218.22
        },
        "20132": {
            "year_quarter": 20132,
            "year": 2013,
            "quarter": 2,
            "eps": 1.48,
            "eps_growth_year": -5.48,
            "eps_4q": 6.12,
            "eps_4q_growth_year": 57.42,
            "roe": 4.86,
            "roe_4q": 21.189999999999998,
            "gross_profit": 272853,
            "gross_margin": 17.47,
            "gross_margin_4q_avg": 19.66,
            "net_income": 127452,
            "revenue": 1561770,
            "common_shares": 863434,
            "book_valuer_per_share": 29.73,
            "book_valuer_per_share_4q_avg": 29.35,
            "equity": 2566823,
            "current_ratio": 164.31,
            "debt_ratio": 51.12,
            "inventory_turnover_ratio": 2.05,
            "account_receivable_turnover_ratio": 1.02,
            "reinvestment_rate": 9.83,
            "research_to_sale_ratio": 3.09,
            "price_fair": 146.65,
            "eps_avg_yearly": 4.19,
            "eps_latest_yearly": 5.92,
            "eps_growth_yearly": 227.61
        },
        "20133": {
            "year_quarter": 20133,
            "year": 2013,
            "quarter": 3,
            "eps": 1.53,
            "eps_growth_year": 0.69,
            "eps_4q": 6.13,
            "eps_4q_growth_year": 44.98,
            "roe": 5.03,
            "roe_4q": 20.57,
            "gross_profit": 340565,
            "gross_margin": 22.3,
            "gross_margin_4q_avg": 20.02,
            "net_income": 132077,
            "revenue": 1527142,
            "common_shares": 863434,
            "book_valuer_per_share": 31.05,
            "book_valuer_per_share_4q_avg": 30.22,
            "equity": 2680532,
            "current_ratio": 173.85,
            "debt_ratio": 48.47,
            "inventory_turnover_ratio": 1.83,
            "account_receivable_turnover_ratio": 0.99,
            "reinvestment_rate": 10.03,
            "research_to_sale_ratio": 3.71,
            "price_fair": 151.73,
            "eps_avg_yearly": 4.34,
            "eps_latest_yearly": 6.12,
            "eps_growth_yearly": 203.97
        },
        "20134": {
            "year_quarter": 20134,
            "year": 2013,
            "quarter": 4,
            "eps": 1.52,
            "eps_growth_year": 5.41,
            "eps_4q": 6.2,
            "eps_4q_growth_year": 29.53,
            "roe": 4.75,
            "roe_4q": 20.23,
            "gross_profit": 313076,
            "gross_margin": 20.89,
            "gross_margin_4q_avg": 20.22,
            "net_income": 131059,
            "revenue": 1499021,
            "common_shares": 863434,
            "book_valuer_per_share": 32.92,
            "book_valuer_per_share_4q_avg": 31.19,
            "equity": 2842068,
            "current_ratio": 177.22,
            "debt_ratio": 48.43,
            "inventory_turnover_ratio": 1.72,
            "account_receivable_turnover_ratio": 0.91,
            "reinvestment_rate": -44.94,
            "research_to_sale_ratio": 4.11,
            "price_fair": 157.68,
            "eps_avg_yearly": 4.51,
            "eps_latest_yearly": 6.08,
            "eps_growth_yearly": 206.7
        },
        "20141": {
            "year_quarter": 20141,
            "year": 2014,
            "quarter": 1,
            "eps": 1.24,
            "eps_growth_year": -26.19,
            "eps_4q": 5.76,
            "eps_4q_growth_year": -7.13,
            "roe": 3.7,
            "roe_4q": 18.34,
            "gross_profit": 287734,
            "gross_margin": 22.67,
            "gross_margin_4q_avg": 20.83,
            "net_income": 106979,
            "revenue": 1269189,
            "common_shares": 863434,
            "book_valuer_per_share": 34.09,
            "book_valuer_per_share_4q_avg": 31.95,
            "equity": 2943365,
            "current_ratio": 185.35,
            "debt_ratio": 45.04,
            "inventory_turnover_ratio": 1.38,
            "account_receivable_turnover_ratio": 0.78,
            "reinvestment_rate": -45.72,
            "research_to_sale_ratio": 5.49,
            "price_fair": 160.13,
            "eps_avg_yearly": 4.58,
            "eps_latest_yearly": 4.96,
            "eps_growth_yearly": 198.53
        },
        "20142": {
            "year_quarter": 20142,
            "year": 2014,
            "quarter": 2,
            "eps": 1.99,
            "eps_growth_year": 34.46,
            "eps_4q": 6.27,
            "eps_4q_growth_year": 2.56,
            "roe": 5.96,
            "roe_4q": 19.44,
            "gross_profit": 412201,
            "gross_margin": 25.57,
            "gross_margin_4q_avg": 22.86,
            "net_income": 171415,
            "revenue": 1611991,
            "common_shares": 863434,
            "book_valuer_per_share": 32.49,
            "book_valuer_per_share_4q_avg": 32.64,
            "equity": 2805590,
            "current_ratio": 170.42,
            "debt_ratio": 49.01,
            "inventory_turnover_ratio": 1.72,
            "account_receivable_turnover_ratio": 0.98,
            "reinvestment_rate": -48.97,
            "research_to_sale_ratio": 4.1,
            "price_fair": 162.31,
            "eps_avg_yearly": 4.64,
            "eps_latest_yearly": 7.96,
            "eps_growth_yearly": 193.34
        },
        "20143": {
            "year_quarter": 20143,
            "year": 2014,
            "quarter": 3,
            "eps": 1.88,
            "eps_growth_year": 22.88,
            "eps_4q": 6.62,
            "eps_4q_growth_year": 8.06,
            "roe": 5.57,
            "roe_4q": 19.98,
            "gross_profit": 354960,
            "gross_margin": 23.11,
            "gross_margin_4q_avg": 23.06,
            "net_income": 162079,
            "revenue": 1536285,
            "common_shares": 863434,
            "book_valuer_per_share": 34.91,
            "book_valuer_per_share_4q_avg": 33.6,
            "equity": 3013882,
            "current_ratio": 188.19,
            "debt_ratio": 44.8,
            "inventory_turnover_ratio": 1.65,
            "account_receivable_turnover_ratio": 0.87,
            "reinvestment_rate": -42.15,
            "research_to_sale_ratio": 3.47,
            "price_fair": 172.64,
            "eps_avg_yearly": 4.93,
            "eps_latest_yearly": 7.52,
            "eps_growth_yearly": 206.9
        },
        "20144": {
            "year_quarter": 20144,
            "year": 2014,
            "quarter": 4,
            "eps": 1.5,
            "eps_growth_year": -1.02,
            "eps_4q": 6.6,
            "eps_4q_growth_year": 6.45,
            "roe": 4.17,
            "roe_4q": 19.4,
            "gross_profit": 373229,
            "gross_margin": 24.51,
            "gross_margin_4q_avg": 23.97,
            "net_income": 129720,
            "revenue": 1522608,
            "common_shares": 863434,
            "book_valuer_per_share": 37.09,
            "book_valuer_per_share_4q_avg": 34.65,
            "equity": 3202795,
            "current_ratio": 205.72,
            "debt_ratio": 42.14,
            "inventory_turnover_ratio": 1.52,
            "account_receivable_turnover_ratio": 0.84,
            "reinvestment_rate": -39,
            "research_to_sale_ratio": 4.12,
            "price_fair": 179.2,
            "eps_avg_yearly": 5.12,
            "eps_latest_yearly": 6,
            "eps_growth_yearly": 200.06
        },
        "20151": {
            "year_quarter": 20151,
            "year": 2015,
            "quarter": 1,
            "eps": 1.52,
            "eps_growth_year": 22.58,
            "eps_4q": 6.89,
            "eps_4q_growth_year": 19.48,
            "roe": 4.03,
            "roe_4q": 19.73,
            "gross_profit": 307592,
            "gross_margin": 23.4,
            "gross_margin_4q_avg": 24.15,
            "net_income": 131273,
            "revenue": 1314361,
            "common_shares": 863434,
            "book_valuer_per_share": 38.39,
            "book_valuer_per_share_4q_avg": 35.72,
            "equity": 3314836,
            "current_ratio": 202.84,
            "debt_ratio": 43.34,
            "inventory_turnover_ratio": 1.27,
            "account_receivable_turnover_ratio": 0.78,
            "reinvestment_rate": -39.44,
            "research_to_sale_ratio": 4.29,
            "price_fair": 187.25,
            "eps_avg_yearly": 5.35,
            "eps_latest_yearly": 6.08,
            "eps_growth_yearly": 205.39
        },
        "20152": {
            "year_quarter": 20152,
            "year": 2015,
            "quarter": 2,
            "eps": 1.18,
            "eps_growth_year": -40.7,
            "eps_4q": 6.08,
            "eps_4q_growth_year": -3.03,
            "roe": 3.21,
            "roe_4q": 16.98,
            "gross_profit": 320598,
            "gross_margin": 22.35,
            "gross_margin_4q_avg": 23.34,
            "net_income": 102041,
            "revenue": 1434264,
            "common_shares": 863434,
            "book_valuer_per_share": 35.26,
            "book_valuer_per_share_4q_avg": 36.41,
            "equity": 3044445,
            "current_ratio": 195.43,
            "debt_ratio": 44.39,
            "inventory_turnover_ratio": 1.5,
            "account_receivable_turnover_ratio": 0.94,
            "reinvestment_rate": -44.1,
            "research_to_sale_ratio": 4.33,
            "price_fair": 195.74,
            "eps_avg_yearly": 5.59,
            "eps_latest_yearly": 4.72,
            "eps_growth_yearly": 216.05
        },
        "20153": {
            "year_quarter": 20153,
            "year": 2015,
            "quarter": 3,
            "eps": 2.56,
            "eps_growth_year": 36.17,
            "eps_4q": 6.76,
            "eps_4q_growth_year": 2.14,
            "roe": 6.9,
            "roe_4q": 18.310000000000002,
            "gross_profit": 380727,
            "gross_margin": 24.88,
            "gross_margin_4q_avg": 23.79,
            "net_income": 220714,
            "revenue": 1530334,
            "common_shares": 863434,
            "book_valuer_per_share": 38.79,
            "book_valuer_per_share_4q_avg": 37.38,
            "equity": 3349442,
            "current_ratio": 201.62,
            "debt_ratio": 43.27,
            "inventory_turnover_ratio": 1.52,
            "account_receivable_turnover_ratio": 0.95,
            "reinvestment_rate": -47.77,
            "research_to_sale_ratio": 4.03,
            "price_fair": 207.81,
            "eps_avg_yearly": 5.94,
            "eps_latest_yearly": 10.24,
            "eps_growth_yearly": 129.81
        },
        "20154": {
            "year_quarter": 20154,
            "year": 2015,
            "quarter": 4,
            "eps": 2.51,
            "eps_growth_year": 67.21,
            "eps_4q": 7.77,
            "eps_4q_growth_year": 17.67,
            "roe": 6.34,
            "roe_4q": 20.48,
            "gross_profit": 476997,
            "gross_margin": 27.03,
            "gross_margin_4q_avg": 24.42,
            "net_income": 216903,
            "revenue": 1764849,
            "common_shares": 863434,
            "book_valuer_per_share": 40.47,
            "book_valuer_per_share_4q_avg": 38.23,
            "equity": 3494344,
            "current_ratio": 200.99,
            "debt_ratio": 43.78,
            "inventory_turnover_ratio": 1.5,
            "account_receivable_turnover_ratio": 0.99,
            "reinvestment_rate": -45.64,
            "research_to_sale_ratio": 3.46,
            "price_fair": 222.08,
            "eps_avg_yearly": 6.35,
            "eps_latest_yearly": 10.04,
            "eps_growth_yearly": 135.68
        },
        "20161": {
            "year_quarter": 20161,
            "year": 2016,
            "quarter": 1,
            "eps": 2.52,
            "eps_growth_year": 65.79,
            "eps_4q": 8.77,
            "eps_4q_growth_year": 27.41,
            "roe": 6.05,
            "roe_4q": 22.5,
            "gross_profit": 457815,
            "gross_margin": 26.29,
            "gross_margin_4q_avg": 25.14,
            "net_income": 217782,
            "revenue": 1741261,
            "common_shares": 863434,
            "book_valuer_per_share": 42.86,
            "book_valuer_per_share_4q_avg": 39.35,
            "equity": 3700698,
            "current_ratio": 219.9,
            "debt_ratio": 39.72,
            "inventory_turnover_ratio": 1.56,
            "account_receivable_turnover_ratio": 0.95,
            "reinvestment_rate": -35.76,
            "research_to_sale_ratio": 2.78,
            "price_fair": 241.85,
            "eps_avg_yearly": 6.91,
            "eps_latest_yearly": 10.08,
            "eps_growth_yearly": 153.39
        },
        "20162": {
            "year_quarter": 20162,
            "year": 2016,
            "quarter": 2,
            "eps": 3.26,
            "eps_growth_year": 176.27,
            "eps_4q": 10.85,
            "eps_4q_growth_year": 78.38,
            "roe": 7.87,
            "roe_4q": 27.159999999999997,
            "gross_profit": 527900,
            "gross_margin": 29.22,
            "gross_margin_4q_avg": 26.86,
            "net_income": 281299,
            "revenue": 1806917,
            "common_shares": 863434,
            "book_valuer_per_share": 39.95,
            "book_valuer_per_share_4q_avg": 40.52,
            "equity": 3449481,
            "current_ratio": 188.92,
            "debt_ratio": 45.59,
            "inventory_turnover_ratio": 1.68,
            "account_receivable_turnover_ratio": 0.98,
            "reinvestment_rate": -41.53,
            "research_to_sale_ratio": 3.71,
            "price_fair": 256.64,
            "eps_avg_yearly": 7.33,
            "eps_latest_yearly": 13.04,
            "eps_growth_yearly": 34.77
        },
        "20163": {
            "year_quarter": 20163,
            "year": 2016,
            "quarter": 3,
            "eps": 1.94,
            "eps_growth_year": -24.22,
            "eps_4q": 10.23,
            "eps_4q_growth_year": 51.32,
            "roe": 4.79,
            "roe_4q": 25.05,
            "gross_profit": 437151,
            "gross_margin": 23.48,
            "gross_margin_4q_avg": 26.51,
            "net_income": 167358,
            "revenue": 1861865,
            "common_shares": 863434,
            "book_valuer_per_share": 41.05,
            "book_valuer_per_share_4q_avg": 41.08,
            "equity": 3544641,
            "current_ratio": 189.07,
            "debt_ratio": 45.06,
            "inventory_turnover_ratio": 1.88,
            "account_receivable_turnover_ratio": 0.98,
            "reinvestment_rate": -42.54,
            "research_to_sale_ratio": 5.1,
            "price_fair": 260.31,
            "eps_avg_yearly": 7.44,
            "eps_latest_yearly": 7.76,
            "eps_growth_yearly": 25.44
        },
        "20164": {
            "year_quarter": 20164,
            "year": 2016,
            "quarter": 4,
            "eps": 3.24,
            "eps_growth_year": 28.81,
            "eps_4q": 10.95,
            "eps_4q_growth_year": 40.97,
            "roe": 7.63,
            "roe_4q": 26.34,
            "gross_profit": 486023,
            "gross_margin": 25.76,
            "gross_margin_4q_avg": 26.19,
            "net_income": 279388,
            "revenue": 1886890,
            "common_shares": 863434,
            "book_valuer_per_share": 43.8,
            "book_valuer_per_share_4q_avg": 41.92,
            "equity": 3782030,
            "current_ratio": 196.04,
            "debt_ratio": 43.8,
            "inventory_turnover_ratio": 1.85,
            "account_receivable_turnover_ratio": 0.92,
            "reinvestment_rate": -40.54,
            "research_to_sale_ratio": 3.03,
            "price_fair": 276.06,
            "eps_avg_yearly": 7.89,
            "eps_latest_yearly": 12.96,
            "eps_growth_yearly": 43.51
        },
        "20171": {
            "year_quarter": 20171,
            "year": 2017,
            "quarter": 1,
            "eps": 1.3,
            "eps_growth_year": -48.41,
            "eps_4q": 9.73,
            "eps_4q_growth_year": 10.89,
            "roe": 2.96,
            "roe_4q": 23.25,
            "gross_profit": 360601,
            "gross_margin": 23.83,
            "gross_margin_4q_avg": 25.57,
            "net_income": 111895,
            "revenue": 1513068,
            "common_shares": 863434,
            "book_valuer_per_share": 43.82,
            "book_valuer_per_share_4q_avg": 42.16,
            "equity": 3783894,
            "current_ratio": 214.18,
            "debt_ratio": 39.98,
            "inventory_turnover_ratio": 1.49,
            "account_receivable_turnover_ratio": 0.77,
            "reinvestment_rate": 16.49,
            "research_to_sale_ratio": 3.46,
            "price_fair": 267.89,
            "eps_avg_yearly": 7.79,
            "eps_latest_yearly": 5.2,
            "eps_growth_yearly": 24.38
        },
        "20172": {
            "year_quarter": 20172,
            "year": 2017,
            "quarter": 2,
            "eps": 1.05,
            "eps_growth_year": -67.79,
            "eps_4q": 7.52,
            "eps_4q_growth_year": -30.67,
            "roe": 2.58,
            "roe_4q": 17.96,
            "gross_profit": 324454,
            "gross_margin": 18.92,
            "gross_margin_4q_avg": 23,
            "net_income": 90802,
            "revenue": 1714927,
            "common_shares": 863434,
            "book_valuer_per_share": 37.84,
            "book_valuer_per_share_4q_avg": 41.63,
            "equity": 3267054,
            "current_ratio": 163.73,
            "debt_ratio": 51.22,
            "inventory_turnover_ratio": 1.68,
            "account_receivable_turnover_ratio": 0.97,
            "reinvestment_rate": 17.72,
            "research_to_sale_ratio": 4.03,
            "price_fair": 250.12,
            "eps_avg_yearly": 7.69,
            "eps_latest_yearly": 4.2,
            "eps_growth_yearly": 22.55
        },
        "20173": {
            "year_quarter": 20173,
            "year": 2017,
            "quarter": 3,
            "eps": 2.08,
            "eps_growth_year": 7.22,
            "eps_4q": 7.66,
            "eps_4q_growth_year": -25.09,
            "roe": 5.33,
            "roe_4q": 18.5,
            "gross_profit": 434757,
            "gross_margin": 22.12,
            "gross_margin_4q_avg": 22.66,
            "net_income": 179661,
            "revenue": 1965680,
            "common_shares": 863434,
            "book_valuer_per_share": 40.28,
            "book_valuer_per_share_4q_avg": 41.44,
            "equity": 3477572,
            "current_ratio": 172.92,
            "debt_ratio": 48.91,
            "inventory_turnover_ratio": 1.66,
            "account_receivable_turnover_ratio": 1,
            "reinvestment_rate": 17.6,
            "research_to_sale_ratio": 3.86,
            "price_fair": 273.79,
            "eps_avg_yearly": 7.82,
            "eps_latest_yearly": 8.32,
            "eps_growth_yearly": 46.23
        },
        "20174": {
            "year_quarter": 20174,
            "year": 2017,
            "quarter": 4,
            "eps": 1.37,
            "eps_growth_year": -57.8,
            "eps_4q": 5.79,
            "eps_4q_growth_year": -47.11,
            "roe": 3.33,
            "roe_4q": 14.2,
            "gross_profit": 343354,
            "gross_margin": 18.33,
            "gross_margin_4q_avg": 20.8,
            "net_income": 117907,
            "revenue": 1873546,
            "common_shares": 863434,
            "book_valuer_per_share": 41.68,
            "book_valuer_per_share_4q_avg": 40.91,
            "equity": 3598655,
            "current_ratio": 187.22,
            "debt_ratio": 44.55,
            "inventory_turnover_ratio": 1.66,
            "account_receivable_turnover_ratio": 0.89,
            "reinvestment_rate": 17.65,
            "research_to_sale_ratio": 3.73,
            "price_fair": 272.48,
            "eps_avg_yearly": 7.79,
            "eps_latest_yearly": 5.48,
            "eps_growth_yearly": 37.85
        },
        "20181": {
            "year_quarter": 20181,
            "year": 2018,
            "quarter": 1,
            "eps": 0.38,
            "eps_growth_year": -70.77,
            "eps_4q": 4.88,
            "eps_4q_growth_year": -49.85,
            "roe": 0.9,
            "roe_4q": 12.14,
            "gross_profit": 329181,
            "gross_margin": 19.99,
            "gross_margin_4q_avg": 19.84,
            "net_income": 32826,
            "revenue": 1647110,
            "common_shares": 863434,
            "book_valuer_per_share": 42.68,
            "book_valuer_per_share_4q_avg": 40.62,
            "equity": 3684836,
            "current_ratio": 203.79,
            "debt_ratio": 41.54,
            "inventory_turnover_ratio": 1.55,
            "account_receivable_turnover_ratio": 0.84,
            "reinvestment_rate": 12.64,
            "research_to_sale_ratio": 4.07,
            "price_fair": 260.37,
            "eps_avg_yearly": 7.57,
            "eps_latest_yearly": 1.52,
            "eps_growth_yearly": 24.39
        },
        "20182": {
            "year_quarter": 20182,
            "year": 2018,
            "quarter": 2,
            "eps": 2.18,
            "eps_growth_year": 107.62,
            "eps_4q": 6.01,
            "eps_4q_growth_year": -20.16,
            "roe": 5.23,
            "roe_4q": 14.790000000000001,
            "gross_profit": 344177,
            "gross_margin": 18.79,
            "gross_margin_4q_avg": 19.81,
            "net_income": 188150,
            "revenue": 1831749,
            "common_shares": 863434,
            "book_valuer_per_share": 40.64,
            "book_valuer_per_share_4q_avg": 41.32,
            "equity": 3509022,
            "current_ratio": 180.52,
            "debt_ratio": 47.2,
            "inventory_turnover_ratio": 1.64,
            "account_receivable_turnover_ratio": 0.93,
            "reinvestment_rate": 11.42,
            "research_to_sale_ratio": 3.85,
            "price_fair": 266.61,
            "eps_avg_yearly": 7.62,
            "eps_latest_yearly": 8.72,
            "eps_growth_yearly": 127.69
        },
        "20183": {
            "year_quarter": 20183,
            "year": 2018,
            "quarter": 3,
            "eps": 2.04,
            "eps_growth_year": -1.92,
            "eps_4q": 5.96,
            "eps_4q_growth_year": -22.23,
            "roe": 4.94,
            "roe_4q": 14.400000000000002,
            "gross_profit": 396347,
            "gross_margin": 18.92,
            "gross_margin_4q_avg": 19.01,
            "net_income": 175773,
            "revenue": 2095210,
            "common_shares": 863434,
            "book_valuer_per_share": 41.78,
            "book_valuer_per_share_4q_avg": 41.7,
            "equity": 3607071,
            "current_ratio": 184.17,
            "debt_ratio": 46.95,
            "inventory_turnover_ratio": 1.62,
            "account_receivable_turnover_ratio": 0.94,
            "reinvestment_rate": 9.5,
            "research_to_sale_ratio": 3.39,
            "price_fair": 268.01,
            "eps_avg_yearly": 7.66,
            "eps_latest_yearly": 8.16,
            "eps_growth_yearly": 127.47
        },
        "20184": {
            "year_quarter": 20184,
            "year": 2018,
            "quarter": 4,
            "eps": 2.3,
            "eps_growth_year": 68.66,
            "eps_4q": 6.9,
            "eps_4q_growth_year": 19.06,
            "roe": 5.34,
            "roe_4q": 16.41,
            "gross_profit": 482184,
            "gross_margin": 23.09,
            "gross_margin_4q_avg": 20.2,
            "net_income": 198861,
            "revenue": 2088106,
            "common_shares": 863434,
            "book_valuer_per_share": 44.45,
            "book_valuer_per_share_4q_avg": 42.39,
            "equity": 3838296,
            "current_ratio": 197.02,
            "debt_ratio": 44.37,
            "inventory_turnover_ratio": 1.44,
            "account_receivable_turnover_ratio": 0.86,
            "reinvestment_rate": 11.14,
            "research_to_sale_ratio": 3.91,
            "price_fair": 275.01,
            "eps_avg_yearly": 7.86,
            "eps_latest_yearly": 9.2,
            "eps_growth_yearly": 135.71
        },
        "20191": {
            "year_quarter": 20191,
            "year": 2019,
            "quarter": 1,
            "eps": 1.63,
            "eps_growth_year": 328.95,
            "eps_4q": 8.15,
            "eps_4q_growth_year": 66.98,
            "roe": 3.57,
            "roe_4q": 19.080000000000002,
            "gross_profit": 416006,
            "gross_margin": 22.5,
            "gross_margin_4q_avg": 20.83,
            "net_income": 140515,
            "revenue": 1848676,
            "common_shares": 863434,
            "book_valuer_per_share": 46.75,
            "book_valuer_per_share_4q_avg": 43.41,
            "equity": 4036647,
            "current_ratio": 218.37,
            "debt_ratio": 40.57,
            "inventory_turnover_ratio": 1.37,
            "account_receivable_turnover_ratio": 0.78,
            "reinvestment_rate": 13.05,
            "research_to_sale_ratio": 4.08,
            "price_fair": 275.98,
            "eps_avg_yearly": 7.89,
            "eps_latest_yearly": 6.52,
            "eps_growth_yearly": 128.09
        },
        "20192": {
            "year_quarter": 20192,
            "year": 2019,
            "quarter": 2,
            "eps": 2.71,
            "eps_growth_year": 24.31,
            "eps_4q": 8.68,
            "eps_4q_growth_year": 44.46,
            "roe": 5.94,
            "roe_4q": 19.79,
            "gross_profit": 481270,
            "gross_margin": 21.85,
            "gross_margin_4q_avg": 21.59,
            "net_income": 233923,
            "revenue": 2202627,
            "common_shares": 863434,
            "book_valuer_per_share": 44.47,
            "book_valuer_per_share_4q_avg": 44.36,
            "equity": 3839261,
            "current_ratio": 189.06,
            "debt_ratio": 46.64,
            "inventory_turnover_ratio": 1.81,
            "account_receivable_turnover_ratio": 0.94,
            "reinvestment_rate": 12.62,
            "research_to_sale_ratio": 3.88,
            "price_fair": 289.36,
            "eps_avg_yearly": 8.27,
            "eps_latest_yearly": 10.84,
            "eps_growth_yearly": 150.25
        },
        "20193": {
            "year_quarter": 20193,
            "year": 2019,
            "quarter": 3,
            "eps": 2.47,
            "eps_growth_year": 21.08,
            "eps_4q": 9.11,
            "eps_4q_growth_year": 52.83,
            "roe": 5.47,
            "roe_4q": 20.32,
            "gross_profit": 492198,
            "gross_margin": 22.58,
            "gross_margin_4q_avg": 22.51,
            "net_income": 213275,
            "revenue": 2179533,
            "common_shares": 863434,
            "book_valuer_per_share": 45.9,
            "book_valuer_per_share_4q_avg": 45.39,
            "equity": 3962771,
            "current_ratio": 202.51,
            "debt_ratio": 43.86,
            "inventory_turnover_ratio": 1.75,
            "account_receivable_turnover_ratio": 0.83,
            "reinvestment_rate": 10.97,
            "research_to_sale_ratio": 3.62,
            "price_fair": 288.58,
            "eps_avg_yearly": 8.25,
            "eps_latest_yearly": 9.88,
            "eps_growth_yearly": 118.8
        },
        "20194": {
            "year_quarter": 20194,
            "year": 2019,
            "quarter": 4,
            "eps": 1.32,
            "eps_growth_year": -42.76,
            "eps_4q": 8.12,
            "eps_4q_growth_year": 17.78,
            "roe": 2.84,
            "roe_4q": 17.82,
            "gross_profit": 468721,
            "gross_margin": 19.9,
            "gross_margin_4q_avg": 21.71,
            "net_income": 113821,
            "revenue": 2355336,
            "common_shares": 863434,
            "book_valuer_per_share": 47.01,
            "book_valuer_per_share_4q_avg": 46.03,
            "equity": 4059058,
            "current_ratio": 197.13,
            "debt_ratio": 44.14,
            "inventory_turnover_ratio": 1.87,
            "account_receivable_turnover_ratio": 0.84,
            "reinvestment_rate": 16.08,
            "research_to_sale_ratio": 4.42,
            "price_fair": 278.16,
            "eps_avg_yearly": 7.95,
            "eps_latest_yearly": 5.28,
            "eps_growth_yearly": 107.65
        },
        "20201": {
            "year_quarter": 20201,
            "year": 2020,
            "quarter": 1,
            "eps": 1.04,
            "eps_growth_year": -36.2,
            "eps_4q": 7.54,
            "eps_4q_growth_year": -7.4,
            "roe": 2.22,
            "roe_4q": 16.470000000000002,
            "gross_profit": 245888,
            "gross_margin": 14.96,
            "gross_margin_4q_avg": 19.82,
            "net_income": 90210,
            "revenue": 1643329,
            "common_shares": 863434,
            "book_valuer_per_share": 47.3,
            "book_valuer_per_share_4q_avg": 46.17,
            "equity": 4084256,
            "current_ratio": 214.5,
            "debt_ratio": 39.88,
            "inventory_turnover_ratio": 1.49,
            "account_receivable_turnover_ratio": 0.65,
            "reinvestment_rate": 16.59,
            "research_to_sale_ratio": 4.38,
            "price_fair": 265.21,
            "eps_avg_yearly": 7.58,
            "eps_latest_yearly": 4.16,
            "eps_growth_yearly": 102.25
        },
        "20202": {
            "year_quarter": 20202,
            "year": 2020,
            "quarter": 2,
            "eps": 2.62,
            "eps_growth_year": -3.32,
            "eps_4q": 7.46,
            "eps_4q_growth_year": -14.04,
            "roe": 5.74,
            "roe_4q": 16.27,
            "gross_profit": 534403,
            "gross_margin": 22.62,
            "gross_margin_4q_avg": 20.02,
            "net_income": 226630,
            "revenue": 2362727,
            "common_shares": 863434,
            "book_valuer_per_share": 44.12,
            "book_valuer_per_share_4q_avg": 46.08,
            "equity": 3809736,
            "current_ratio": 166.5,
            "debt_ratio": 50.39,
            "inventory_turnover_ratio": 1.84,
            "account_receivable_turnover_ratio": 0.96,
            "reinvestment_rate": 19.09,
            "research_to_sale_ratio": 3.25,
            "price_fair": 259.61,
            "eps_avg_yearly": 7.42,
            "eps_latest_yearly": 10.48,
            "eps_growth_yearly": 132.89
        },
        "20203": {
            "year_quarter": 20203,
            "year": 2020,
            "quarter": 3,
            "eps": 2.74,
            "eps_growth_year": 10.93,
            "eps_4q": 7.73,
            "eps_4q_growth_year": -15.17,
            "roe": 5.98,
            "roe_4q": 16.78,
            "gross_profit": 626021,
            "gross_margin": 25.67,
            "gross_margin_4q_avg": 20.79,
            "net_income": 236599,
            "revenue": 2439143,
            "common_shares": 863434,
            "book_valuer_per_share": 47.46,
            "book_valuer_per_share_4q_avg": 46.47,
            "equity": 4098281,
            "current_ratio": 174.31,
            "debt_ratio": 49.49,
            "inventory_turnover_ratio": 1.58,
            "account_receivable_turnover_ratio": 0.86,
            "reinvestment_rate": 17.98,
            "research_to_sale_ratio": 3.33,
            "price_fair": 266.61,
            "eps_avg_yearly": 7.62,
            "eps_latest_yearly": 10.96,
            "eps_growth_yearly": 144.15
        },
        "20204": {
            "year_quarter": 20204,
            "year": 2020,
            "quarter": 4,
            "eps": 2.65,
            "eps_growth_year": 101.16,
            "eps_4q": 9.06,
            "eps_4q_growth_year": 11.53,
            "roe": 5.38,
            "roe_4q": 19.32,
            "gross_profit": 576371,
            "gross_margin": 21.52,
            "gross_margin_4q_avg": 21.19,
            "net_income": 228959,
            "revenue": 2678222,
            "common_shares": 863434,
            "book_valuer_per_share": 51.11,
            "book_valuer_per_share_4q_avg": 47.5,
            "equity": 4412745,
            "current_ratio": 176.86,
            "debt_ratio": 49.35,
            "inventory_turnover_ratio": 1.75,
            "account_receivable_turnover_ratio": 0.87,
            "reinvestment_rate": 21.61,
            "research_to_sale_ratio": 3.65,
            "price_fair": 261.45,
            "eps_avg_yearly": 7.47,
            "eps_latest_yearly": 10.6,
            "eps_growth_yearly": 126.58
        },
        "20211": {
            "year_quarter": 20211,
            "year": 2021,
            "quarter": 1,
            "eps": 1.92,
            "eps_growth_year": 84.62,
            "eps_4q": 9.94,
            "eps_4q_growth_year": 31.79,
            "roe": 3.7,
            "roe_4q": 20.8,
            "gross_profit": 500580,
            "gross_margin": 20.23,
            "gross_margin_4q_avg": 22.51,
            "net_income": 166068,
            "revenue": 2473978,
            "common_shares": 863434,
            "book_valuer_per_share": 52.85,
            "book_valuer_per_share_4q_avg": 48.89,
            "equity": 4563436,
            "current_ratio": 191.36,
            "debt_ratio": 53.51,
            "inventory_turnover_ratio": 1.53,
            "account_receivable_turnover_ratio": 0.79,
            "reinvestment_rate": 26.12,
            "research_to_sale_ratio": 3.82,
            "price_fair": 266.88,
            "eps_avg_yearly": 7.63,
            "eps_latest_yearly": 7.68,
            "eps_growth_yearly": 134.66
        },
        "20212": {
            "year_quarter": 20212,
            "year": 2021,
            "quarter": 2,
            "eps": 0.65,
            "eps_growth_year": -75.19,
            "eps_4q": 7.97,
            "eps_4q_growth_year": 6.82,
            "roe": 1.23,
            "roe_4q": 16.29,
            "gross_profit": 392241,
            "gross_margin": 16.83,
            "gross_margin_4q_avg": 21.06,
            "net_income": 56235,
            "revenue": 2330545,
            "common_shares": 863434,
            "book_valuer_per_share": 53.01,
            "book_valuer_per_share_4q_avg": 51.11,
            "equity": 4577473,
            "current_ratio": 189.84,
            "debt_ratio": 53.18,
            "inventory_turnover_ratio": 1.16,
            "account_receivable_turnover_ratio": 0.8,
            "reinvestment_rate": 27.66,
            "research_to_sale_ratio": 4.98,
            "price_fair": 263.38,
            "eps_avg_yearly": 7.53,
            "eps_latest_yearly": 2.6,
            "eps_growth_yearly": 122.93
        },
        "20213": {
            "year_quarter": 20213,
            "year": 2021,
            "quarter": 3,
            "eps": 1.06,
            "eps_growth_year": -61.31,
            "eps_4q": 6.29,
            "eps_4q_growth_year": -18.61,
            "roe": 2,
            "roe_4q": 12.309999999999999,
            "gross_profit": 455766,
            "gross_margin": 16,
            "gross_margin_4q_avg": 18.65,
            "net_income": 91845,
            "revenue": 2847778,
            "common_shares": 863434,
            "book_valuer_per_share": 53.15,
            "book_valuer_per_share_4q_avg": 52.53,
            "equity": 4589548,
            "current_ratio": 180.79,
            "debt_ratio": 54.63,
            "inventory_turnover_ratio": 1.19,
            "account_receivable_turnover_ratio": 0.96,
            "reinvestment_rate": 31.65,
            "research_to_sale_ratio": 4.81,
            "price_fair": 254.45,
            "eps_avg_yearly": 7.27,
            "eps_latest_yearly": 4.24,
            "eps_growth_yearly": 114.18
        },
        "20214": {
            "year_quarter": 20214,
            "year": 2021,
            "quarter": 4,
            "eps": 0.41,
            "eps_growth_year": -84.49,
            "eps_4q": 4.05,
            "eps_4q_growth_year": -55.31,
            "roe": 0.77,
            "roe_4q": 7.7,
            "gross_profit": 381370,
            "gross_margin": 11.35,
            "gross_margin_4q_avg": 16.1,
            "net_income": 35516,
            "revenue": 3359627,
            "common_shares": 863434,
            "book_valuer_per_share": 54.07,
            "book_valuer_per_share_4q_avg": 53.27,
            "equity": 4668160,
            "current_ratio": 172.79,
            "debt_ratio": 55.63,
            "inventory_turnover_ratio": 1.54,
            "account_receivable_turnover_ratio": 0.95,
            "reinvestment_rate": 39.23,
            "research_to_sale_ratio": 4.75,
            "price_fair": 246.05,
            "eps_avg_yearly": 7.03,
            "eps_latest_yearly": 1.64,
            "eps_growth_yearly": 107.38
        },
        "20221": {
            "year_quarter": 20221,
            "year": 2022,
            "quarter": 1,
            "eps": -0.32,
            "eps_growth_year": -116.67,
            "eps_4q": 1.81,
            "eps_4q_growth_year": -81.79,
            "roe": -0.58,
            "roe_4q": 3.42,
            "gross_profit": 357664,
            "gross_margin": 15.23,
            "gross_margin_4q_avg": 14.85,
            "net_income": -27313,
            "revenue": 2348715,
            "common_shares": 863434,
            "book_valuer_per_share": 55.4,
            "book_valuer_per_share_4q_avg": 53.91,
            "equity": 4783204,
            "current_ratio": 173.01,
            "debt_ratio": 55.53,
            "inventory_turnover_ratio": 0.99,
            "account_receivable_turnover_ratio": 0.67,
            "reinvestment_rate": 43.9,
            "research_to_sale_ratio": 5.68,
            "price_fair": 258.91,
            "eps_avg_yearly": 7.4,
            "eps_latest_yearly": 1.64,
            "eps_growth_yearly": 133.81
        },
        "20222": {
            "year_quarter": 20222,
            "year": 2022,
            "quarter": 2,
            "eps": 1.83,
            "eps_growth_year": 181.54,
            "eps_4q": 2.99,
            "eps_4q_growth_year": -62.53,
            "roe": 3.27,
            "roe_4q": 5.46,
            "gross_profit": 452589,
            "gross_margin": 15.92,
            "gross_margin_4q_avg": 14.63,
            "net_income": 157708,
            "revenue": 2843089,
            "common_shares": 863434,
            "book_valuer_per_share": 56.4,
            "book_valuer_per_share_4q_avg": 54.76,
            "equity": 4869465,
            "current_ratio": 181.71,
            "debt_ratio": 53.96,
            "inventory_turnover_ratio": 1.06,
            "account_receivable_turnover_ratio": 0.9,
            "reinvestment_rate": 44.67,
            "research_to_sale_ratio": 4.57,
            "price_fair": 131.67,
            "eps_avg_yearly": 7.3,
            "eps_latest_yearly": 1.64,
            "eps_growth_yearly": 8.03
        },
        "20223": {
            "year_quarter": 20223,
            "year": 2022,
            "quarter": 3,
            "eps": 2.7,
            "eps_growth_year": 154.72,
            "eps_4q": 4.62,
            "eps_4q_growth_year": -26.54,
            "roe": 4.64,
            "roe_4q": 8.1,
            "gross_profit": 598140,
            "gross_margin": 18.73,
            "gross_margin_4q_avg": 15.31,
            "net_income": 233051,
            "revenue": 3192712,
            "common_shares": 863434,
            "book_valuer_per_share": 60.02,
            "book_valuer_per_share_4q_avg": 56.47,
            "equity": 5182247,
            "current_ratio": 179.16,
            "debt_ratio": 54.68,
            "inventory_turnover_ratio": 1.17,
            "account_receivable_turnover_ratio": 0.92,
            "reinvestment_rate": 51.87,
            "research_to_sale_ratio": 4.8,
            "price_fair": 250.57,
            "eps_avg_yearly": 7.49,
            "eps_latest_yearly": 10.8,
            "eps_growth_yearly": 23.45
        },
        "20224": {
            "year_quarter": 20224,
            "year": 2022,
            "quarter": 4,
            "eps": 2.89,
            "eps_growth_year": 603.1,
            "eps_4q": 7.1,
            "eps_4q_growth_year": 75.36,
            "roe": 4.74,
            "roe_4q": 12.069999999999999,
            "gross_profit": 767917,
            "gross_margin": 21.86,
            "gross_margin_4q_avg": 17.94,
            "net_income": 249712,
            "revenue": 3513423,
            "common_shares": 863434,
            "book_valuer_per_share": 62.06,
            "book_valuer_per_share_4q_avg": 58.47,
            "equity": 5358483,
            "current_ratio": 180.63,
            "debt_ratio": 54.33,
            "inventory_turnover_ratio": 1.4,
            "account_receivable_turnover_ratio": 0.95,
            "reinvestment_rate": 51,
            "research_to_sale_ratio": 4.49,
            "price_fair": 243.72,
            "eps_avg_yearly": 7.66,
            "eps_latest_yearly": 11.56,
            "eps_growth_yearly": 21.82
        },
        "20231": {
            "year_quarter": 20231,
            "year": 2023,
            "quarter": 1,
            "eps": 1.14,
            "eps_growth_year": null,
            "eps_4q": 8.56,
            "eps_4q_growth_year": 372.75,
            "roe": 1.82,
            "roe_4q": 14.469999999999999,
            "gross_profit": 513554,
            "gross_margin": 17.55,
            "gross_margin_4q_avg": 18.52,
            "net_income": 98355,
            "revenue": 2925439,
            "common_shares": 863434,
            "book_valuer_per_share": 63.38,
            "book_valuer_per_share_4q_avg": 60.47,
            "equity": 5472149,
            "current_ratio": 194.56,
            "debt_ratio": 51.45,
            "inventory_turnover_ratio": 1.34,
            "account_receivable_turnover_ratio": 0.85,
            "reinvestment_rate": 50.7,
            "research_to_sale_ratio": 4.56,
            "price_fair": 171.75,
            "eps_avg_yearly": 7.52,
            "eps_latest_yearly": 4.56,
            "eps_growth_yearly": 12.84
        }
    },
    "months": {
        "2003-01": {
            "month": "2003-01",
            "price": "28.14",
            "revenue": 134119
        },
        "2003-02": {
            "month": "2003-02",
            "price": "26.64",
            "revenue": 102829
        },
        "2003-03": {
            "month": "2003-03",
            "price": "27.02",
            "revenue": 89980
        },
        "2003-04": {
            "month": "2003-04",
            "price": "27.34",
            "revenue": 135040
        },
        "2003-05": {
            "month": "2003-05",
            "price": "35.55",
            "revenue": 152342
        },
        "2003-06": {
            "month": "2003-06",
            "price": "47.34",
            "revenue": 142080
        },
        "2003-07": {
            "month": "2003-07",
            "price": "53.91",
            "revenue": 158483
        },
        "2003-08": {
            "month": "2003-08",
            "price": "64.90",
            "revenue": 150161
        },
        "2003-09": {
            "month": "2003-09",
            "price": "69.14",
            "revenue": 181771
        },
        "2003-10": {
            "month": "2003-10",
            "price": "61.59",
            "revenue": 182843
        },
        "2003-11": {
            "month": "2003-11",
            "price": "60.70",
            "revenue": 173547
        },
        "2003-12": {
            "month": "2003-12",
            "price": "63.37",
            "revenue": 206990
        },
        "2004-01": {
            "month": "2004-01",
            "price": "61.10",
            "revenue": 197094
        },
        "2004-02": {
            "month": "2004-02",
            "price": "72.92",
            "revenue": 199084
        },
        "2004-03": {
            "month": "2004-03",
            "price": "70.15",
            "revenue": 184742
        },
        "2004-04": {
            "month": "2004-04",
            "price": "66.45",
            "revenue": 186954
        },
        "2004-05": {
            "month": "2004-05",
            "price": "59.10",
            "revenue": 194826
        },
        "2004-06": {
            "month": "2004-06",
            "price": "62.62",
            "revenue": 214158
        },
        "2004-07": {
            "month": "2004-07",
            "price": "64.20",
            "revenue": 320948
        },
        "2004-08": {
            "month": "2004-08",
            "price": "69.50",
            "revenue": 362643
        },
        "2004-09": {
            "month": "2004-09",
            "price": "75.19",
            "revenue": 394450
        },
        "2004-10": {
            "month": "2004-10",
            "price": "69.82",
            "revenue": 417623
        },
        "2004-11": {
            "month": "2004-11",
            "price": "63.82",
            "revenue": 384395
        },
        "2004-12": {
            "month": "2004-12",
            "price": "63.63",
            "revenue": 339010
        },
        "2005-01": {
            "month": "2005-01",
            "price": "61.17",
            "revenue": 296389
        },
        "2005-02": {
            "month": "2005-02",
            "price": "63.42",
            "revenue": 220605
        },
        "2005-03": {
            "month": "2005-03",
            "price": "63.58",
            "revenue": 316418
        },
        "2005-04": {
            "month": "2005-04",
            "price": "65.00",
            "revenue": 306131
        },
        "2005-05": {
            "month": "2005-05",
            "price": "66.71",
            "revenue": 251393
        },
        "2005-06": {
            "month": "2005-06",
            "price": "67.83",
            "revenue": 198733
        },
        "2005-07": {
            "month": "2005-07",
            "price": "65.10",
            "revenue": 241970
        },
        "2005-08": {
            "month": "2005-08",
            "price": "56.94",
            "revenue": 250419
        },
        "2005-09": {
            "month": "2005-09",
            "price": "39.56",
            "revenue": 274957
        },
        "2005-10": {
            "month": "2005-10",
            "price": "30.41",
            "revenue": 377880
        },
        "2005-11": {
            "month": "2005-11",
            "price": "28.33",
            "revenue": 365736
        },
        "2005-12": {
            "month": "2005-12",
            "price": "32.56",
            "revenue": 331950
        },
        "2006-01": {
            "month": "2006-01",
            "price": "33.65",
            "revenue": 302592
        },
        "2006-02": {
            "month": "2006-02",
            "price": "28.84",
            "revenue": 278361
        },
        "2006-03": {
            "month": "2006-03",
            "price": "26.83",
            "revenue": 339466
        },
        "2006-04": {
            "month": "2006-04",
            "price": "27.88",
            "revenue": 308036
        },
        "2006-05": {
            "month": "2006-05",
            "price": "25.79",
            "revenue": 245117
        },
        "2006-06": {
            "month": "2006-06",
            "price": "20.95",
            "revenue": 326646
        },
        "2006-07": {
            "month": "2006-07",
            "price": "19.18",
            "revenue": 350676
        },
        "2006-08": {
            "month": "2006-08",
            "price": "17.47",
            "revenue": 352472
        },
        "2006-09": {
            "month": "2006-09",
            "price": "15.89",
            "revenue": 318343
        },
        "2006-10": {
            "month": "2006-10",
            "price": "16.40",
            "revenue": 308854
        },
        "2006-11": {
            "month": "2006-11",
            "price": "23.31",
            "revenue": 296570
        },
        "2006-12": {
            "month": "2006-12",
            "price": "28.41",
            "revenue": 342229
        },
        "2007-01": {
            "month": "2007-01",
            "price": "27.05",
            "revenue": 302794
        },
        "2007-02": {
            "month": "2007-02",
            "price": "26.70",
            "revenue": 288277
        },
        "2007-03": {
            "month": "2007-03",
            "price": "28.47",
            "revenue": 425662
        },
        "2007-04": {
            "month": "2007-04",
            "price": "36.72",
            "revenue": 379612
        },
        "2007-05": {
            "month": "2007-05",
            "price": "39.22",
            "revenue": 466330
        },
        "2007-06": {
            "month": "2007-06",
            "price": "48.44",
            "revenue": 496012
        },
        "2007-07": {
            "month": "2007-07",
            "price": "61.68",
            "revenue": 476797
        },
        "2007-08": {
            "month": "2007-08",
            "price": "51.19",
            "revenue": 493491
        },
        "2007-09": {
            "month": "2007-09",
            "price": "46.28",
            "revenue": 486233
        },
        "2007-10": {
            "month": "2007-10",
            "price": "44.03",
            "revenue": 495642
        },
        "2007-11": {
            "month": "2007-11",
            "price": "33.76",
            "revenue": 444515
        },
        "2007-12": {
            "month": "2007-12",
            "price": "31.03",
            "revenue": 371020
        },
        "2008-01": {
            "month": "2008-01",
            "price": "27.95",
            "revenue": 354687
        },
        "2008-02": {
            "month": "2008-02",
            "price": "27.86",
            "revenue": 264911
        },
        "2008-03": {
            "month": "2008-03",
            "price": "28.72",
            "revenue": 373940
        },
        "2008-04": {
            "month": "2008-04",
            "price": "33.60",
            "revenue": 427348
        },
        "2008-05": {
            "month": "2008-05",
            "price": "32.01",
            "revenue": 348005
        },
        "2008-06": {
            "month": "2008-06",
            "price": "27.08",
            "revenue": 346135
        },
        "2008-07": {
            "month": "2008-07",
            "price": "21.40",
            "revenue": 450442
        },
        "2008-08": {
            "month": "2008-08",
            "price": "23.35",
            "revenue": 372566
        },
        "2008-09": {
            "month": "2008-09",
            "price": "15.08",
            "revenue": 409323
        },
        "2008-10": {
            "month": "2008-10",
            "price": "12.79",
            "revenue": 370956
        },
        "2008-11": {
            "month": "2008-11",
            "price": "13.18",
            "revenue": 311842
        },
        "2008-12": {
            "month": "2008-12",
            "price": "13.32",
            "revenue": 252735
        },
        "2009-01": {
            "month": "2009-01",
            "price": "16.26",
            "revenue": 159466
        },
        "2009-02": {
            "month": "2009-02",
            "price": "16.63",
            "revenue": 206396
        },
        "2009-03": {
            "month": "2009-03",
            "price": "18.69",
            "revenue": 269888
        },
        "2009-04": {
            "month": "2009-04",
            "price": "25.17",
            "revenue": 295454
        },
        "2009-05": {
            "month": "2009-05",
            "price": "34.26",
            "revenue": 227401
        },
        "2009-06": {
            "month": "2009-06",
            "price": "30.58",
            "revenue": 275100
        },
        "2009-07": {
            "month": "2009-07",
            "price": "36.53",
            "revenue": 344328
        },
        "2009-08": {
            "month": "2009-08",
            "price": "41.32",
            "revenue": 333033
        },
        "2009-09": {
            "month": "2009-09",
            "price": "44.73",
            "revenue": 443116
        },
        "2009-10": {
            "month": "2009-10",
            "price": "48.56",
            "revenue": 340606
        },
        "2009-11": {
            "month": "2009-11",
            "price": "47.59",
            "revenue": 389355
        },
        "2009-12": {
            "month": "2009-12",
            "price": "49.59",
            "revenue": 412201
        },
        "2010-01": {
            "month": "2010-01",
            "price": "53.14",
            "revenue": 379292
        },
        "2010-02": {
            "month": "2010-02",
            "price": "45.71",
            "revenue": 247707
        },
        "2010-03": {
            "month": "2010-03",
            "price": "47.18",
            "revenue": 423853
        },
        "2010-04": {
            "month": "2010-04",
            "price": "49.52",
            "revenue": 459117
        },
        "2010-05": {
            "month": "2010-05",
            "price": "45.50",
            "revenue": 469773
        },
        "2010-06": {
            "month": "2010-06",
            "price": "46.38",
            "revenue": 500183
        },
        "2010-07": {
            "month": "2010-07",
            "price": "48.50",
            "revenue": 433933
        },
        "2010-08": {
            "month": "2010-08",
            "price": "44.32",
            "revenue": 381811
        },
        "2010-09": {
            "month": "2010-09",
            "price": "44.32",
            "revenue": 371257
        },
        "2010-10": {
            "month": "2010-10",
            "price": "40.80",
            "revenue": 401763
        },
        "2010-11": {
            "month": "2010-11",
            "price": "37.73",
            "revenue": 426053
        },
        "2010-12": {
            "month": "2010-12",
            "price": "39.48",
            "revenue": 402438
        },
        "2011-01": {
            "month": "2011-01",
            "price": "39.26",
            "revenue": 401875
        },
        "2011-02": {
            "month": "2011-02",
            "price": "38.93",
            "revenue": 251603
        },
        "2011-03": {
            "month": "2011-03",
            "price": "40.47",
            "revenue": 454959
        },
        "2011-04": {
            "month": "2011-04",
            "price": "39.18",
            "revenue": 434870
        },
        "2011-05": {
            "month": "2011-05",
            "price": "38.79",
            "revenue": 428723
        },
        "2011-06": {
            "month": "2011-06",
            "price": "38.06",
            "revenue": 411714
        },
        "2011-07": {
            "month": "2011-07",
            "price": "35.32",
            "revenue": 416295
        },
        "2011-08": {
            "month": "2011-08",
            "price": "28.06",
            "revenue": 376023
        },
        "2011-09": {
            "month": "2011-09",
            "price": "24.41",
            "revenue": 419429
        },
        "2011-10": {
            "month": "2011-10",
            "price": "24.88",
            "revenue": 383052
        },
        "2011-11": {
            "month": "2011-11",
            "price": "25.08",
            "revenue": 407342
        },
        "2011-12": {
            "month": "2011-12",
            "price": "24.62",
            "revenue": 407264
        },
        "2012-01": {
            "month": "2012-01",
            "price": "27.43",
            "revenue": 306730
        },
        "2012-02": {
            "month": "2012-02",
            "price": "32.02",
            "revenue": 324308
        },
        "2012-03": {
            "month": "2012-03",
            "price": "34.71",
            "revenue": 365602
        },
        "2012-04": {
            "month": "2012-04",
            "price": "31.26",
            "revenue": 417239
        },
        "2012-05": {
            "month": "2012-05",
            "price": "27.35",
            "revenue": 455264
        },
        "2012-06": {
            "month": "2012-06",
            "price": "25.13",
            "revenue": 474723
        },
        "2012-07": {
            "month": "2012-07",
            "price": "25.65",
            "revenue": 436979
        },
        "2012-08": {
            "month": "2012-08",
            "price": "29.58",
            "revenue": 451165
        },
        "2012-09": {
            "month": "2012-09",
            "price": "38.94",
            "revenue": 542613
        },
        "2012-10": {
            "month": "2012-10",
            "price": "42.45",
            "revenue": 523619
        },
        "2012-11": {
            "month": "2012-11",
            "price": "40.38",
            "revenue": 517981
        },
        "2012-12": {
            "month": "2012-12",
            "price": "43.43",
            "revenue": 522942
        },
        "2013-01": {
            "month": "2013-01",
            "price": "50.52",
            "revenue": 550115
        },
        "2013-02": {
            "month": "2013-02",
            "price": "59.06",
            "revenue": 389798
        },
        "2013-03": {
            "month": "2013-03",
            "price": "56.80",
            "revenue": 494589
        },
        "2013-04": {
            "month": "2013-04",
            "price": "59.32",
            "revenue": 524718
        },
        "2013-05": {
            "month": "2013-05",
            "price": "71.62",
            "revenue": 542326
        },
        "2013-06": {
            "month": "2013-06",
            "price": "75.73",
            "revenue": 494415
        },
        "2013-07": {
            "month": "2013-07",
            "price": "73.10",
            "revenue": 522371
        },
        "2013-08": {
            "month": "2013-08",
            "price": "64.40",
            "revenue": 491292
        },
        "2013-09": {
            "month": "2013-09",
            "price": "62.04",
            "revenue": 507072
        },
        "2013-10": {
            "month": "2013-10",
            "price": "58.27",
            "revenue": 447951
        },
        "2013-11": {
            "month": "2013-11",
            "price": "60.21",
            "revenue": 504311
        },
        "2013-12": {
            "month": "2013-12",
            "price": "78.32",
            "revenue": 551695
        },
        "2014-01": {
            "month": "2014-01",
            "price": "103.68",
            "revenue": 443973
        },
        "2014-02": {
            "month": "2014-02",
            "price": "100.05",
            "revenue": 369880
        },
        "2014-03": {
            "month": "2014-03",
            "price": "101.37",
            "revenue": 455328
        },
        "2014-04": {
            "month": "2014-04",
            "price": "86.36",
            "revenue": 577084
        },
        "2014-05": {
            "month": "2014-05",
            "price": "91.06",
            "revenue": 520694
        },
        "2014-06": {
            "month": "2014-06",
            "price": "91.00",
            "revenue": 514198
        },
        "2014-07": {
            "month": "2014-07",
            "price": "91.70",
            "revenue": 536045
        },
        "2014-08": {
            "month": "2014-08",
            "price": "106.48",
            "revenue": 469887
        },
        "2014-09": {
            "month": "2014-09",
            "price": "93.40",
            "revenue": 529028
        },
        "2014-10": {
            "month": "2014-10",
            "price": "86.20",
            "revenue": 475586
        },
        "2014-11": {
            "month": "2014-11",
            "price": "84.83",
            "revenue": 456844
        },
        "2014-12": {
            "month": "2014-12",
            "price": "85.53",
            "revenue": 591549
        },
        "2015-01": {
            "month": "2015-01",
            "price": "86.96",
            "revenue": 488397
        },
        "2015-02": {
            "month": "2015-02",
            "price": "87.42",
            "revenue": 392921
        },
        "2015-03": {
            "month": "2015-03",
            "price": "99.27",
            "revenue": 431567
        },
        "2015-04": {
            "month": "2015-04",
            "price": "95.84",
            "revenue": 469642
        },
        "2015-05": {
            "month": "2015-05",
            "price": "89.48",
            "revenue": 451522
        },
        "2015-06": {
            "month": "2015-06",
            "price": "81.92",
            "revenue": 514576
        },
        "2015-07": {
            "month": "2015-07",
            "price": "71.44",
            "revenue": 479282
        },
        "2015-08": {
            "month": "2015-08",
            "price": "57.21",
            "revenue": 476610
        },
        "2015-09": {
            "month": "2015-09",
            "price": "58.44",
            "revenue": 574783
        },
        "2015-10": {
            "month": "2015-10",
            "price": "71.16",
            "revenue": 579657
        },
        "2015-11": {
            "month": "2015-11",
            "price": "78.84",
            "revenue": 551943
        },
        "2015-12": {
            "month": "2015-12",
            "price": "118.60",
            "revenue": 631940
        },
        "2016-01": {
            "month": "2016-01",
            "price": "133.29",
            "revenue": 654216
        },
        "2016-02": {
            "month": "2016-02",
            "price": "153.58",
            "revenue": 440590
        },
        "2016-03": {
            "month": "2016-03",
            "price": "141.30",
            "revenue": 647327
        },
        "2016-04": {
            "month": "2016-04",
            "price": "124.11",
            "revenue": 599269
        },
        "2016-05": {
            "month": "2016-05",
            "price": "113.12",
            "revenue": 611327
        },
        "2016-06": {
            "month": "2016-06",
            "price": "124.36",
            "revenue": 595547
        },
        "2016-07": {
            "month": "2016-07",
            "price": "140.20",
            "revenue": 584189
        },
        "2016-08": {
            "month": "2016-08",
            "price": "181.59",
            "revenue": 621840
        },
        "2016-09": {
            "month": "2016-09",
            "price": "170.92",
            "revenue": 655765
        },
        "2016-10": {
            "month": "2016-10",
            "price": "151.70",
            "revenue": 627966
        },
        "2016-11": {
            "month": "2016-11",
            "price": "122.09",
            "revenue": 645178
        },
        "2016-12": {
            "month": "2016-12",
            "price": "126.57",
            "revenue": 614102
        },
        "2017-01": {
            "month": "2017-01",
            "price": "146.06",
            "revenue": 520402
        },
        "2017-02": {
            "month": "2017-02",
            "price": "147.92",
            "revenue": 449386
        },
        "2017-03": {
            "month": "2017-03",
            "price": "142.24",
            "revenue": 542751
        },
        "2017-04": {
            "month": "2017-04",
            "price": "125.33",
            "revenue": 547635
        },
        "2017-05": {
            "month": "2017-05",
            "price": "122.40",
            "revenue": 572701
        },
        "2017-06": {
            "month": "2017-06",
            "price": "123.91",
            "revenue": 594879
        },
        "2017-07": {
            "month": "2017-07",
            "price": "130.50",
            "revenue": 641201
        },
        "2017-08": {
            "month": "2017-08",
            "price": "108.87",
            "revenue": 619429
        },
        "2017-09": {
            "month": "2017-09",
            "price": "99.28",
            "revenue": 702229
        },
        "2017-10": {
            "month": "2017-10",
            "price": "99.91",
            "revenue": 573696
        },
        "2017-11": {
            "month": "2017-11",
            "price": "97.52",
            "revenue": 654044
        },
        "2017-12": {
            "month": "2017-12",
            "price": "94.89",
            "revenue": 646273
        },
        "2018-01": {
            "month": "2018-01",
            "price": "98.18",
            "revenue": 586200
        },
        "2018-02": {
            "month": "2018-02",
            "price": "94.11",
            "revenue": 523002
        },
        "2018-03": {
            "month": "2018-03",
            "price": "93.06",
            "revenue": 538156
        },
        "2018-04": {
            "month": "2018-04",
            "price": "84.04",
            "revenue": 561483
        },
        "2018-05": {
            "month": "2018-05",
            "price": "74.21",
            "revenue": 631462
        },
        "2018-06": {
            "month": "2018-06",
            "price": "87.68",
            "revenue": 638798
        },
        "2018-07": {
            "month": "2018-07",
            "price": "91.31",
            "revenue": 700464
        },
        "2018-08": {
            "month": "2018-08",
            "price": "96.68",
            "revenue": 693975
        },
        "2018-09": {
            "month": "2018-09",
            "price": "90.24",
            "revenue": 701231
        },
        "2018-10": {
            "month": "2018-10",
            "price": "104.59",
            "revenue": 680019
        },
        "2018-11": {
            "month": "2018-11",
            "price": "101.32",
            "revenue": 716134
        },
        "2018-12": {
            "month": "2018-12",
            "price": "112.33",
            "revenue": 691251
        },
        "2019-01": {
            "month": "2019-01",
            "price": "139.07",
            "revenue": 736645
        },
        "2019-02": {
            "month": "2019-02",
            "price": "142.73",
            "revenue": 489102
        },
        "2019-03": {
            "month": "2019-03",
            "price": "126.65",
            "revenue": 622929
        },
        "2019-04": {
            "month": "2019-04",
            "price": "154.88",
            "revenue": 703286
        },
        "2019-05": {
            "month": "2019-05",
            "price": "160.84",
            "revenue": 690400
        },
        "2019-06": {
            "month": "2019-06",
            "price": "164.92",
            "revenue": 808941
        },
        "2019-07": {
            "month": "2019-07",
            "price": "202.48",
            "revenue": 679096
        },
        "2019-08": {
            "month": "2019-08",
            "price": "251.38",
            "revenue": 770267
        },
        "2019-09": {
            "month": "2019-09",
            "price": "241.42",
            "revenue": 730170
        },
        "2019-10": {
            "month": "2019-10",
            "price": "233.55",
            "revenue": 796058
        },
        "2019-11": {
            "month": "2019-11",
            "price": "209.17",
            "revenue": 766140
        },
        "2019-12": {
            "month": "2019-12",
            "price": "242.84",
            "revenue": 793139
        },
        "2020-01": {
            "month": "2020-01",
            "price": "248.73",
            "revenue": 598892
        },
        "2020-02": {
            "month": "2020-02",
            "price": "231.87",
            "revenue": 371236
        },
        "2020-03": {
            "month": "2020-03",
            "price": "213.27",
            "revenue": 673200
        },
        "2020-04": {
            "month": "2020-04",
            "price": "242.10",
            "revenue": 746956
        },
        "2020-05": {
            "month": "2020-05",
            "price": "244.75",
            "revenue": 745757
        },
        "2020-06": {
            "month": "2020-06",
            "price": "257.58",
            "revenue": 870014
        },
        "2020-07": {
            "month": "2020-07",
            "price": "261.39",
            "revenue": 695565
        },
        "2020-08": {
            "month": "2020-08",
            "price": "253.21",
            "revenue": 824812
        },
        "2020-09": {
            "month": "2020-09",
            "price": "259.70",
            "revenue": 918766
        },
        "2020-10": {
            "month": "2020-10",
            "price": "249.05",
            "revenue": 868837
        },
        "2020-11": {
            "month": "2020-11",
            "price": "236.81",
            "revenue": 844685
        },
        "2020-12": {
            "month": "2020-12",
            "price": "220.04",
            "revenue": 964700
        },
        "2021-01": {
            "month": "2021-01",
            "price": "219.25",
            "revenue": 830022
        },
        "2021-02": {
            "month": "2021-02",
            "price": "217.08",
            "revenue": 679818
        },
        "2021-03": {
            "month": "2021-03",
            "price": "215.11",
            "revenue": 964138
        },
        "2021-04": {
            "month": "2021-04",
            "price": "215.82",
            "revenue": 760984
        },
        "2021-05": {
            "month": "2021-05",
            "price": "206.69",
            "revenue": 780672
        },
        "2021-06": {
            "month": "2021-06",
            "price": "212.19",
            "revenue": 788889
        },
        "2021-07": {
            "month": "2021-07",
            "price": "210.80",
            "revenue": 929254
        },
        "2021-08": {
            "month": "2021-08",
            "price": "192.16",
            "revenue": 914648
        },
        "2021-09": {
            "month": "2021-09",
            "price": "171.72",
            "revenue": 1003876
        },
        "2021-10": {
            "month": "2021-10",
            "price": "162.38",
            "revenue": 908468
        },
        "2021-11": {
            "month": "2021-11",
            "price": "169.66",
            "revenue": 1138652
        },
        "2021-12": {
            "month": "2021-12",
            "price": "166.45",
            "revenue": 1312507
        },
        "2022-01": {
            "month": "2022-01",
            "price": "164.61",
            "revenue": 816901
        },
        "2022-02": {
            "month": "2022-02",
            "price": "155.97",
            "revenue": 711417
        },
        "2022-03": {
            "month": "2022-03",
            "price": "138.33",
            "revenue": 820397
        },
        "2022-04": {
            "month": "2022-04",
            "price": "107.97",
            "revenue": 890204
        },
        "2022-05": {
            "month": "2022-05",
            "price": "111.21",
            "revenue": 937313
        },
        "2022-06": {
            "month": "2022-06",
            "price": "110.12",
            "revenue": 1015572
        },
        "2022-07": {
            "month": "2022-07",
            "price": "104.90",
            "revenue": 1044790
        },
        "2022-08": {
            "month": "2022-08",
            "price": "109.48",
            "revenue": 997458
        },
        "2022-09": {
            "month": "2022-09",
            "price": "103.97",
            "revenue": 1150464
        },
        "2022-10": {
            "month": "2022-10",
            "price": "102.16",
            "revenue": 1214034
        },
        "2022-11": {
            "month": "2022-11",
            "price": "113.32",
            "revenue": 1206329
        },
        "2022-12": {
            "month": "2022-12",
            "price": "123.91",
            "revenue": 1093060
        },
        "2023-01": {
            "month": "2023-01",
            "price": "113.15",
            "revenue": 998800
        },
        "2023-02": {
            "month": "2023-02",
            "price": "121.36",
            "revenue": 930543
        },
        "2023-03": {
            "month": "2023-03",
            "price": "133.72",
            "revenue": 996096
        },
        "2023-04": {
            "month": "2023-04",
            "price": "159.56",
            "revenue": 946337
        },
        "2023-05": {
            "month": "2023-05",
            "price": "175.95",
            "revenue": 950886
        }
    }
}
