{
    "summary": {
        "stock_name": "系微",
        "stock_id": "6231",
        "category": "資訊服務",
        "main_business": "筆記型電腦之基本輸出入軟體<br>資訊家電之基本輸出入軟體",
        "website_url": "http://www.insyde.com",
        "ceo": "莊鈴文",
        "pe_ratio": 52,
        "report_year_from": 2001,
        "report_year_to": 2023,
        "age": 23,
        "eps_negative_percentage": 13,
        "eps_growth_avg": {
            "last_all": 11.11,
            "last_2y": 5.66,
            "last_4y": 24.98,
            "last_8y": 25.31,
            "last_12y": 6.4,
            "last_16y": 21.78,
            "last_20y": 12.13,
            "at_2006_last_3y": -65.13,
            "at_2007_last_3y": 34.87,
            "at_2008_last_3y": 56.58,
            "at_2009_last_3y": 61.17,
            "at_2010_last_3y": 67.93,
            "at_2011_last_3y": 53.58,
            "at_2012_last_3y": 12.32,
            "at_2013_last_3y": -25.96,
            "at_2014_last_3y": -31.41,
            "at_2015_last_3y": -17.06,
            "at_2016_last_3y": -25.8,
            "at_2017_last_3y": -8.33,
            "at_2018_last_3y": 25.85,
            "at_2019_last_3y": 3.63,
            "at_2020_last_3y": 61.82,
            "at_2021_last_3y": 57.97,
            "at_2022_last_3y": 45.03,
            "at_2023_last_3y": 22.89,
            "at_2024_last_3y": 22.89,
            "at_2006_last_all": -45.84,
            "at_2007_last_all": -9.38,
            "at_2008_last_all": 12.5,
            "at_2009_last_all": 22.9,
            "at_2010_last_all": 19.17,
            "at_2011_last_all": 22.1,
            "at_2012_last_all": 12.42,
            "at_2013_last_all": 3.36,
            "at_2014_last_all": 0.78,
            "at_2015_last_all": 9.05,
            "at_2016_last_all": 0.66,
            "at_2017_last_all": 0.66,
            "at_2018_last_all": 6.15,
            "at_2019_last_all": 7.96,
            "at_2020_last_all": 12.13,
            "at_2021_last_all": 14.14,
            "at_2022_last_all": 14.79,
            "at_2023_last_all": 11.11,
            "at_2024_last_all": 11.11
        },
        "latest_eps": 4.9,
        "latest_price": 256,
        "latest_roe": 20.98,
        "latest_gross_margin": 78.91,
        "latest_equity": 866400,
        "latest_revenue": 356964,
        "latest_gross_profit": 281674,
        "latest_net_income": 68542,
        "latest_debt_ratio": 35.43,
        "latest_current_ratio": 297.77,
        "latest_account_receivable_turnover_ratio": 1.87,
        "latest_inventory_turnover_ratio": null,
        "latest_reinvestment_rate": 2.08,
        "latest_research_to_sale_ratio": 35.61
    },
    "eps_dividends": {
        "2001": {
            "cash": 0,
            "stock": 0,
            "eps": 1.24
        },
        "2002": {
            "cash": 0,
            "stock": 0,
            "eps": 1.15
        },
        "2003": {
            "cash": 0.15,
            "stock": 0.5,
            "eps": -0.53
        },
        "2004": {
            "cash": 0,
            "stock": 0,
            "eps": -4.1
        },
        "2005": {
            "cash": 0,
            "stock": 0,
            "eps": 0.76
        },
        "2006": {
            "cash": 0,
            "stock": 0,
            "eps": 0.53
        },
        "2007": {
            "cash": 0,
            "stock": 0,
            "eps": 1.47
        },
        "2008": {
            "cash": 0.05,
            "stock": 0.41,
            "eps": 3.91
        },
        "2009": {
            "cash": 1.99,
            "stock": 0,
            "eps": 6.84
        },
        "2010": {
            "cash": 5,
            "stock": 1,
            "eps": 6.62
        },
        "2011": {
            "cash": 5.5,
            "stock": 0,
            "eps": 9.44
        },
        "2012": {
            "cash": 7.5,
            "stock": 0,
            "eps": 3.3
        },
        "2013": {
            "cash": 2.5,
            "stock": 0,
            "eps": 0.72
        },
        "2014": {
            "cash": 0.55,
            "stock": 0,
            "eps": 0.54
        },
        "2015": {
            "cash": 0.4,
            "stock": 0,
            "eps": 1.14
        },
        "2016": {
            "cash": 0.85,
            "stock": 0,
            "eps": -0.99
        },
        "2017": {
            "cash": 0.3,
            "stock": 0,
            "eps": 0.98
        },
        "2018": {
            "cash": 0.85,
            "stock": 0,
            "eps": 1.74
        },
        "2019": {
            "cash": 1.5,
            "stock": 0,
            "eps": 2.32
        },
        "2020": {
            "cash": 2,
            "stock": 0,
            "eps": 4.05
        },
        "2021": {
            "cash": 3.5,
            "stock": 0,
            "eps": 5.93
        },
        "2022": {
            "cash": 5.2,
            "stock": 0,
            "eps": 7.46
        },
        "2023": {
            "cash": 6.3,
            "stock": 0,
            "eps": 3.34
        }
    },
    "dividends": {
        "2003-06-20": {
            "cash": 0.15,
            "stock": 0.5
        },
        "2008-03-28": {
            "cash": 0.05,
            "stock": 0.41
        },
        "2009-03-27": {
            "cash": 1.99,
            "stock": 0
        },
        "2010-03-26": {
            "cash": 5,
            "stock": 1
        },
        "2011-03-24": {
            "cash": 5.5,
            "stock": 0
        },
        "2012-06-21": {
            "cash": 7.5,
            "stock": 0
        },
        "2013-06-17": {
            "cash": 2.5,
            "stock": 0
        },
        "2014-08-15": {
            "cash": 0.55,
            "stock": 0
        },
        "2015-08-14": {
            "cash": 0.4,
            "stock": 0
        },
        "2016-08-12": {
            "cash": 0.85,
            "stock": 0
        },
        "2017-08-11": {
            "cash": 0.3,
            "stock": 0
        },
        "2018-08-10": {
            "cash": 0.85,
            "stock": 0
        },
        "2019-08-09": {
            "cash": 1.5,
            "stock": 0
        },
        "2020-08-07": {
            "cash": 2,
            "stock": 0
        },
        "2021-08-26": {
            "cash": 3.5,
            "stock": 0
        },
        "2022-08-05": {
            "cash": 5.2,
            "stock": 0
        },
        "2023-08-04": {
            "cash": 6.3,
            "stock": 0
        }
    },
    "prices": {
        "200101": "無",
        "200102": "無",
        "200103": "無",
        "200104": "無",
        "200105": "無",
        "200106": "無",
        "200107": "無",
        "200108": "無",
        "200109": "無",
        "200110": "無",
        "200111": "無",
        "200112": "無",
        "200201": "無",
        "200202": "無",
        "200203": "無",
        "200204": "無",
        "200205": "無",
        "200206": "無",
        "200207": "無",
        "200208": "無",
        "200209": "無",
        "200210": "無",
        "200211": "無",
        "200212": "無",
        "200301": "28.68",
        "200302": "25.27",
        "200303": "24.83",
        "200304": "22.24",
        "200305": "18.32",
        "200306": "23.40",
        "200307": "25.73",
        "200308": "20.60",
        "200309": "18.42",
        "200310": "18.04",
        "200311": "17.86",
        "200312": "17.39",
        "200401": "17.93",
        "200402": "19.52",
        "200403": "22.97",
        "200404": "21.75",
        "200405": "16.70",
        "200406": "14.36",
        "200407": "9.69",
        "200408": "8.86",
        "200409": "9.21",
        "200410": "10.16",
        "200411": "9.43",
        "200412": "9.50",
        "200501": "9.35",
        "200502": "9.27",
        "200503": "10.74",
        "200504": "12.40",
        "200505": "13.08",
        "200506": "18.42",
        "200507": "39.28",
        "200508": "46.79",
        "200509": "43.10",
        "200510": "34.51",
        "200511": "30.69",
        "200512": "33.01",
        "200601": "45.17",
        "200602": "39.72",
        "200603": "34.75",
        "200604": "38.51",
        "200605": "37.44",
        "200606": "32.19",
        "200607": "28.67",
        "200608": "26.62",
        "200609": "26.68",
        "200610": "35.22",
        "200611": "34.80",
        "200612": "37.07",
        "200701": "41.97",
        "200702": "37.99",
        "200703": "37.00",
        "200704": "40.54",
        "200705": "39.40",
        "200706": "44.00",
        "200707": "86.49",
        "200708": "114.57",
        "200709": "108.52",
        "200710": "112.52",
        "200711": "114.12",
        "200712": "85.50",
        "200801": "68.90",
        "200802": "75.04",
        "200803": "84.30",
        "200804": "99.69",
        "200805": "109.58",
        "200806": "96.30",
        "200807": "92.68",
        "200808": "97.42",
        "200809": "72.73",
        "200810": "46.75",
        "200811": "49.80",
        "200812": "54.24",
        "200901": "58.95",
        "200902": "71.19",
        "200903": "87.10",
        "200904": "119.25",
        "200905": "140.44",
        "200906": "167.09",
        "200907": "184.33",
        "200908": "158.48",
        "200909": "151.30",
        "200910": "143.00",
        "200911": "143.43",
        "200912": "143.78",
        "201001": "145.28",
        "201002": "120.29",
        "201003": "123.83",
        "201004": "126.71",
        "201005": "111.64",
        "201006": "108.55",
        "201007": "101.55",
        "201008": "88.40",
        "201009": "87.36",
        "201010": "93.20",
        "201011": "94.12",
        "201012": "110.07",
        "201101": "116.90",
        "201102": "130.93",
        "201103": "159.07",
        "201104": "149.58",
        "201105": "144.36",
        "201106": "159.45",
        "201107": "145.55",
        "201108": "116.07",
        "201109": "115.21",
        "201110": "134.28",
        "201111": "129.07",
        "201112": "142.52",
        "201201": "145.70",
        "201202": "152.65",
        "201203": "155.24",
        "201204": "142.22",
        "201205": "135.25",
        "201206": "133.88",
        "201207": "117.84",
        "201208": "111.86",
        "201209": "117.72",
        "201210": "111.39",
        "201211": "79.88",
        "201212": "79.12",
        "201301": "75.15",
        "201302": "72.62",
        "201303": "71.80",
        "201304": "59.40",
        "201305": "55.25",
        "201306": "57.83",
        "201307": "49.57",
        "201308": "48.19",
        "201309": "55.55",
        "201310": "50.90",
        "201311": "46.41",
        "201312": "47.28",
        "201401": "53.44",
        "201402": "52.17",
        "201403": "54.94",
        "201404": "61.51",
        "201405": "57.83",
        "201406": "59.42",
        "201407": "53.59",
        "201408": "49.98",
        "201409": "55.70",
        "201410": "51.46",
        "201411": "49.72",
        "201412": "49.99",
        "201501": "49.22",
        "201502": "48.09",
        "201503": "47.18",
        "201504": "41.76",
        "201505": "36.19",
        "201506": "34.47",
        "201507": "33.30",
        "201508": "28.93",
        "201509": "28.04",
        "201510": "30.61",
        "201511": "30.42",
        "201512": "25.87",
        "201601": "22.14",
        "201602": "22.76",
        "201603": "23.45",
        "201604": "28.48",
        "201605": "28.26",
        "201606": "31.33",
        "201607": "33.85",
        "201608": "31.85",
        "201609": "30.96",
        "201610": "29.60",
        "201611": "25.25",
        "201612": "24.28",
        "201701": "24.04",
        "201702": "24.96",
        "201703": "26.92",
        "201704": "30.38",
        "201705": "30.33",
        "201706": "41.93",
        "201707": "46.51",
        "201708": "50.10",
        "201709": "56.10",
        "201710": "54.14",
        "201711": "56.10",
        "201712": "49.25",
        "201801": "47.47",
        "201802": "40.75",
        "201803": "42.72",
        "201804": "39.67",
        "201805": "38.90",
        "201806": "43.35",
        "201807": "39.22",
        "201808": "39.15",
        "201809": "39.95",
        "201810": "32.57",
        "201811": "33.07",
        "201812": "36.77",
        "201901": "37.21",
        "201902": "40.77",
        "201903": "44.78",
        "201904": "45.23",
        "201905": "42.51",
        "201906": "39.87",
        "201907": "41.24",
        "201908": "50.53",
        "201909": "62.86",
        "201910": "63.70",
        "201911": "63.26",
        "201912": "65.73",
        "202001": "63.70",
        "202002": "58.59",
        "202003": "49.53",
        "202004": "57.20",
        "202005": "68.30",
        "202006": "91.02",
        "202007": "114.95",
        "202008": "108.62",
        "202009": "99.31",
        "202010": "93.91",
        "202011": "91.75",
        "202012": "93.80",
        "202101": "97.79",
        "202102": "92.84",
        "202103": "92.27",
        "202104": "91.26",
        "202105": "75.43",
        "202106": "79.29",
        "202107": "86.75",
        "202108": "79.14",
        "202109": "74.12",
        "202110": "72.43",
        "202111": "84.21",
        "202112": "85.71",
        "202201": "83.69",
        "202202": "89.93",
        "202203": "103.53",
        "202204": "101.09",
        "202205": "90.96",
        "202206": "82.68",
        "202207": "71.76",
        "202208": "74.30",
        "202209": "69.58",
        "202210": "71.39",
        "202211": "77.71",
        "202212": "90.08",
        "202301": "89.61",
        "202302": "100.70",
        "202303": "124.59",
        "202304": "127.41",
        "202305": "118.14",
        "202306": "114.72",
        "202307": "122.86",
        "202308": "142.64",
        "202309": "147.42",
        "202310": "162.60",
        "202311": "165.36",
        "202312": "223.45"
    },
    "quarters": {
        "20011": {
            "year_quarter": 20011,
            "year": 2001,
            "quarter": 1,
            "eps": null,
            "eps_growth_year": null,
            "eps_4q": null,
            "eps_4q_growth_year": null,
            "roe": null,
            "roe_4q": 0,
            "gross_profit": null,
            "gross_margin": null,
            "gross_margin_4q_avg": 0,
            "net_income": null,
            "net_income_4q": null,
            "revenue": null,
            "revenue_4q": null,
            "common_shares": null,
            "book_valuer_per_share": null,
            "book_valuer_per_share_4q_avg": 0,
            "equity": null,
            "current_ratio": null,
            "debt_ratio": null,
            "inventory_turnover_ratio": null,
            "account_receivable_turnover_ratio": null,
            "reinvestment_rate": null,
            "research_to_sale_ratio": null,
            "price_fair": 0,
            "eps_avg_yearly": 0,
            "eps_latest_yearly": 0,
            "eps_growth_yearly": 0
        },
        "20012": {
            "year_quarter": 20012,
            "year": 2001,
            "quarter": 2,
            "eps": null,
            "eps_growth_year": null,
            "eps_4q": null,
            "eps_4q_growth_year": null,
            "roe": null,
            "roe_4q": 0,
            "gross_profit": null,
            "gross_margin": null,
            "gross_margin_4q_avg": 0,
            "net_income": null,
            "net_income_4q": null,
            "revenue": null,
            "revenue_4q": null,
            "common_shares": null,
            "book_valuer_per_share": null,
            "book_valuer_per_share_4q_avg": 0,
            "equity": null,
            "current_ratio": null,
            "debt_ratio": null,
            "inventory_turnover_ratio": null,
            "account_receivable_turnover_ratio": null,
            "reinvestment_rate": null,
            "research_to_sale_ratio": null,
            "price_fair": 0,
            "eps_avg_yearly": 0,
            "eps_latest_yearly": 0,
            "eps_growth_yearly": 0
        },
        "20013": {
            "year_quarter": 20013,
            "year": 2001,
            "quarter": 3,
            "eps": 1.1,
            "eps_growth_year": null,
            "eps_4q": null,
            "eps_4q_growth_year": null,
            "roe": 9.3,
            "roe_4q": 9.3,
            "gross_profit": 25387,
            "gross_margin": 92.42,
            "gross_margin_4q_avg": 30.81,
            "net_income": 18271,
            "net_income_4q": null,
            "revenue": 27469,
            "revenue_4q": null,
            "common_shares": 166693,
            "book_valuer_per_share": 11.78,
            "book_valuer_per_share_4q_avg": 3.93,
            "equity": 196387,
            "current_ratio": 853.9,
            "debt_ratio": 8.93,
            "inventory_turnover_ratio": null,
            "account_receivable_turnover_ratio": null,
            "reinvestment_rate": null,
            "research_to_sale_ratio": null,
            "price_fair": 0,
            "eps_avg_yearly": 0,
            "eps_latest_yearly": 0,
            "eps_growth_yearly": 0
        },
        "20014": {
            "year_quarter": 20014,
            "year": 2001,
            "quarter": 4,
            "eps": 0.14,
            "eps_growth_year": null,
            "eps_4q": null,
            "eps_4q_growth_year": null,
            "roe": 1.08,
            "roe_4q": 10.38,
            "gross_profit": 21709,
            "gross_margin": 84.15,
            "gross_margin_4q_avg": 44.14,
            "net_income": 2319,
            "net_income_4q": null,
            "revenue": 25797,
            "revenue_4q": null,
            "common_shares": 191693,
            "book_valuer_per_share": 12.12,
            "book_valuer_per_share_4q_avg": 5.98,
            "equity": 232380,
            "current_ratio": 746.8,
            "debt_ratio": 10.88,
            "inventory_turnover_ratio": null,
            "account_receivable_turnover_ratio": null,
            "reinvestment_rate": null,
            "research_to_sale_ratio": null,
            "price_fair": 0,
            "eps_avg_yearly": 0,
            "eps_latest_yearly": 0,
            "eps_growth_yearly": 0
        },
        "20021": {
            "year_quarter": 20021,
            "year": 2002,
            "quarter": 1,
            "eps": 0.3,
            "eps_growth_year": null,
            "eps_4q": null,
            "eps_4q_growth_year": null,
            "roe": 2.42,
            "roe_4q": 12.8,
            "gross_profit": 32333,
            "gross_margin": 90.71,
            "gross_margin_4q_avg": 66.82,
            "net_income": 5683,
            "net_income_4q": null,
            "revenue": 35643,
            "revenue_4q": null,
            "common_shares": 191693,
            "book_valuer_per_share": 12.42,
            "book_valuer_per_share_4q_avg": 9.08,
            "equity": 238080,
            "current_ratio": 1004.04,
            "debt_ratio": 8.39,
            "inventory_turnover_ratio": null,
            "account_receivable_turnover_ratio": null,
            "reinvestment_rate": null,
            "research_to_sale_ratio": null,
            "price_fair": 42,
            "eps_avg_yearly": 1.2,
            "eps_latest_yearly": 1.2,
            "eps_growth_yearly": 457.14
        },
        "20022": {
            "year_quarter": 20022,
            "year": 2002,
            "quarter": 2,
            "eps": 0.27,
            "eps_growth_year": null,
            "eps_4q": 1.61,
            "eps_4q_growth_year": null,
            "roe": 2.2,
            "roe_4q": 15,
            "gross_profit": 34105,
            "gross_margin": 89.36,
            "gross_margin_4q_avg": 89.16,
            "net_income": 5286,
            "net_income_4q": null,
            "revenue": 38164,
            "revenue_4q": null,
            "common_shares": 191693,
            "book_valuer_per_share": 12.64,
            "book_valuer_per_share_4q_avg": 12.24,
            "equity": 242314,
            "current_ratio": 780.37,
            "debt_ratio": 10.64,
            "inventory_turnover_ratio": null,
            "account_receivable_turnover_ratio": null,
            "reinvestment_rate": null,
            "research_to_sale_ratio": null,
            "price_fair": 39.9,
            "eps_avg_yearly": 1.14,
            "eps_latest_yearly": 1.08,
            "eps_growth_yearly": 208.57
        },
        "20023": {
            "year_quarter": 20023,
            "year": 2002,
            "quarter": 3,
            "eps": 0.41,
            "eps_growth_year": -62.73,
            "eps_4q": 1.09,
            "eps_4q_growth_year": null,
            "roe": 2.91,
            "roe_4q": 8.61,
            "gross_profit": 36830,
            "gross_margin": 83.1,
            "gross_margin_4q_avg": 86.83,
            "net_income": 8048,
            "net_income_4q": null,
            "revenue": 44318,
            "revenue_4q": null,
            "common_shares": 236000,
            "book_valuer_per_share": 13.17,
            "book_valuer_per_share_4q_avg": 12.59,
            "equity": 310888,
            "current_ratio": 1021.22,
            "debt_ratio": 8.67,
            "inventory_turnover_ratio": null,
            "account_receivable_turnover_ratio": null,
            "reinvestment_rate": null,
            "research_to_sale_ratio": null,
            "price_fair": 45.73,
            "eps_avg_yearly": 1.31,
            "eps_latest_yearly": 1.64,
            "eps_growth_yearly": 208.18
        },
        "20024": {
            "year_quarter": 20024,
            "year": 2002,
            "quarter": 4,
            "eps": 0.17,
            "eps_growth_year": 21.43,
            "eps_4q": 1.06,
            "eps_4q_growth_year": null,
            "roe": 1.16,
            "roe_4q": 8.690000000000001,
            "gross_profit": 37681,
            "gross_margin": 87.77,
            "gross_margin_4q_avg": 87.74,
            "net_income": 3636,
            "net_income_4q": null,
            "revenue": 42933,
            "revenue_4q": null,
            "common_shares": 236000,
            "book_valuer_per_share": 13.32,
            "book_valuer_per_share_4q_avg": 12.89,
            "equity": 314442,
            "current_ratio": 888.95,
            "debt_ratio": 9.59,
            "inventory_turnover_ratio": null,
            "account_receivable_turnover_ratio": null,
            "reinvestment_rate": null,
            "research_to_sale_ratio": null,
            "price_fair": 40.25,
            "eps_avg_yearly": 1.15,
            "eps_latest_yearly": 0.68,
            "eps_growth_yearly": 97.6
        },
        "20031": {
            "year_quarter": 20031,
            "year": 2003,
            "quarter": 1,
            "eps": 0.24,
            "eps_growth_year": -20,
            "eps_4q": 0.95,
            "eps_4q_growth_year": null,
            "roe": 1.82,
            "roe_4q": 8.09,
            "gross_profit": 37620,
            "gross_margin": 81.63,
            "gross_margin_4q_avg": 85.47,
            "net_income": 5768,
            "net_income_4q": null,
            "revenue": 46085,
            "revenue_4q": null,
            "common_shares": 236000,
            "book_valuer_per_share": 13.57,
            "book_valuer_per_share_4q_avg": 13.18,
            "equity": 320233,
            "current_ratio": 1255.42,
            "debt_ratio": 7.08,
            "inventory_turnover_ratio": null,
            "account_receivable_turnover_ratio": null,
            "reinvestment_rate": null,
            "research_to_sale_ratio": null,
            "price_fair": 38.92,
            "eps_avg_yearly": 1.11,
            "eps_latest_yearly": 0.96,
            "eps_growth_yearly": 111.02
        },
        "20032": {
            "year_quarter": 20032,
            "year": 2003,
            "quarter": 2,
            "eps": -0.21,
            "eps_growth_year": -177.78,
            "eps_4q": 0.51,
            "eps_4q_growth_year": -68.29,
            "roe": -1.55,
            "roe_4q": 4.34,
            "gross_profit": 28471,
            "gross_margin": 82.42,
            "gross_margin_4q_avg": 83.73,
            "net_income": -4880,
            "net_income_4q": null,
            "revenue": 34544,
            "revenue_4q": null,
            "common_shares": 245973,
            "book_valuer_per_share": 12.63,
            "book_valuer_per_share_4q_avg": 13.17,
            "equity": 310599,
            "current_ratio": 706.07,
            "debt_ratio": 11.42,
            "inventory_turnover_ratio": null,
            "account_receivable_turnover_ratio": null,
            "reinvestment_rate": null,
            "research_to_sale_ratio": null,
            "price_fair": 38.92,
            "eps_avg_yearly": 1.11,
            "eps_latest_yearly": 0.96,
            "eps_growth_yearly": 111.02
        },
        "20033": {
            "year_quarter": 20033,
            "year": 2003,
            "quarter": 3,
            "eps": -0.4,
            "eps_growth_year": -197.56,
            "eps_4q": -0.22,
            "eps_4q_growth_year": -120.01,
            "roe": -3.23,
            "roe_4q": -1.8,
            "gross_profit": 25468,
            "gross_margin": 85.37,
            "gross_margin_4q_avg": 84.3,
            "net_income": -9875,
            "net_income_4q": null,
            "revenue": 29834,
            "revenue_4q": null,
            "common_shares": 245973,
            "book_valuer_per_share": 12.2,
            "book_valuer_per_share_4q_avg": 12.93,
            "equity": 300086,
            "current_ratio": 691.31,
            "debt_ratio": 11.51,
            "inventory_turnover_ratio": null,
            "account_receivable_turnover_ratio": null,
            "reinvestment_rate": null,
            "research_to_sale_ratio": null,
            "price_fair": 38.92,
            "eps_avg_yearly": 1.11,
            "eps_latest_yearly": 0.96,
            "eps_growth_yearly": 111.02
        },
        "20034": {
            "year_quarter": 20034,
            "year": 2003,
            "quarter": 4,
            "eps": -0.16,
            "eps_growth_year": -194.12,
            "eps_4q": -0.53,
            "eps_4q_growth_year": -150.04,
            "roe": -1.34,
            "roe_4q": -4.3,
            "gross_profit": 33607,
            "gross_margin": 85.47,
            "gross_margin_4q_avg": 83.72,
            "net_income": -4010,
            "net_income_4q": null,
            "revenue": 39321,
            "revenue_4q": null,
            "common_shares": 245973,
            "book_valuer_per_share": 12.05,
            "book_valuer_per_share_4q_avg": 12.61,
            "equity": 296283,
            "current_ratio": 707.98,
            "debt_ratio": 10.89,
            "inventory_turnover_ratio": null,
            "account_receivable_turnover_ratio": null,
            "reinvestment_rate": null,
            "research_to_sale_ratio": null,
            "price_fair": 38.92,
            "eps_avg_yearly": 1.11,
            "eps_latest_yearly": 0.96,
            "eps_growth_yearly": 111.02
        },
        "20041": {
            "year_quarter": 20041,
            "year": 2004,
            "quarter": 1,
            "eps": -0.69,
            "eps_growth_year": -387.5,
            "eps_4q": -1.45,
            "eps_4q_growth_year": -253.22,
            "roe": -5.93,
            "roe_4q": -12.05,
            "gross_profit": 22933,
            "gross_margin": 83.49,
            "gross_margin_4q_avg": 84.19,
            "net_income": -17045,
            "net_income_4q": null,
            "revenue": 27469,
            "revenue_4q": null,
            "common_shares": 245973,
            "book_valuer_per_share": 11.31,
            "book_valuer_per_share_4q_avg": 12.05,
            "equity": 278254,
            "current_ratio": 1152.22,
            "debt_ratio": 26.14,
            "inventory_turnover_ratio": null,
            "account_receivable_turnover_ratio": null,
            "reinvestment_rate": null,
            "research_to_sale_ratio": null,
            "price_fair": 38.92,
            "eps_avg_yearly": 1.11,
            "eps_latest_yearly": 0.96,
            "eps_growth_yearly": 111.02
        },
        "20042": {
            "year_quarter": 20042,
            "year": 2004,
            "quarter": 2,
            "eps": -1.37,
            "eps_growth_year": null,
            "eps_4q": -2.63,
            "eps_4q_growth_year": -613.59,
            "roe": -12.85,
            "roe_4q": -23.35,
            "gross_profit": 15021,
            "gross_margin": 74.14,
            "gross_margin_4q_avg": 82.12,
            "net_income": -33639,
            "net_income_4q": null,
            "revenue": 20260,
            "revenue_4q": null,
            "common_shares": 245973,
            "book_valuer_per_share": 9.97,
            "book_valuer_per_share_4q_avg": 11.38,
            "equity": 245194,
            "current_ratio": 1059.38,
            "debt_ratio": 28.53,
            "inventory_turnover_ratio": null,
            "account_receivable_turnover_ratio": null,
            "reinvestment_rate": null,
            "research_to_sale_ratio": null,
            "price_fair": 38.92,
            "eps_avg_yearly": 1.11,
            "eps_latest_yearly": 0.96,
            "eps_growth_yearly": 111.02
        },
        "20043": {
            "year_quarter": 20043,
            "year": 2004,
            "quarter": 3,
            "eps": -0.25,
            "eps_growth_year": null,
            "eps_4q": -2.47,
            "eps_4q_growth_year": null,
            "roe": -2.53,
            "roe_4q": -22.65,
            "gross_profit": 27611,
            "gross_margin": 83.79,
            "gross_margin_4q_avg": 81.72,
            "net_income": -6141,
            "net_income_4q": null,
            "revenue": 32953,
            "revenue_4q": null,
            "common_shares": 245973,
            "book_valuer_per_share": 9.75,
            "book_valuer_per_share_4q_avg": 10.77,
            "equity": 239728,
            "current_ratio": 1050.02,
            "debt_ratio": 29.11,
            "inventory_turnover_ratio": null,
            "account_receivable_turnover_ratio": null,
            "reinvestment_rate": null,
            "research_to_sale_ratio": null,
            "price_fair": 38.92,
            "eps_avg_yearly": 1.11,
            "eps_latest_yearly": 0.96,
            "eps_growth_yearly": 111.02
        },
        "20044": {
            "year_quarter": 20044,
            "year": 2004,
            "quarter": 4,
            "eps": -1.79,
            "eps_growth_year": null,
            "eps_4q": -4.1,
            "eps_4q_growth_year": null,
            "roe": -20.3,
            "roe_4q": -41.61,
            "gross_profit": 29448,
            "gross_margin": 80.51,
            "gross_margin_4q_avg": 80.48,
            "net_income": -44011,
            "net_income_4q": null,
            "revenue": 36578,
            "revenue_4q": null,
            "common_shares": 245973,
            "book_valuer_per_share": 7.88,
            "book_valuer_per_share_4q_avg": 9.73,
            "equity": 193894,
            "current_ratio": 916.24,
            "debt_ratio": 34.07,
            "inventory_turnover_ratio": null,
            "account_receivable_turnover_ratio": null,
            "reinvestment_rate": null,
            "research_to_sale_ratio": null,
            "price_fair": 38.92,
            "eps_avg_yearly": 1.11,
            "eps_latest_yearly": 0.96,
            "eps_growth_yearly": 111.02
        },
        "20051": {
            "year_quarter": 20051,
            "year": 2005,
            "quarter": 1,
            "eps": -0.02,
            "eps_growth_year": null,
            "eps_4q": -3.4,
            "eps_4q_growth_year": null,
            "roe": -0.26,
            "roe_4q": -35.940000000000005,
            "gross_profit": 33495,
            "gross_margin": 79.29,
            "gross_margin_4q_avg": 79.43,
            "net_income": -496,
            "net_income_4q": null,
            "revenue": 42242,
            "revenue_4q": null,
            "common_shares": 245973,
            "book_valuer_per_share": 7.84,
            "book_valuer_per_share_4q_avg": 8.86,
            "equity": 192737,
            "current_ratio": 1073.52,
            "debt_ratio": 33.36,
            "inventory_turnover_ratio": null,
            "account_receivable_turnover_ratio": null,
            "reinvestment_rate": null,
            "research_to_sale_ratio": null,
            "price_fair": 38.92,
            "eps_avg_yearly": 1.11,
            "eps_latest_yearly": 0.96,
            "eps_growth_yearly": 111.02
        },
        "20052": {
            "year_quarter": 20052,
            "year": 2005,
            "quarter": 2,
            "eps": 0.24,
            "eps_growth_year": null,
            "eps_4q": -1.78,
            "eps_4q_growth_year": null,
            "roe": 3.07,
            "roe_4q": -20.020000000000003,
            "gross_profit": 41332,
            "gross_margin": 81.23,
            "gross_margin_4q_avg": 81.21,
            "net_income": 6011,
            "net_income_4q": null,
            "revenue": 50880,
            "revenue_4q": null,
            "common_shares": 245973,
            "book_valuer_per_share": 8.1,
            "book_valuer_per_share_4q_avg": 8.39,
            "equity": 199151,
            "current_ratio": 835.67,
            "debt_ratio": 34.62,
            "inventory_turnover_ratio": null,
            "account_receivable_turnover_ratio": null,
            "reinvestment_rate": null,
            "research_to_sale_ratio": null,
            "price_fair": 38.92,
            "eps_avg_yearly": 1.11,
            "eps_latest_yearly": 0.96,
            "eps_growth_yearly": 111.02
        },
        "20053": {
            "year_quarter": 20053,
            "year": 2005,
            "quarter": 3,
            "eps": 0.4,
            "eps_growth_year": null,
            "eps_4q": -1.16,
            "eps_4q_growth_year": null,
            "roe": 4.8,
            "roe_4q": -12.690000000000001,
            "gross_profit": 36861,
            "gross_margin": 75.38,
            "gross_margin_4q_avg": 79.1,
            "net_income": 9893,
            "net_income_4q": null,
            "revenue": 48900,
            "revenue_4q": null,
            "common_shares": 248311,
            "book_valuer_per_share": 8.59,
            "book_valuer_per_share_4q_avg": 8.1,
            "equity": 213270,
            "current_ratio": 1107.04,
            "debt_ratio": 31.84,
            "inventory_turnover_ratio": null,
            "account_receivable_turnover_ratio": null,
            "reinvestment_rate": null,
            "research_to_sale_ratio": null,
            "price_fair": 41.77,
            "eps_avg_yearly": 1.19,
            "eps_latest_yearly": 1.6,
            "eps_growth_yearly": 136.96
        },
        "20054": {
            "year_quarter": 20054,
            "year": 2005,
            "quarter": 4,
            "eps": 0.14,
            "eps_growth_year": null,
            "eps_4q": 0.75,
            "eps_4q_growth_year": null,
            "roe": 1.65,
            "roe_4q": 9.26,
            "gross_profit": 37454,
            "gross_margin": 72.83,
            "gross_margin_4q_avg": 77.18,
            "net_income": 3554,
            "net_income_4q": null,
            "revenue": 51428,
            "revenue_4q": null,
            "common_shares": 248381,
            "book_valuer_per_share": 8.72,
            "book_valuer_per_share_4q_avg": 8.31,
            "equity": 216681,
            "current_ratio": 949.86,
            "debt_ratio": 32.6,
            "inventory_turnover_ratio": null,
            "account_receivable_turnover_ratio": null,
            "reinvestment_rate": null,
            "research_to_sale_ratio": null,
            "price_fair": 38.6,
            "eps_avg_yearly": 1.1,
            "eps_latest_yearly": 0.56,
            "eps_growth_yearly": 80.25
        },
        "20061": {
            "year_quarter": 20061,
            "year": 2006,
            "quarter": 1,
            "eps": 0.09,
            "eps_growth_year": null,
            "eps_4q": 0.9,
            "eps_4q_growth_year": null,
            "roe": 0.99,
            "roe_4q": 10.51,
            "gross_profit": 39555,
            "gross_margin": 85.5,
            "gross_margin_4q_avg": 78.74,
            "net_income": 2163,
            "net_income_4q": null,
            "revenue": 46265,
            "revenue_4q": null,
            "common_shares": 248381,
            "book_valuer_per_share": 8.85,
            "book_valuer_per_share_4q_avg": 8.57,
            "equity": 219903,
            "current_ratio": 256.01,
            "debt_ratio": 34.39,
            "inventory_turnover_ratio": null,
            "account_receivable_turnover_ratio": null,
            "reinvestment_rate": null,
            "research_to_sale_ratio": null,
            "price_fair": 2.95,
            "eps_avg_yearly": 0.98,
            "eps_latest_yearly": 0.36,
            "eps_growth_yearly": -5.46
        },
        "20062": {
            "year_quarter": 20062,
            "year": 2006,
            "quarter": 2,
            "eps": -0.16,
            "eps_growth_year": -166.67,
            "eps_4q": 0.46,
            "eps_4q_growth_year": null,
            "roe": -1.89,
            "roe_4q": 5.55,
            "gross_profit": 36290,
            "gross_margin": 77.4,
            "gross_margin_4q_avg": 77.78,
            "net_income": -4112,
            "net_income_4q": null,
            "revenue": 46885,
            "revenue_4q": null,
            "common_shares": 249674,
            "book_valuer_per_share": 8.63,
            "book_valuer_per_share_4q_avg": 8.7,
            "equity": 215476,
            "current_ratio": 269.98,
            "debt_ratio": 35.34,
            "inventory_turnover_ratio": null,
            "account_receivable_turnover_ratio": null,
            "reinvestment_rate": null,
            "research_to_sale_ratio": null,
            "price_fair": 9.67,
            "eps_avg_yearly": 0.97,
            "eps_latest_yearly": 0.36,
            "eps_growth_yearly": 0.3
        },
        "20063": {
            "year_quarter": 20063,
            "year": 2006,
            "quarter": 3,
            "eps": 0.16,
            "eps_growth_year": -60,
            "eps_4q": 0.22,
            "eps_4q_growth_year": null,
            "roe": 1.86,
            "roe_4q": 2.6100000000000003,
            "gross_profit": 46124,
            "gross_margin": 80.04,
            "gross_margin_4q_avg": 78.94,
            "net_income": 4053,
            "net_income_4q": null,
            "revenue": 57627,
            "revenue_4q": null,
            "common_shares": 249733,
            "book_valuer_per_share": 8.78,
            "book_valuer_per_share_4q_avg": 8.75,
            "equity": 219258,
            "current_ratio": 256.41,
            "debt_ratio": 35.47,
            "inventory_turnover_ratio": null,
            "account_receivable_turnover_ratio": null,
            "reinvestment_rate": null,
            "research_to_sale_ratio": null,
            "price_fair": 2.5,
            "eps_avg_yearly": 0.83,
            "eps_latest_yearly": 0.36,
            "eps_growth_yearly": -41.13
        },
        "20064": {
            "year_quarter": 20064,
            "year": 2006,
            "quarter": 4,
            "eps": 0.44,
            "eps_growth_year": 214.29,
            "eps_4q": 0.52,
            "eps_4q_growth_year": -29.94,
            "roe": 5.09,
            "roe_4q": 6.050000000000001,
            "gross_profit": 46761,
            "gross_margin": 83.64,
            "gross_margin_4q_avg": 81.65,
            "net_income": 11111,
            "net_income_4q": null,
            "revenue": 55907,
            "revenue_4q": null,
            "common_shares": 250296,
            "book_valuer_per_share": 8.7,
            "book_valuer_per_share_4q_avg": 8.74,
            "equity": 217648,
            "current_ratio": 252.16,
            "debt_ratio": 37.19,
            "inventory_turnover_ratio": null,
            "account_receivable_turnover_ratio": null,
            "reinvestment_rate": null,
            "research_to_sale_ratio": null,
            "price_fair": 36.68,
            "eps_avg_yearly": 1.05,
            "eps_latest_yearly": 1.76,
            "eps_growth_yearly": 145.7
        },
        "20071": {
            "year_quarter": 20071,
            "year": 2007,
            "quarter": 1,
            "eps": 0.03,
            "eps_growth_year": -66.67,
            "eps_4q": 0.47,
            "eps_4q_growth_year": -48.11,
            "roe": 0.35,
            "roe_4q": 5.41,
            "gross_profit": 47400,
            "gross_margin": 88.41,
            "gross_margin_4q_avg": 82.37,
            "net_income": 759,
            "net_income_4q": null,
            "revenue": 53616,
            "revenue_4q": null,
            "common_shares": 252628,
            "book_valuer_per_share": 8.75,
            "book_valuer_per_share_4q_avg": 8.72,
            "equity": 221075,
            "current_ratio": 265.07,
            "debt_ratio": 33.58,
            "inventory_turnover_ratio": null,
            "account_receivable_turnover_ratio": null,
            "reinvestment_rate": null,
            "research_to_sale_ratio": null,
            "price_fair": 30.8,
            "eps_avg_yearly": 0.88,
            "eps_latest_yearly": 0.12,
            "eps_growth_yearly": 38.22
        },
        "20072": {
            "year_quarter": 20072,
            "year": 2007,
            "quarter": 2,
            "eps": 0.47,
            "eps_growth_year": null,
            "eps_4q": 1.06,
            "eps_4q_growth_year": 129.78,
            "roe": 5.01,
            "roe_4q": 12.309999999999999,
            "gross_profit": 43272,
            "gross_margin": 83.83,
            "gross_margin_4q_avg": 83.98,
            "net_income": 12724,
            "net_income_4q": null,
            "revenue": 51617,
            "revenue_4q": null,
            "common_shares": 294269,
            "book_valuer_per_share": 9.74,
            "book_valuer_per_share_4q_avg": 8.99,
            "equity": 286512,
            "current_ratio": 509.62,
            "debt_ratio": 29.69,
            "inventory_turnover_ratio": null,
            "account_receivable_turnover_ratio": null,
            "reinvestment_rate": null,
            "research_to_sale_ratio": null,
            "price_fair": 36.63,
            "eps_avg_yearly": 1.05,
            "eps_latest_yearly": 1.88,
            "eps_growth_yearly": 1009.62
        },
        "20073": {
            "year_quarter": 20073,
            "year": 2007,
            "quarter": 3,
            "eps": 0.3,
            "eps_growth_year": 87.5,
            "eps_4q": 1.16,
            "eps_4q_growth_year": 420.48,
            "roe": 2.83,
            "roe_4q": 13.28,
            "gross_profit": 50010,
            "gross_margin": 79.72,
            "gross_margin_4q_avg": 83.9,
            "net_income": 8554,
            "net_income_4q": null,
            "revenue": 62734,
            "revenue_4q": null,
            "common_shares": 312366,
            "book_valuer_per_share": 10.17,
            "book_valuer_per_share_4q_avg": 9.34,
            "equity": 317716,
            "current_ratio": 507.11,
            "debt_ratio": 28.65,
            "inventory_turnover_ratio": null,
            "account_receivable_turnover_ratio": null,
            "reinvestment_rate": null,
            "research_to_sale_ratio": null,
            "price_fair": 37.4,
            "eps_avg_yearly": 1.07,
            "eps_latest_yearly": 1.2,
            "eps_growth_yearly": 844.72
        },
        "20074": {
            "year_quarter": 20074,
            "year": 2007,
            "quarter": 4,
            "eps": 0.67,
            "eps_growth_year": 52.27,
            "eps_4q": 1.47,
            "eps_4q_growth_year": 181.59,
            "roe": 5.62,
            "roe_4q": 13.809999999999999,
            "gross_profit": 72067,
            "gross_margin": 80.31,
            "gross_margin_4q_avg": 83.07,
            "net_income": 18373,
            "net_income_4q": null,
            "revenue": 89732,
            "revenue_4q": null,
            "common_shares": 312596,
            "book_valuer_per_share": 10.77,
            "book_valuer_per_share_4q_avg": 9.86,
            "equity": 336560,
            "current_ratio": 365.27,
            "debt_ratio": 38.96,
            "inventory_turnover_ratio": null,
            "account_receivable_turnover_ratio": null,
            "reinvestment_rate": null,
            "research_to_sale_ratio": null,
            "price_fair": 44.45,
            "eps_avg_yearly": 1.27,
            "eps_latest_yearly": 2.68,
            "eps_growth_yearly": 800.8
        },
        "20081": {
            "year_quarter": 20081,
            "year": 2008,
            "quarter": 1,
            "eps": 0.81,
            "eps_growth_year": 2600,
            "eps_4q": 2.08,
            "eps_4q_growth_year": 346.2,
            "roe": 7.22,
            "roe_4q": 20.68,
            "gross_profit": 90042,
            "gross_margin": 76.83,
            "gross_margin_4q_avg": 80.17,
            "net_income": 25229,
            "net_income_4q": null,
            "revenue": 117196,
            "revenue_4q": null,
            "common_shares": 312596,
            "book_valuer_per_share": 11.58,
            "book_valuer_per_share_4q_avg": 10.57,
            "equity": 361895,
            "current_ratio": 428.55,
            "debt_ratio": 36.36,
            "inventory_turnover_ratio": null,
            "account_receivable_turnover_ratio": null,
            "reinvestment_rate": -23.3,
            "research_to_sale_ratio": null,
            "price_fair": 52.11,
            "eps_avg_yearly": 1.49,
            "eps_latest_yearly": 3.24,
            "eps_growth_yearly": 721.11
        },
        "20082": {
            "year_quarter": 20082,
            "year": 2008,
            "quarter": 2,
            "eps": 0.57,
            "eps_growth_year": 21.28,
            "eps_4q": 2.24,
            "eps_4q_growth_year": 111.32,
            "roe": 4.82,
            "roe_4q": 20.490000000000002,
            "gross_profit": 87435,
            "gross_margin": 73.63,
            "gross_margin_4q_avg": 77.62,
            "net_income": 17843,
            "net_income_4q": null,
            "revenue": 118742,
            "revenue_4q": null,
            "common_shares": 314450,
            "book_valuer_per_share": 12.03,
            "book_valuer_per_share_4q_avg": 11.14,
            "equity": 378360,
            "current_ratio": 347.35,
            "debt_ratio": 39.02,
            "inventory_turnover_ratio": null,
            "account_receivable_turnover_ratio": null,
            "reinvestment_rate": 5.59,
            "research_to_sale_ratio": null,
            "price_fair": 54.88,
            "eps_avg_yearly": 1.57,
            "eps_latest_yearly": 2.28,
            "eps_growth_yearly": 637.15
        },
        "20083": {
            "year_quarter": 20083,
            "year": 2008,
            "quarter": 3,
            "eps": 1.13,
            "eps_growth_year": 276.67,
            "eps_4q": 3.01,
            "eps_4q_growth_year": 158.88,
            "roe": 9.28,
            "roe_4q": 26.94,
            "gross_profit": 116448,
            "gross_margin": 79.98,
            "gross_margin_4q_avg": 77.69,
            "net_income": 36941,
            "net_income_4q": null,
            "revenue": 145590,
            "revenue_4q": null,
            "common_shares": 327492,
            "book_valuer_per_share": 12.74,
            "book_valuer_per_share_4q_avg": 11.78,
            "equity": 417377,
            "current_ratio": 311.07,
            "debt_ratio": 40.38,
            "inventory_turnover_ratio": null,
            "account_receivable_turnover_ratio": null,
            "reinvestment_rate": 5.08,
            "research_to_sale_ratio": null,
            "price_fair": 64.27,
            "eps_avg_yearly": 1.84,
            "eps_latest_yearly": 4.52,
            "eps_growth_yearly": 614.95
        },
        "20084": {
            "year_quarter": 20084,
            "year": 2008,
            "quarter": 4,
            "eps": 1.4,
            "eps_growth_year": 108.96,
            "eps_4q": 3.84,
            "eps_4q_growth_year": 160.41,
            "roe": 10.39,
            "roe_4q": 31.71,
            "gross_profit": 163927,
            "gross_margin": 91.67,
            "gross_margin_4q_avg": 80.53,
            "net_income": 45957,
            "net_income_4q": null,
            "revenue": 178823,
            "revenue_4q": null,
            "common_shares": 328863,
            "book_valuer_per_share": 14.21,
            "book_valuer_per_share_4q_avg": 12.64,
            "equity": 467419,
            "current_ratio": 248.82,
            "debt_ratio": 45.98,
            "inventory_turnover_ratio": null,
            "account_receivable_turnover_ratio": 6.17,
            "reinvestment_rate": 4.67,
            "research_to_sale_ratio": null,
            "price_fair": 75.25,
            "eps_avg_yearly": 2.15,
            "eps_latest_yearly": 5.6,
            "eps_growth_yearly": 571.67
        },
        "20091": {
            "year_quarter": 20091,
            "year": 2009,
            "quarter": 1,
            "eps": 1.73,
            "eps_growth_year": 113.58,
            "eps_4q": 4.78,
            "eps_4q_growth_year": 129.3,
            "roe": 11.51,
            "roe_4q": 36,
            "gross_profit": 179078,
            "gross_margin": 89.86,
            "gross_margin_4q_avg": 83.79,
            "net_income": 57208,
            "net_income_4q": null,
            "revenue": 199290,
            "revenue_4q": null,
            "common_shares": 329242,
            "book_valuer_per_share": 16,
            "book_valuer_per_share_4q_avg": 13.75,
            "equity": 526738,
            "current_ratio": 279.6,
            "debt_ratio": 40.51,
            "inventory_turnover_ratio": null,
            "account_receivable_turnover_ratio": 4.06,
            "reinvestment_rate": 7.23,
            "research_to_sale_ratio": null,
            "price_fair": 88.09,
            "eps_avg_yearly": 2.52,
            "eps_latest_yearly": 6.92,
            "eps_growth_yearly": 534.95
        },
        "20092": {
            "year_quarter": 20092,
            "year": 2009,
            "quarter": 2,
            "eps": 1.69,
            "eps_growth_year": 196.49,
            "eps_4q": 5.91,
            "eps_4q_growth_year": 164.48,
            "roe": 10.74,
            "roe_4q": 41.92,
            "gross_profit": 182794,
            "gross_margin": 84.89,
            "gross_margin_4q_avg": 86.6,
            "net_income": 56054,
            "net_income_4q": null,
            "revenue": 215326,
            "revenue_4q": null,
            "common_shares": 331125,
            "book_valuer_per_share": 15.63,
            "book_valuer_per_share_4q_avg": 14.65,
            "equity": 517393,
            "current_ratio": 208.36,
            "debt_ratio": 45.69,
            "inventory_turnover_ratio": null,
            "account_receivable_turnover_ratio": 7.03,
            "reinvestment_rate": 7.98,
            "research_to_sale_ratio": null,
            "price_fair": 98.7,
            "eps_avg_yearly": 2.82,
            "eps_latest_yearly": 6.76,
            "eps_growth_yearly": 496.08
        },
        "20093": {
            "year_quarter": 20093,
            "year": 2009,
            "quarter": 3,
            "eps": 1.69,
            "eps_growth_year": 49.56,
            "eps_4q": 6.49,
            "eps_4q_growth_year": 115.62,
            "roe": 10.28,
            "roe_4q": 42.92,
            "gross_profit": 187275,
            "gross_margin": 86.17,
            "gross_margin_4q_avg": 88.15,
            "net_income": 56067,
            "net_income_4q": null,
            "revenue": 217341,
            "revenue_4q": null,
            "common_shares": 331195,
            "book_valuer_per_share": 17.3,
            "book_valuer_per_share_4q_avg": 15.79,
            "equity": 573111,
            "current_ratio": 292.05,
            "debt_ratio": 32.06,
            "inventory_turnover_ratio": null,
            "account_receivable_turnover_ratio": 5.2,
            "reinvestment_rate": 8.16,
            "research_to_sale_ratio": null,
            "price_fair": 111.6,
            "eps_avg_yearly": 3.19,
            "eps_latest_yearly": 6.76,
            "eps_growth_yearly": 477.03
        },
        "20094": {
            "year_quarter": 20094,
            "year": 2009,
            "quarter": 4,
            "eps": 1.73,
            "eps_growth_year": 23.57,
            "eps_4q": 6.84,
            "eps_4q_growth_year": 78.31,
            "roe": 9.53,
            "roe_4q": 42.059999999999995,
            "gross_profit": 212851,
            "gross_margin": 86.87,
            "gross_margin_4q_avg": 86.95,
            "net_income": 57380,
            "net_income_4q": null,
            "revenue": 245024,
            "revenue_4q": null,
            "common_shares": 331320,
            "book_valuer_per_share": 19.04,
            "book_valuer_per_share_4q_avg": 16.99,
            "equity": 630726,
            "current_ratio": 310,
            "debt_ratio": 30.44,
            "inventory_turnover_ratio": null,
            "account_receivable_turnover_ratio": 4.33,
            "reinvestment_rate": 14.74,
            "research_to_sale_ratio": null,
            "price_fair": 127.5,
            "eps_avg_yearly": 3.64,
            "eps_latest_yearly": 6.92,
            "eps_growth_yearly": 496.28
        },
        "20101": {
            "year_quarter": 20101,
            "year": 2010,
            "quarter": 1,
            "eps": 1.31,
            "eps_growth_year": -24.28,
            "eps_4q": 6.39,
            "eps_4q_growth_year": 33.71,
            "roe": 6.63,
            "roe_4q": 37.18,
            "gross_profit": 188666,
            "gross_margin": 84.88,
            "gross_margin_4q_avg": 85.7,
            "net_income": 43340,
            "net_income_4q": null,
            "revenue": 222284,
            "revenue_4q": null,
            "common_shares": 331800,
            "book_valuer_per_share": 20.36,
            "book_valuer_per_share_4q_avg": 18.08,
            "equity": 676540,
            "current_ratio": 316.48,
            "debt_ratio": 29.77,
            "inventory_turnover_ratio": null,
            "account_receivable_turnover_ratio": 2.14,
            "reinvestment_rate": 13.33,
            "research_to_sale_ratio": 39.58,
            "price_fair": 139.7,
            "eps_avg_yearly": 3.99,
            "eps_latest_yearly": 5.24,
            "eps_growth_yearly": 499.54
        },
        "20102": {
            "year_quarter": 20102,
            "year": 2010,
            "quarter": 2,
            "eps": 1.69,
            "eps_growth_year": 0.09,
            "eps_4q": 5.97,
            "eps_4q_growth_year": 0.97,
            "roe": 9.86,
            "roe_4q": 36.3,
            "gross_profit": 205618,
            "gross_margin": 87,
            "gross_margin_4q_avg": 86.23,
            "net_income": 61963,
            "net_income_4q": null,
            "revenue": 236333,
            "revenue_4q": null,
            "common_shares": 332549,
            "book_valuer_per_share": 17.45,
            "book_valuer_per_share_4q_avg": 18.54,
            "equity": 580384,
            "current_ratio": 191.97,
            "debt_ratio": 49.55,
            "inventory_turnover_ratio": null,
            "account_receivable_turnover_ratio": 2.8,
            "reinvestment_rate": 11.24,
            "research_to_sale_ratio": 40.66,
            "price_fair": 146.16,
            "eps_avg_yearly": 4.18,
            "eps_latest_yearly": 6.76,
            "eps_growth_yearly": 473.98
        },
        "20103": {
            "year_quarter": 20103,
            "year": 2010,
            "quarter": 3,
            "eps": 1.38,
            "eps_growth_year": -18.29,
            "eps_4q": 5.69,
            "eps_4q_growth_year": -12.37,
            "roe": 8.37,
            "roe_4q": 34.38999999999999,
            "gross_profit": 203592,
            "gross_margin": 83.55,
            "gross_margin_4q_avg": 85.58,
            "net_income": 52178,
            "net_income_4q": null,
            "revenue": 243673,
            "revenue_4q": null,
            "common_shares": 379893,
            "book_valuer_per_share": 17.65,
            "book_valuer_per_share_4q_avg": 18.63,
            "equity": 666891,
            "current_ratio": 278.83,
            "debt_ratio": 33.91,
            "inventory_turnover_ratio": null,
            "account_receivable_turnover_ratio": 4.25,
            "reinvestment_rate": 10.8,
            "research_to_sale_ratio": 36.77,
            "price_fair": 149.1,
            "eps_avg_yearly": 4.26,
            "eps_latest_yearly": 5.52,
            "eps_growth_yearly": 439.77
        },
        "20104": {
            "year_quarter": 20104,
            "year": 2010,
            "quarter": 4,
            "eps": 2.24,
            "eps_growth_year": 29.27,
            "eps_4q": 6.41,
            "eps_4q_growth_year": -6.35,
            "roe": 11.97,
            "roe_4q": 36.83,
            "gross_profit": 273934,
            "gross_margin": 85.69,
            "gross_margin_4q_avg": 85.28,
            "net_income": 84430,
            "net_income_4q": null,
            "revenue": 319668,
            "revenue_4q": null,
            "common_shares": 377363,
            "book_valuer_per_share": 19.71,
            "book_valuer_per_share_4q_avg": 18.79,
            "equity": 744095,
            "current_ratio": 321.69,
            "debt_ratio": 29.37,
            "inventory_turnover_ratio": null,
            "account_receivable_turnover_ratio": 5.28,
            "reinvestment_rate": 9.84,
            "research_to_sale_ratio": 33.75,
            "price_fair": 164.85,
            "eps_avg_yearly": 4.71,
            "eps_latest_yearly": 8.96,
            "eps_growth_yearly": 411.6
        },
        "20111": {
            "year_quarter": 20111,
            "year": 2011,
            "quarter": 1,
            "eps": 2.77,
            "eps_growth_year": 111.45,
            "eps_4q": 8.03,
            "eps_4q_growth_year": 25.74,
            "roe": 13.13,
            "roe_4q": 43.33,
            "gross_profit": 309313,
            "gross_margin": 88.32,
            "gross_margin_4q_avg": 86.14,
            "net_income": 104589,
            "net_income_4q": null,
            "revenue": 350231,
            "revenue_4q": null,
            "common_shares": 377363,
            "book_valuer_per_share": 22.49,
            "book_valuer_per_share_4q_avg": 19.33,
            "equity": 849002,
            "current_ratio": 263.74,
            "debt_ratio": 36.58,
            "inventory_turnover_ratio": null,
            "account_receivable_turnover_ratio": 5.85,
            "reinvestment_rate": 8.57,
            "research_to_sale_ratio": 33.25,
            "price_fair": 188.83,
            "eps_avg_yearly": 5.4,
            "eps_latest_yearly": 11.08,
            "eps_growth_yearly": 440.81
        },
        "20112": {
            "year_quarter": 20112,
            "year": 2011,
            "quarter": 2,
            "eps": 2.28,
            "eps_growth_year": 35.01,
            "eps_4q": 8.67,
            "eps_4q_growth_year": 45.17,
            "roe": 10.94,
            "roe_4q": 44.41,
            "gross_profit": 284452,
            "gross_margin": 87.6,
            "gross_margin_4q_avg": 86.29,
            "net_income": 86258,
            "net_income_4q": null,
            "revenue": 324721,
            "revenue_4q": null,
            "common_shares": 377719,
            "book_valuer_per_share": 19.26,
            "book_valuer_per_share_4q_avg": 19.78,
            "equity": 727308,
            "current_ratio": 194.78,
            "debt_ratio": 49.62,
            "inventory_turnover_ratio": null,
            "account_receivable_turnover_ratio": 6.58,
            "reinvestment_rate": 7.92,
            "research_to_sale_ratio": 37.02,
            "price_fair": 204.66,
            "eps_avg_yearly": 5.85,
            "eps_latest_yearly": 9.12,
            "eps_growth_yearly": 69.72
        },
        "20113": {
            "year_quarter": 20113,
            "year": 2011,
            "quarter": 3,
            "eps": 2.44,
            "eps_growth_year": 77.03,
            "eps_4q": 9.72,
            "eps_4q_growth_year": 70.93,
            "roe": 11.93,
            "roe_4q": 47.97,
            "gross_profit": 293382,
            "gross_margin": 88.3,
            "gross_margin_4q_avg": 87.48,
            "net_income": 92502,
            "net_income_4q": null,
            "revenue": 332242,
            "revenue_4q": null,
            "common_shares": 378373,
            "book_valuer_per_share": 21.77,
            "book_valuer_per_share_4q_avg": 20.81,
            "equity": 823884,
            "current_ratio": 243.42,
            "debt_ratio": 39.66,
            "inventory_turnover_ratio": null,
            "account_receivable_turnover_ratio": 5.46,
            "reinvestment_rate": 8.22,
            "research_to_sale_ratio": 34.9,
            "price_fair": 223.39,
            "eps_avg_yearly": 6.38,
            "eps_latest_yearly": 9.76,
            "eps_growth_yearly": 80.51
        },
        "20114": {
            "year_quarter": 20114,
            "year": 2011,
            "quarter": 4,
            "eps": 1.95,
            "eps_growth_year": -12.72,
            "eps_4q": 9.44,
            "eps_4q_growth_year": 47.33,
            "roe": 8.54,
            "roe_4q": 44.54,
            "gross_profit": 259780,
            "gross_margin": 81.45,
            "gross_margin_4q_avg": 86.42,
            "net_income": 73855,
            "net_income_4q": null,
            "revenue": 318952,
            "revenue_4q": null,
            "common_shares": 378373,
            "book_valuer_per_share": 23.94,
            "book_valuer_per_share_4q_avg": 21.87,
            "equity": 905903,
            "current_ratio": 363.31,
            "debt_ratio": 47.82,
            "inventory_turnover_ratio": null,
            "account_receivable_turnover_ratio": 5.56,
            "reinvestment_rate": 7.94,
            "research_to_sale_ratio": 32.87,
            "price_fair": 234.59,
            "eps_avg_yearly": 6.7,
            "eps_latest_yearly": 7.8,
            "eps_growth_yearly": 44.66
        },
        "20121": {
            "year_quarter": 20121,
            "year": 2012,
            "quarter": 1,
            "eps": 1.21,
            "eps_growth_year": -56.32,
            "eps_4q": 7.89,
            "eps_4q_growth_year": -1.73,
            "roe": 4.95,
            "roe_4q": 36.36,
            "gross_profit": 236003,
            "gross_margin": 81.49,
            "gross_margin_4q_avg": 84.71,
            "net_income": 45961,
            "net_income_4q": null,
            "revenue": 289626,
            "revenue_4q": null,
            "common_shares": 378373,
            "book_valuer_per_share": 25.12,
            "book_valuer_per_share_4q_avg": 22.52,
            "equity": 950385,
            "current_ratio": 481.6,
            "debt_ratio": 42.18,
            "inventory_turnover_ratio": null,
            "account_receivable_turnover_ratio": 2.9,
            "reinvestment_rate": 8.27,
            "research_to_sale_ratio": 40,
            "price_fair": 238.09,
            "eps_avg_yearly": 6.8,
            "eps_latest_yearly": 4.84,
            "eps_growth_yearly": 29.95
        },
        "20122": {
            "year_quarter": 20122,
            "year": 2012,
            "quarter": 2,
            "eps": 0.96,
            "eps_growth_year": -57.86,
            "eps_4q": 6.57,
            "eps_4q_growth_year": -24.17,
            "roe": 4.4,
            "roe_4q": 29.82,
            "gross_profit": 231266,
            "gross_margin": 80.77,
            "gross_margin_4q_avg": 83,
            "net_income": 36416,
            "net_income_4q": null,
            "revenue": 286316,
            "revenue_4q": null,
            "common_shares": 378373,
            "book_valuer_per_share": 18.6,
            "book_valuer_per_share_4q_avg": 22.36,
            "equity": 703853,
            "current_ratio": 244.84,
            "debt_ratio": 59.83,
            "inventory_turnover_ratio": null,
            "account_receivable_turnover_ratio": 2.36,
            "reinvestment_rate": 8.43,
            "research_to_sale_ratio": 41.53,
            "price_fair": 241.5,
            "eps_avg_yearly": 6.9,
            "eps_latest_yearly": 3.84,
            "eps_growth_yearly": 32.19
        },
        "20123": {
            "year_quarter": 20123,
            "year": 2012,
            "quarter": 3,
            "eps": 0.9,
            "eps_growth_year": -63.07,
            "eps_4q": 5.03,
            "eps_4q_growth_year": -48.25,
            "roe": 4.75,
            "roe_4q": 22.64,
            "gross_profit": 230891,
            "gross_margin": 80.52,
            "gross_margin_4q_avg": 81.06,
            "net_income": 34177,
            "net_income_4q": null,
            "revenue": 286737,
            "revenue_4q": null,
            "common_shares": 378539,
            "book_valuer_per_share": 19.45,
            "book_valuer_per_share_4q_avg": 21.78,
            "equity": 736324,
            "current_ratio": 469.05,
            "debt_ratio": 45.92,
            "inventory_turnover_ratio": null,
            "account_receivable_turnover_ratio": 2.76,
            "reinvestment_rate": 10.54,
            "research_to_sale_ratio": 44.98,
            "price_fair": 109.95,
            "eps_avg_yearly": 6.84,
            "eps_latest_yearly": 3.6,
            "eps_growth_yearly": 6.07
        },
        "20124": {
            "year_quarter": 20124,
            "year": 2012,
            "quarter": 4,
            "eps": 0.23,
            "eps_growth_year": -88.25,
            "eps_4q": 3.3,
            "eps_4q_growth_year": -65.03,
            "roe": 1.18,
            "roe_4q": 15.280000000000001,
            "gross_profit": 208324,
            "gross_margin": 81.04,
            "gross_margin_4q_avg": 80.96,
            "net_income": 8698,
            "net_income_4q": null,
            "revenue": 257066,
            "revenue_4q": null,
            "common_shares": 378539,
            "book_valuer_per_share": 19.53,
            "book_valuer_per_share_4q_avg": 20.68,
            "equity": 740900,
            "current_ratio": 402.83,
            "debt_ratio": 45.18,
            "inventory_turnover_ratio": null,
            "account_receivable_turnover_ratio": 3.03,
            "reinvestment_rate": 14.49,
            "research_to_sale_ratio": 48.45,
            "price_fair": 19.65,
            "eps_avg_yearly": 6.55,
            "eps_latest_yearly": 0.92,
            "eps_growth_yearly": -18.52
        },
        "20131": {
            "year_quarter": 20131,
            "year": 2013,
            "quarter": 1,
            "eps": -1.25,
            "eps_growth_year": -203.31,
            "eps_4q": 0.84,
            "eps_4q_growth_year": -89.34,
            "roe": -6.65,
            "roe_4q": 3.6799999999999997,
            "gross_profit": 139296,
            "gross_margin": 79.05,
            "gross_margin_4q_avg": 80.35,
            "net_income": -47291,
            "net_income_4q": null,
            "revenue": 176222,
            "revenue_4q": null,
            "common_shares": 380435,
            "book_valuer_per_share": 17.91,
            "book_valuer_per_share_4q_avg": 18.87,
            "equity": 681423,
            "current_ratio": 537.69,
            "debt_ratio": 43.28,
            "inventory_turnover_ratio": null,
            "account_receivable_turnover_ratio": 2.37,
            "reinvestment_rate": -0.1,
            "research_to_sale_ratio": 69.84,
            "price_fair": 19.58,
            "eps_avg_yearly": 6.53,
            "eps_latest_yearly": 0.92,
            "eps_growth_yearly": -26.04
        },
        "20132": {
            "year_quarter": 20132,
            "year": 2013,
            "quarter": 2,
            "eps": 1.26,
            "eps_growth_year": 30.92,
            "eps_4q": 1.14,
            "eps_4q_growth_year": -82.65,
            "roe": 7.26,
            "roe_4q": 6.539999999999999,
            "gross_profit": 226653,
            "gross_margin": 81.48,
            "gross_margin_4q_avg": 80.52,
            "net_income": 47807,
            "net_income_4q": null,
            "revenue": 278186,
            "revenue_4q": null,
            "common_shares": 380435,
            "book_valuer_per_share": 16.7,
            "book_valuer_per_share_4q_avg": 18.4,
            "equity": 635488,
            "current_ratio": 275.19,
            "debt_ratio": 53.94,
            "inventory_turnover_ratio": null,
            "account_receivable_turnover_ratio": 2.27,
            "reinvestment_rate": -1.06,
            "research_to_sale_ratio": 38.31,
            "price_fair": 19.53,
            "eps_avg_yearly": 6.51,
            "eps_latest_yearly": 0.92,
            "eps_growth_yearly": -27.24
        },
        "20133": {
            "year_quarter": 20133,
            "year": 2013,
            "quarter": 3,
            "eps": 0.1,
            "eps_growth_year": -88.92,
            "eps_4q": 0.35,
            "eps_4q_growth_year": -93.14,
            "roe": 0.61,
            "roe_4q": 2.3999999999999995,
            "gross_profit": 191006,
            "gross_margin": 80.58,
            "gross_margin_4q_avg": 80.54,
            "net_income": 3912,
            "net_income_4q": null,
            "revenue": 237025,
            "revenue_4q": null,
            "common_shares": 380435,
            "book_valuer_per_share": 16.76,
            "book_valuer_per_share_4q_avg": 17.73,
            "equity": 637792,
            "current_ratio": 309.81,
            "debt_ratio": 51.12,
            "inventory_turnover_ratio": null,
            "account_receivable_turnover_ratio": 2.1,
            "reinvestment_rate": -1.82,
            "research_to_sale_ratio": 49.59,
            "price_fair": 18.16,
            "eps_avg_yearly": 6.05,
            "eps_latest_yearly": 0.4,
            "eps_growth_yearly": -53.54
        },
        "20134": {
            "year_quarter": 20134,
            "year": 2013,
            "quarter": 4,
            "eps": 0.61,
            "eps_growth_year": 168.12,
            "eps_4q": 0.73,
            "eps_4q_growth_year": -77.86,
            "roe": 3.6,
            "roe_4q": 4.8199999999999985,
            "gross_profit": 228324,
            "gross_margin": 88.77,
            "gross_margin_4q_avg": 82.47,
            "net_income": 23388,
            "net_income_4q": null,
            "revenue": 257202,
            "revenue_4q": null,
            "common_shares": 380435,
            "book_valuer_per_share": 17.41,
            "book_valuer_per_share_4q_avg": 17.2,
            "equity": 662159,
            "current_ratio": 166.23,
            "debt_ratio": 47.21,
            "inventory_turnover_ratio": null,
            "account_receivable_turnover_ratio": 2.59,
            "reinvestment_rate": -6.32,
            "research_to_sale_ratio": 49.21,
            "price_fair": 200.7,
            "eps_avg_yearly": 5.73,
            "eps_latest_yearly": 2.44,
            "eps_growth_yearly": 91.5
        },
        "20141": {
            "year_quarter": 20141,
            "year": 2014,
            "quarter": 1,
            "eps": -0.53,
            "eps_growth_year": null,
            "eps_4q": 1.45,
            "eps_4q_growth_year": 72.09,
            "roe": -3.07,
            "roe_4q": 8.4,
            "gross_profit": 151266,
            "gross_margin": 74.22,
            "gross_margin_4q_avg": 81.26,
            "net_income": -20037,
            "net_income_4q": null,
            "revenue": 203808,
            "revenue_4q": null,
            "common_shares": 380435,
            "book_valuer_per_share": 16.94,
            "book_valuer_per_share_4q_avg": 16.95,
            "equity": 644395,
            "current_ratio": 174.4,
            "debt_ratio": 44.45,
            "inventory_turnover_ratio": null,
            "account_receivable_turnover_ratio": 1.86,
            "reinvestment_rate": -7.23,
            "research_to_sale_ratio": 53.76,
            "price_fair": 202.03,
            "eps_avg_yearly": 5.77,
            "eps_latest_yearly": 2.44,
            "eps_growth_yearly": 106.01
        },
        "20142": {
            "year_quarter": 20142,
            "year": 2014,
            "quarter": 2,
            "eps": 0.37,
            "eps_growth_year": -70.63,
            "eps_4q": 0.56,
            "eps_4q_growth_year": -50.56,
            "roe": 2.22,
            "roe_4q": 3.3600000000000003,
            "gross_profit": 174446,
            "gross_margin": 78.25,
            "gross_margin_4q_avg": 80.46,
            "net_income": 14191,
            "net_income_4q": null,
            "revenue": 222932,
            "revenue_4q": null,
            "common_shares": 380435,
            "book_valuer_per_share": 16.7,
            "book_valuer_per_share_4q_avg": 16.95,
            "equity": 635203,
            "current_ratio": 170.29,
            "debt_ratio": 46.81,
            "inventory_turnover_ratio": null,
            "account_receivable_turnover_ratio": 2.85,
            "reinvestment_rate": -7.83,
            "research_to_sale_ratio": 43.14,
            "price_fair": 199.15,
            "eps_avg_yearly": 5.69,
            "eps_latest_yearly": 2.44,
            "eps_growth_yearly": 105.17
        },
        "20143": {
            "year_quarter": 20143,
            "year": 2014,
            "quarter": 3,
            "eps": 0.27,
            "eps_growth_year": 170,
            "eps_4q": 0.73,
            "eps_4q_growth_year": 112.88,
            "roe": 1.62,
            "roe_4q": 4.370000000000001,
            "gross_profit": 179646,
            "gross_margin": 81.63,
            "gross_margin_4q_avg": 80.72,
            "net_income": 10401,
            "net_income_4q": null,
            "revenue": 220078,
            "revenue_4q": null,
            "common_shares": 380435,
            "book_valuer_per_share": 17.04,
            "book_valuer_per_share_4q_avg": 17.02,
            "equity": 648197,
            "current_ratio": 176.04,
            "debt_ratio": 45.6,
            "inventory_turnover_ratio": null,
            "account_receivable_turnover_ratio": 2.65,
            "reinvestment_rate": -9.05,
            "research_to_sale_ratio": 47.89,
            "price_fair": 186.2,
            "eps_avg_yearly": 5.32,
            "eps_latest_yearly": 1.08,
            "eps_growth_yearly": 102.28
        },
        "20144": {
            "year_quarter": 20144,
            "year": 2014,
            "quarter": 4,
            "eps": 0.43,
            "eps_growth_year": -29.84,
            "eps_4q": 0.55,
            "eps_4q_growth_year": -24.63,
            "roe": 2.49,
            "roe_4q": 3.2600000000000002,
            "gross_profit": 178128,
            "gross_margin": 81.74,
            "gross_margin_4q_avg": 78.96,
            "net_income": 16410,
            "net_income_4q": null,
            "revenue": 217915,
            "revenue_4q": null,
            "common_shares": 380435,
            "book_valuer_per_share": 17.54,
            "book_valuer_per_share_4q_avg": 17.06,
            "equity": 668036,
            "current_ratio": 181.18,
            "debt_ratio": 44.85,
            "inventory_turnover_ratio": null,
            "account_receivable_turnover_ratio": 2.38,
            "reinvestment_rate": -11.15,
            "research_to_sale_ratio": 45.58,
            "price_fair": 165.08,
            "eps_avg_yearly": 4.72,
            "eps_latest_yearly": 1.72,
            "eps_growth_yearly": 101.26
        },
        "20151": {
            "year_quarter": 20151,
            "year": 2015,
            "quarter": 1,
            "eps": 0.1,
            "eps_growth_year": null,
            "eps_4q": 1.18,
            "eps_4q_growth_year": -18.68,
            "roe": 0.56,
            "roe_4q": 6.890000000000001,
            "gross_profit": 164579,
            "gross_margin": 80.84,
            "gross_margin_4q_avg": 80.62,
            "net_income": 3779,
            "net_income_4q": null,
            "revenue": 203595,
            "revenue_4q": null,
            "common_shares": 380435,
            "book_valuer_per_share": 17.61,
            "book_valuer_per_share_4q_avg": 17.22,
            "equity": 670544,
            "current_ratio": 190.22,
            "debt_ratio": 42.6,
            "inventory_turnover_ratio": null,
            "account_receivable_turnover_ratio": 2.38,
            "reinvestment_rate": -14.26,
            "research_to_sale_ratio": 49.72,
            "price_fair": 133.93,
            "eps_avg_yearly": 3.83,
            "eps_latest_yearly": 0.4,
            "eps_growth_yearly": 67.79
        },
        "20152": {
            "year_quarter": 20152,
            "year": 2015,
            "quarter": 2,
            "eps": 0.66,
            "eps_growth_year": 78.38,
            "eps_4q": 1.45,
            "eps_4q_growth_year": 157.97,
            "roe": 3.67,
            "roe_4q": 8.34,
            "gross_profit": 184140,
            "gross_margin": 85.09,
            "gross_margin_4q_avg": 82.33,
            "net_income": 24780,
            "net_income_4q": null,
            "revenue": 216409,
            "revenue_4q": null,
            "common_shares": 380435,
            "book_valuer_per_share": 17.82,
            "book_valuer_per_share_4q_avg": 17.5,
            "equity": 678338,
            "current_ratio": 359.49,
            "debt_ratio": 25.82,
            "inventory_turnover_ratio": null,
            "account_receivable_turnover_ratio": 2.01,
            "reinvestment_rate": -17.37,
            "research_to_sale_ratio": 46.52,
            "price_fair": 115.03,
            "eps_avg_yearly": 3.29,
            "eps_latest_yearly": 2.64,
            "eps_growth_yearly": 260.35
        },
        "20153": {
            "year_quarter": 20153,
            "year": 2015,
            "quarter": 3,
            "eps": 0.12,
            "eps_growth_year": -55.56,
            "eps_4q": 1.3,
            "eps_4q_growth_year": 77.1,
            "roe": 0.65,
            "roe_4q": 7.370000000000001,
            "gross_profit": 161583,
            "gross_margin": 81.95,
            "gross_margin_4q_avg": 82.41,
            "net_income": 4463,
            "net_income_4q": null,
            "revenue": 197174,
            "revenue_4q": null,
            "common_shares": 380435,
            "book_valuer_per_share": 18.15,
            "book_valuer_per_share_4q_avg": 17.78,
            "equity": 690947,
            "current_ratio": 368.89,
            "debt_ratio": 26.45,
            "inventory_turnover_ratio": null,
            "account_receivable_turnover_ratio": 1.99,
            "reinvestment_rate": -26.67,
            "research_to_sale_ratio": 53.38,
            "price_fair": 87.97,
            "eps_avg_yearly": 2.51,
            "eps_latest_yearly": 0.48,
            "eps_growth_yearly": 230.74
        },
        "20154": {
            "year_quarter": 20154,
            "year": 2015,
            "quarter": 4,
            "eps": 0.26,
            "eps_growth_year": -39.45,
            "eps_4q": 1.13,
            "eps_4q_growth_year": 105.17,
            "roe": 1.41,
            "roe_4q": 6.290000000000001,
            "gross_profit": 176742,
            "gross_margin": 83,
            "gross_margin_4q_avg": 82.72,
            "net_income": 9818,
            "net_income_4q": null,
            "revenue": 212936,
            "revenue_4q": null,
            "common_shares": 380435,
            "book_valuer_per_share": 18.31,
            "book_valuer_per_share_4q_avg": 17.97,
            "equity": 696821,
            "current_ratio": 298.11,
            "debt_ratio": 27.76,
            "inventory_turnover_ratio": null,
            "account_receivable_turnover_ratio": 3.3,
            "reinvestment_rate": -37.25,
            "research_to_sale_ratio": 49.42,
            "price_fair": 68.25,
            "eps_avg_yearly": 1.95,
            "eps_latest_yearly": 1.04,
            "eps_growth_yearly": 276.32
        },
        "20161": {
            "year_quarter": 20161,
            "year": 2016,
            "quarter": 1,
            "eps": -0.44,
            "eps_growth_year": -540,
            "eps_4q": 0.59,
            "eps_4q_growth_year": -49.88,
            "roe": -2.46,
            "roe_4q": 3.27,
            "gross_profit": 143563,
            "gross_margin": 82.96,
            "gross_margin_4q_avg": 83.25,
            "net_income": -16912,
            "net_income_4q": null,
            "revenue": 173050,
            "revenue_4q": null,
            "common_shares": 380435,
            "book_valuer_per_share": 17.8,
            "book_valuer_per_share_4q_avg": 18.02,
            "equity": 677210,
            "current_ratio": 363.6,
            "debt_ratio": 23.38,
            "inventory_turnover_ratio": null,
            "account_receivable_turnover_ratio": 2.3,
            "reinvestment_rate": -55.86,
            "research_to_sale_ratio": 61.93,
            "price_fair": 59.05,
            "eps_avg_yearly": 1.69,
            "eps_latest_yearly": 1.04,
            "eps_growth_yearly": 315.24
        },
        "20162": {
            "year_quarter": 20162,
            "year": 2016,
            "quarter": 2,
            "eps": -0.52,
            "eps_growth_year": -178.79,
            "eps_4q": -0.58,
            "eps_4q_growth_year": -139.72,
            "roe": -3.02,
            "roe_4q": -3.4200000000000004,
            "gross_profit": 137389,
            "gross_margin": 80.96,
            "gross_margin_4q_avg": 82.22,
            "net_income": -19672,
            "net_income_4q": null,
            "revenue": 169710,
            "revenue_4q": null,
            "common_shares": 380435,
            "book_valuer_per_share": 16.41,
            "book_valuer_per_share_4q_avg": 17.67,
            "equity": 624586,
            "current_ratio": 271.39,
            "debt_ratio": 29.95,
            "inventory_turnover_ratio": null,
            "account_receivable_turnover_ratio": 2.26,
            "reinvestment_rate": -96.86,
            "research_to_sale_ratio": 59.7,
            "price_fair": 51.52,
            "eps_avg_yearly": 1.47,
            "eps_latest_yearly": 1.04,
            "eps_growth_yearly": 355.03
        },
        "20163": {
            "year_quarter": 20163,
            "year": 2016,
            "quarter": 3,
            "eps": -0.45,
            "eps_growth_year": -475,
            "eps_4q": -1.15,
            "eps_4q_growth_year": -188.22,
            "roe": -2.79,
            "roe_4q": -6.859999999999999,
            "gross_profit": 153070,
            "gross_margin": 85.45,
            "gross_margin_4q_avg": 83.09,
            "net_income": -17124,
            "net_income_4q": null,
            "revenue": 179128,
            "revenue_4q": null,
            "common_shares": 380435,
            "book_valuer_per_share": 15.83,
            "book_valuer_per_share_4q_avg": 17.09,
            "equity": 602581,
            "current_ratio": 292.12,
            "debt_ratio": 27.49,
            "inventory_turnover_ratio": null,
            "account_receivable_turnover_ratio": 2.38,
            "reinvestment_rate": -246.19,
            "research_to_sale_ratio": 61.33,
            "price_fair": 43.24,
            "eps_avg_yearly": 1.24,
            "eps_latest_yearly": 1.04,
            "eps_growth_yearly": 397.26
        },
        "20164": {
            "year_quarter": 20164,
            "year": 2016,
            "quarter": 4,
            "eps": 0.42,
            "eps_growth_year": 62.05,
            "eps_4q": -0.99,
            "eps_4q_growth_year": -187.16,
            "roe": 2.63,
            "roe_4q": -5.640000000000001,
            "gross_profit": 160092,
            "gross_margin": 80.88,
            "gross_margin_4q_avg": 82.56,
            "net_income": 16092,
            "net_income_4q": null,
            "revenue": 197930,
            "revenue_4q": null,
            "common_shares": 380435,
            "book_valuer_per_share": 16.29,
            "book_valuer_per_share_4q_avg": 16.58,
            "equity": 620034,
            "current_ratio": 280.35,
            "debt_ratio": 29.11,
            "inventory_turnover_ratio": null,
            "account_receivable_turnover_ratio": 2.23,
            "reinvestment_rate": -279.77,
            "research_to_sale_ratio": 45.49,
            "price_fair": 44.63,
            "eps_avg_yearly": 1.28,
            "eps_latest_yearly": 1.04,
            "eps_growth_yearly": 484.14
        },
        "20171": {
            "year_quarter": 20171,
            "year": 2017,
            "quarter": 1,
            "eps": 0.05,
            "eps_growth_year": null,
            "eps_4q": -0.5,
            "eps_4q_growth_year": -184.36,
            "roe": 0.29,
            "roe_4q": -2.89,
            "gross_profit": 160029,
            "gross_margin": 83.49,
            "gross_margin_4q_avg": 82.7,
            "net_income": 1767,
            "net_income_4q": null,
            "revenue": 191684,
            "revenue_4q": null,
            "common_shares": 380435,
            "book_valuer_per_share": 16.09,
            "book_valuer_per_share_4q_avg": 16.16,
            "equity": 612165,
            "current_ratio": 369.89,
            "debt_ratio": 22.93,
            "inventory_turnover_ratio": null,
            "account_receivable_turnover_ratio": 2.09,
            "reinvestment_rate": -20.13,
            "research_to_sale_ratio": 48.92,
            "price_fair": 40.44,
            "eps_avg_yearly": 1.16,
            "eps_latest_yearly": 0.2,
            "eps_growth_yearly": 391.19
        },
        "20172": {
            "year_quarter": 20172,
            "year": 2017,
            "quarter": 2,
            "eps": 0.22,
            "eps_growth_year": null,
            "eps_4q": 0.24,
            "eps_4q_growth_year": null,
            "roe": 1.39,
            "roe_4q": 1.5199999999999996,
            "gross_profit": 154456,
            "gross_margin": 81.37,
            "gross_margin_4q_avg": 82.8,
            "net_income": 8470,
            "net_income_4q": null,
            "revenue": 189811,
            "revenue_4q": null,
            "common_shares": 380435,
            "book_valuer_per_share": 16.03,
            "book_valuer_per_share_4q_avg": 16.06,
            "equity": 610153,
            "current_ratio": 307.16,
            "debt_ratio": 27.43,
            "inventory_turnover_ratio": null,
            "account_receivable_turnover_ratio": 2.17,
            "reinvestment_rate": -25.59,
            "research_to_sale_ratio": 46.15,
            "price_fair": 39.48,
            "eps_avg_yearly": 1.13,
            "eps_latest_yearly": 0.88,
            "eps_growth_yearly": 488.07
        },
        "20173": {
            "year_quarter": 20173,
            "year": 2017,
            "quarter": 3,
            "eps": 0.21,
            "eps_growth_year": null,
            "eps_4q": 0.9,
            "eps_4q_growth_year": null,
            "roe": 1.29,
            "roe_4q": 5.6,
            "gross_profit": 160674,
            "gross_margin": 81.55,
            "gross_margin_4q_avg": 81.82,
            "net_income": 7920,
            "net_income_4q": null,
            "revenue": 197022,
            "revenue_4q": null,
            "common_shares": 380435,
            "book_valuer_per_share": 16.24,
            "book_valuer_per_share_4q_avg": 16.16,
            "equity": 618024,
            "current_ratio": 323.3,
            "debt_ratio": 26.64,
            "inventory_turnover_ratio": null,
            "account_receivable_turnover_ratio": 2.27,
            "reinvestment_rate": -21.57,
            "research_to_sale_ratio": 47.15,
            "price_fair": 41.02,
            "eps_avg_yearly": 1.17,
            "eps_latest_yearly": 0.84,
            "eps_growth_yearly": 523.08
        },
        "20174": {
            "year_quarter": 20174,
            "year": 2017,
            "quarter": 4,
            "eps": 0.5,
            "eps_growth_year": 18.58,
            "eps_4q": 0.98,
            "eps_4q_growth_year": null,
            "roe": 3.05,
            "roe_4q": 6.02,
            "gross_profit": 174185,
            "gross_margin": 83.69,
            "gross_margin_4q_avg": 82.53,
            "net_income": 19092,
            "net_income_4q": null,
            "revenue": 208131,
            "revenue_4q": null,
            "common_shares": 380435,
            "book_valuer_per_share": 16.65,
            "book_valuer_per_share_4q_avg": 16.25,
            "equity": 633684,
            "current_ratio": 347.81,
            "debt_ratio": 25.4,
            "inventory_turnover_ratio": null,
            "account_receivable_turnover_ratio": 2.52,
            "reinvestment_rate": -19.08,
            "research_to_sale_ratio": 43.95,
            "price_fair": 39.48,
            "eps_avg_yearly": 1.13,
            "eps_latest_yearly": 2,
            "eps_growth_yearly": 374.32
        },
        "20181": {
            "year_quarter": 20181,
            "year": 2018,
            "quarter": 1,
            "eps": 0.08,
            "eps_growth_year": 60,
            "eps_4q": 1.01,
            "eps_4q_growth_year": null,
            "roe": 0.45,
            "roe_4q": 6.18,
            "gross_profit": 155488,
            "gross_margin": 81.76,
            "gross_margin_4q_avg": 82.09,
            "net_income": 2876,
            "net_income_4q": null,
            "revenue": 190185,
            "revenue_4q": null,
            "common_shares": 380435,
            "book_valuer_per_share": 16.67,
            "book_valuer_per_share_4q_avg": 16.4,
            "equity": 634218,
            "current_ratio": 451.88,
            "debt_ratio": 20.76,
            "inventory_turnover_ratio": null,
            "account_receivable_turnover_ratio": 2.28,
            "reinvestment_rate": -10.06,
            "research_to_sale_ratio": 49.25,
            "price_fair": 36.91,
            "eps_avg_yearly": 1.05,
            "eps_latest_yearly": 0.32,
            "eps_growth_yearly": 309.74
        },
        "20182": {
            "year_quarter": 20182,
            "year": 2018,
            "quarter": 2,
            "eps": 0.46,
            "eps_growth_year": 109.09,
            "eps_4q": 1.25,
            "eps_4q_growth_year": 417.43,
            "roe": 2.82,
            "roe_4q": 7.61,
            "gross_profit": 166727,
            "gross_margin": 82.65,
            "gross_margin_4q_avg": 82.41,
            "net_income": 17728,
            "net_income_4q": null,
            "revenue": 201720,
            "revenue_4q": null,
            "common_shares": 380435,
            "book_valuer_per_share": 16.42,
            "book_valuer_per_share_4q_avg": 16.5,
            "equity": 624770,
            "current_ratio": 331.08,
            "debt_ratio": 27.36,
            "inventory_turnover_ratio": null,
            "account_receivable_turnover_ratio": 2.33,
            "reinvestment_rate": -6.34,
            "research_to_sale_ratio": 46.01,
            "price_fair": 39.2,
            "eps_avg_yearly": 1.12,
            "eps_latest_yearly": 1.84,
            "eps_growth_yearly": 442.26
        },
        "20183": {
            "year_quarter": 20183,
            "year": 2018,
            "quarter": 3,
            "eps": 0.65,
            "eps_growth_year": 209.52,
            "eps_4q": 1.69,
            "eps_4q_growth_year": 87.69,
            "roe": 3.87,
            "roe_4q": 10.19,
            "gross_profit": 190336,
            "gross_margin": 85.53,
            "gross_margin_4q_avg": 83.41,
            "net_income": 24656,
            "net_income_4q": null,
            "revenue": 222549,
            "revenue_4q": null,
            "common_shares": 380435,
            "book_valuer_per_share": 17.04,
            "book_valuer_per_share_4q_avg": 16.7,
            "equity": 648391,
            "current_ratio": 337.32,
            "debt_ratio": 27.02,
            "inventory_turnover_ratio": null,
            "account_receivable_turnover_ratio": 2.61,
            "reinvestment_rate": -3.41,
            "research_to_sale_ratio": 47.96,
            "price_fair": 43.63,
            "eps_avg_yearly": 1.25,
            "eps_latest_yearly": 2.6,
            "eps_growth_yearly": 465.04
        },
        "20184": {
            "year_quarter": 20184,
            "year": 2018,
            "quarter": 4,
            "eps": 0.55,
            "eps_growth_year": 10.32,
            "eps_4q": 1.74,
            "eps_4q_growth_year": 77.92,
            "roe": 3.2,
            "roe_4q": 10.34,
            "gross_profit": 195326,
            "gross_margin": 83.2,
            "gross_margin_4q_avg": 83.29,
            "net_income": 21063,
            "net_income_4q": null,
            "revenue": 234764,
            "revenue_4q": null,
            "common_shares": 380435,
            "book_valuer_per_share": 17.59,
            "book_valuer_per_share_4q_avg": 16.93,
            "equity": 669278,
            "current_ratio": 323.93,
            "debt_ratio": 28.73,
            "inventory_turnover_ratio": null,
            "account_receivable_turnover_ratio": 2.49,
            "reinvestment_rate": -1.81,
            "research_to_sale_ratio": 43.31,
            "price_fair": 45.03,
            "eps_avg_yearly": 1.29,
            "eps_latest_yearly": 2.2,
            "eps_growth_yearly": 440.16
        },
        "20191": {
            "year_quarter": 20191,
            "year": 2019,
            "quarter": 1,
            "eps": 0.27,
            "eps_growth_year": 237.5,
            "eps_4q": 1.94,
            "eps_4q_growth_year": 92.15,
            "roe": 1.53,
            "roe_4q": 11.420000000000002,
            "gross_profit": 181096,
            "gross_margin": 82.69,
            "gross_margin_4q_avg": 83.52,
            "net_income": 10310,
            "net_income_4q": null,
            "revenue": 219003,
            "revenue_4q": null,
            "common_shares": 380435,
            "book_valuer_per_share": 17.89,
            "book_valuer_per_share_4q_avg": 17.24,
            "equity": 680610,
            "current_ratio": 319.5,
            "debt_ratio": 29.13,
            "inventory_turnover_ratio": null,
            "account_receivable_turnover_ratio": 2.17,
            "reinvestment_rate": 1.42,
            "research_to_sale_ratio": 48.2,
            "price_fair": 47.02,
            "eps_avg_yearly": 1.34,
            "eps_latest_yearly": 1.08,
            "eps_growth_yearly": 448.77
        },
        "20192": {
            "year_quarter": 20192,
            "year": 2019,
            "quarter": 2,
            "eps": 0.67,
            "eps_growth_year": 45.65,
            "eps_4q": 2.14,
            "eps_4q_growth_year": 71.24,
            "roe": 3.84,
            "roe_4q": 12.440000000000001,
            "gross_profit": 200337,
            "gross_margin": 83.63,
            "gross_margin_4q_avg": 83.76,
            "net_income": 25559,
            "net_income_4q": null,
            "revenue": 239542,
            "revenue_4q": null,
            "common_shares": 380435,
            "book_valuer_per_share": 17.08,
            "book_valuer_per_share_4q_avg": 17.4,
            "equity": 649782,
            "current_ratio": 241.97,
            "debt_ratio": 37.13,
            "inventory_turnover_ratio": null,
            "account_receivable_turnover_ratio": 2.45,
            "reinvestment_rate": 2.37,
            "research_to_sale_ratio": 43.44,
            "price_fair": 47.13,
            "eps_avg_yearly": 1.35,
            "eps_latest_yearly": 2.68,
            "eps_growth_yearly": 311.49
        },
        "20193": {
            "year_quarter": 20193,
            "year": 2019,
            "quarter": 3,
            "eps": 0.68,
            "eps_growth_year": 4.62,
            "eps_4q": 2.18,
            "eps_4q_growth_year": 28.75,
            "roe": 3.92,
            "roe_4q": 12.489999999999998,
            "gross_profit": 212492,
            "gross_margin": 86.63,
            "gross_margin_4q_avg": 84.04,
            "net_income": 25924,
            "net_income_4q": null,
            "revenue": 245292,
            "revenue_4q": null,
            "common_shares": 380435,
            "book_valuer_per_share": 17.73,
            "book_valuer_per_share_4q_avg": 17.57,
            "equity": 674548,
            "current_ratio": 288.46,
            "debt_ratio": 31.94,
            "inventory_turnover_ratio": null,
            "account_receivable_turnover_ratio": 2.69,
            "reinvestment_rate": 3.4,
            "research_to_sale_ratio": 45.38,
            "price_fair": 53.67,
            "eps_avg_yearly": 1.53,
            "eps_latest_yearly": 2.72,
            "eps_growth_yearly": 339.26
        },
        "20194": {
            "year_quarter": 20194,
            "year": 2019,
            "quarter": 4,
            "eps": 0.7,
            "eps_growth_year": 26.02,
            "eps_4q": 2.32,
            "eps_4q_growth_year": 33.19,
            "roe": 3.88,
            "roe_4q": 13.17,
            "gross_profit": 217018,
            "gross_margin": 84.89,
            "gross_margin_4q_avg": 84.46,
            "net_income": 26543,
            "net_income_4q": null,
            "revenue": 255645,
            "revenue_4q": null,
            "common_shares": 380435,
            "book_valuer_per_share": 18.26,
            "book_valuer_per_share_4q_avg": 17.74,
            "equity": 694739,
            "current_ratio": 280.42,
            "debt_ratio": 36.53,
            "inventory_turnover_ratio": null,
            "account_receivable_turnover_ratio": 2.98,
            "reinvestment_rate": 9.32,
            "research_to_sale_ratio": 43.16,
            "price_fair": 58.8,
            "eps_avg_yearly": 1.68,
            "eps_latest_yearly": 2.8,
            "eps_growth_yearly": 301.35
        },
        "20201": {
            "year_quarter": 20201,
            "year": 2020,
            "quarter": 1,
            "eps": 0.44,
            "eps_growth_year": 62.96,
            "eps_4q": 2.49,
            "eps_4q_growth_year": 28.25,
            "roe": 2.36,
            "roe_4q": 14,
            "gross_profit": 205924,
            "gross_margin": 82.83,
            "gross_margin_4q_avg": 84.5,
            "net_income": 16569,
            "net_income_4q": null,
            "revenue": 248611,
            "revenue_4q": null,
            "common_shares": 380435,
            "book_valuer_per_share": 18.71,
            "book_valuer_per_share_4q_avg": 17.95,
            "equity": 711859,
            "current_ratio": 302.59,
            "debt_ratio": 34.42,
            "inventory_turnover_ratio": null,
            "account_receivable_turnover_ratio": 2.87,
            "reinvestment_rate": 7.79,
            "research_to_sale_ratio": 44.66,
            "price_fair": 59.02,
            "eps_avg_yearly": 1.69,
            "eps_latest_yearly": 1.76,
            "eps_growth_yearly": 266.74
        },
        "20202": {
            "year_quarter": 20202,
            "year": 2020,
            "quarter": 2,
            "eps": 1.59,
            "eps_growth_year": 137.31,
            "eps_4q": 3.4,
            "eps_4q_growth_year": 58.77,
            "roe": 8.62,
            "roe_4q": 18.78,
            "gross_profit": 265155,
            "gross_margin": 84.31,
            "gross_margin_4q_avg": 84.67,
            "net_income": 60501,
            "net_income_4q": null,
            "revenue": 314491,
            "revenue_4q": null,
            "common_shares": 380435,
            "book_valuer_per_share": 18.2,
            "book_valuer_per_share_4q_avg": 18.23,
            "equity": 692329,
            "current_ratio": 232.66,
            "debt_ratio": 42.24,
            "inventory_turnover_ratio": null,
            "account_receivable_turnover_ratio": 2.81,
            "reinvestment_rate": 6.5,
            "research_to_sale_ratio": 35.46,
            "price_fair": 70.7,
            "eps_avg_yearly": 2.02,
            "eps_latest_yearly": 6.36,
            "eps_growth_yearly": 322.36
        },
        "20203": {
            "year_quarter": 20203,
            "year": 2020,
            "quarter": 3,
            "eps": 1.46,
            "eps_growth_year": 114.71,
            "eps_4q": 4.19,
            "eps_4q_growth_year": 92.17,
            "roe": 7.74,
            "roe_4q": 22.599999999999998,
            "gross_profit": 246462,
            "gross_margin": 80.76,
            "gross_margin_4q_avg": 83.2,
            "net_income": 55611,
            "net_income_4q": null,
            "revenue": 305167,
            "revenue_4q": null,
            "common_shares": 380435,
            "book_valuer_per_share": 19.57,
            "book_valuer_per_share_4q_avg": 18.69,
            "equity": 744593,
            "current_ratio": 296.75,
            "debt_ratio": 34.29,
            "inventory_turnover_ratio": null,
            "account_receivable_turnover_ratio": 2.52,
            "reinvestment_rate": 4.61,
            "research_to_sale_ratio": 34.04,
            "price_fair": 79.61,
            "eps_avg_yearly": 2.27,
            "eps_latest_yearly": 5.84,
            "eps_growth_yearly": 298.69
        },
        "20204": {
            "year_quarter": 20204,
            "year": 2020,
            "quarter": 4,
            "eps": 0.56,
            "eps_growth_year": -19.29,
            "eps_4q": 4.05,
            "eps_4q_growth_year": 74.45,
            "roe": 2.85,
            "roe_4q": 21.57,
            "gross_profit": 204540,
            "gross_margin": 77.99,
            "gross_margin_4q_avg": 81.47,
            "net_income": 21422,
            "net_income_4q": null,
            "revenue": 262267,
            "revenue_4q": null,
            "common_shares": 380435,
            "book_valuer_per_share": 19.94,
            "book_valuer_per_share_4q_avg": 19.11,
            "equity": 758575,
            "current_ratio": 307.26,
            "debt_ratio": 34.06,
            "inventory_turnover_ratio": null,
            "account_receivable_turnover_ratio": 2.45,
            "reinvestment_rate": 4.74,
            "research_to_sale_ratio": 39.16,
            "price_fair": 79.54,
            "eps_avg_yearly": 2.27,
            "eps_latest_yearly": 2.24,
            "eps_growth_yearly": 264.61
        },
        "20211": {
            "year_quarter": 20211,
            "year": 2021,
            "quarter": 1,
            "eps": 0.74,
            "eps_growth_year": 68.18,
            "eps_4q": 4.35,
            "eps_4q_growth_year": 75.12,
            "roe": 3.63,
            "roe_4q": 22.84,
            "gross_profit": 216983,
            "gross_margin": 80.87,
            "gross_margin_4q_avg": 80.98,
            "net_income": 28123,
            "net_income_4q": null,
            "revenue": 268296,
            "revenue_4q": null,
            "common_shares": 380435,
            "book_valuer_per_share": 20.76,
            "book_valuer_per_share_4q_avg": 19.62,
            "equity": 789700,
            "current_ratio": 313.16,
            "debt_ratio": 34.02,
            "inventory_turnover_ratio": null,
            "account_receivable_turnover_ratio": 2.55,
            "reinvestment_rate": 4.71,
            "research_to_sale_ratio": 41.17,
            "price_fair": 85.58,
            "eps_avg_yearly": 2.45,
            "eps_latest_yearly": 2.96,
            "eps_growth_yearly": 294.67
        },
        "20212": {
            "year_quarter": 20212,
            "year": 2021,
            "quarter": 2,
            "eps": 1.03,
            "eps_growth_year": -35.22,
            "eps_4q": 3.8,
            "eps_4q_growth_year": 11.46,
            "roe": 4.86,
            "roe_4q": 19.08,
            "gross_profit": 241044,
            "gross_margin": 78.72,
            "gross_margin_4q_avg": 79.59,
            "net_income": 39225,
            "net_income_4q": null,
            "revenue": 306206,
            "revenue_4q": null,
            "common_shares": 380435,
            "book_valuer_per_share": 21.66,
            "book_valuer_per_share_4q_avg": 20.48,
            "equity": 824097,
            "current_ratio": 291.72,
            "debt_ratio": 35.74,
            "inventory_turnover_ratio": null,
            "account_receivable_turnover_ratio": 2.7,
            "reinvestment_rate": 4.37,
            "research_to_sale_ratio": 34.88,
            "price_fair": 92.66,
            "eps_avg_yearly": 2.65,
            "eps_latest_yearly": 4.12,
            "eps_growth_yearly": 219.47
        },
        "20213": {
            "year_quarter": 20213,
            "year": 2021,
            "quarter": 3,
            "eps": 1.58,
            "eps_growth_year": 8.22,
            "eps_4q": 3.92,
            "eps_4q_growth_year": -6.38,
            "roe": 7.66,
            "roe_4q": 19,
            "gross_profit": 280802,
            "gross_margin": 81.7,
            "gross_margin_4q_avg": 79.82,
            "net_income": 60298,
            "net_income_4q": null,
            "revenue": 343681,
            "revenue_4q": null,
            "common_shares": 380435,
            "book_valuer_per_share": 19.74,
            "book_valuer_per_share_4q_avg": 20.53,
            "equity": 751134,
            "current_ratio": 276.64,
            "debt_ratio": 37.65,
            "inventory_turnover_ratio": null,
            "account_receivable_turnover_ratio": 2.62,
            "reinvestment_rate": 5.23,
            "research_to_sale_ratio": 33.11,
            "price_fair": 104.65,
            "eps_avg_yearly": 2.99,
            "eps_latest_yearly": 6.32,
            "eps_growth_yearly": 233.95
        },
        "20214": {
            "year_quarter": 20214,
            "year": 2021,
            "quarter": 4,
            "eps": 2.58,
            "eps_growth_year": 358.65,
            "eps_4q": 5.94,
            "eps_4q_growth_year": 46.59,
            "roe": 12.26,
            "roe_4q": 28.41,
            "gross_profit": 317579,
            "gross_margin": 83.09,
            "gross_margin_4q_avg": 81.1,
            "net_income": 98253,
            "net_income_4q": null,
            "revenue": 382219,
            "revenue_4q": null,
            "common_shares": 380435,
            "book_valuer_per_share": 22.37,
            "book_valuer_per_share_4q_avg": 21.13,
            "equity": 851143,
            "current_ratio": 298.39,
            "debt_ratio": 34.19,
            "inventory_turnover_ratio": null,
            "account_receivable_turnover_ratio": 2.63,
            "reinvestment_rate": 6.04,
            "research_to_sale_ratio": 31.51,
            "price_fair": 122.85,
            "eps_avg_yearly": 3.51,
            "eps_latest_yearly": 10.32,
            "eps_growth_yearly": 215.25
        },
        "20221": {
            "year_quarter": 20221,
            "year": 2022,
            "quarter": 1,
            "eps": 1.93,
            "eps_growth_year": 160.81,
            "eps_4q": 7.13,
            "eps_4q_growth_year": 63.73,
            "roe": 8.23,
            "roe_4q": 33.010000000000005,
            "gross_profit": 306855,
            "gross_margin": 85.96,
            "gross_margin_4q_avg": 82.37,
            "net_income": 73460,
            "net_income_4q": null,
            "revenue": 356989,
            "revenue_4q": null,
            "common_shares": 380435,
            "book_valuer_per_share": 24.54,
            "book_valuer_per_share_4q_avg": 22.08,
            "equity": 933506,
            "current_ratio": 323.67,
            "debt_ratio": 31.68,
            "inventory_turnover_ratio": null,
            "account_receivable_turnover_ratio": 2.32,
            "reinvestment_rate": 4.91,
            "research_to_sale_ratio": 39.21,
            "price_fair": 139.04,
            "eps_avg_yearly": 3.97,
            "eps_latest_yearly": 7.72,
            "eps_growth_yearly": 229.96
        },
        "20222": {
            "year_quarter": 20222,
            "year": 2022,
            "quarter": 2,
            "eps": 1.88,
            "eps_growth_year": 82.52,
            "eps_4q": 7.98,
            "eps_4q_growth_year": 110.26,
            "roe": 8.19,
            "roe_4q": 36.34,
            "gross_profit": 284903,
            "gross_margin": 82.73,
            "gross_margin_4q_avg": 83.37,
            "net_income": 71560,
            "net_income_4q": null,
            "revenue": 344361,
            "revenue_4q": null,
            "common_shares": 380435,
            "book_valuer_per_share": 21.42,
            "book_valuer_per_share_4q_avg": 22.02,
            "equity": 814774,
            "current_ratio": 220.2,
            "debt_ratio": 44.28,
            "inventory_turnover_ratio": null,
            "account_receivable_turnover_ratio": 2.05,
            "reinvestment_rate": 4.06,
            "research_to_sale_ratio": 37.6,
            "price_fair": 151.46,
            "eps_avg_yearly": 4.33,
            "eps_latest_yearly": 7.52,
            "eps_growth_yearly": 110.56
        },
        "20223": {
            "year_quarter": 20223,
            "year": 2022,
            "quarter": 3,
            "eps": 2.09,
            "eps_growth_year": 32.28,
            "eps_4q": 8.48,
            "eps_4q_growth_year": 116.5,
            "roe": 9.21,
            "roe_4q": 37.89,
            "gross_profit": 292511,
            "gross_margin": 81.98,
            "gross_margin_4q_avg": 83.44,
            "net_income": 79462,
            "net_income_4q": null,
            "revenue": 356827,
            "revenue_4q": null,
            "common_shares": 380435,
            "book_valuer_per_share": 23.93,
            "book_valuer_per_share_4q_avg": 23.07,
            "equity": 910251,
            "current_ratio": 342.31,
            "debt_ratio": 29.64,
            "inventory_turnover_ratio": null,
            "account_receivable_turnover_ratio": 1.89,
            "reinvestment_rate": 4.09,
            "research_to_sale_ratio": 35.46,
            "price_fair": 164.06,
            "eps_avg_yearly": 4.69,
            "eps_latest_yearly": 8.36,
            "eps_growth_yearly": 103.02
        },
        "20224": {
            "year_quarter": 20224,
            "year": 2022,
            "quarter": 4,
            "eps": 1.56,
            "eps_growth_year": -39.73,
            "eps_4q": 7.46,
            "eps_4q_growth_year": 25.59,
            "roe": 6.32,
            "roe_4q": 31.95,
            "gross_profit": 274575,
            "gross_margin": 78.81,
            "gross_margin_4q_avg": 82.37,
            "net_income": 59215,
            "net_income_4q": null,
            "revenue": 348396,
            "revenue_4q": null,
            "common_shares": 380435,
            "book_valuer_per_share": 25.33,
            "book_valuer_per_share_4q_avg": 23.81,
            "equity": 963727,
            "current_ratio": 341.21,
            "debt_ratio": 29.37,
            "inventory_turnover_ratio": null,
            "account_receivable_turnover_ratio": 1.87,
            "reinvestment_rate": 3.65,
            "research_to_sale_ratio": 34.06,
            "price_fair": 172.9,
            "eps_avg_yearly": 4.94,
            "eps_latest_yearly": 6.24,
            "eps_growth_yearly": 100.53
        },
        "20231": {
            "year_quarter": 20231,
            "year": 2023,
            "quarter": 1,
            "eps": 0.8,
            "eps_growth_year": -58.55,
            "eps_4q": 6.33,
            "eps_4q_growth_year": -11.22,
            "roe": 3.56,
            "roe_4q": 27.28,
            "gross_profit": 232656,
            "gross_margin": 77.32,
            "gross_margin_4q_avg": 80.21,
            "net_income": 30569,
            "net_income_4q": null,
            "revenue": 300916,
            "revenue_4q": null,
            "common_shares": 380435,
            "book_valuer_per_share": 19.78,
            "book_valuer_per_share_4q_avg": 22.62,
            "equity": 752441,
            "current_ratio": 218.82,
            "debt_ratio": 44.48,
            "inventory_turnover_ratio": null,
            "account_receivable_turnover_ratio": 1.71,
            "reinvestment_rate": 2.88,
            "research_to_sale_ratio": 42.44,
            "price_fair": 177.54,
            "eps_avg_yearly": 5.07,
            "eps_latest_yearly": 3.2,
            "eps_growth_yearly": 101.08
        },
        "20232": {
            "year_quarter": 20232,
            "year": 2023,
            "quarter": 2,
            "eps": 0.74,
            "eps_growth_year": -60.64,
            "eps_4q": 5.19,
            "eps_4q_growth_year": -35,
            "roe": 3.65,
            "roe_4q": 22.740000000000002,
            "gross_profit": 252056,
            "gross_margin": 80.28,
            "gross_margin_4q_avg": 79.6,
            "net_income": 28088,
            "net_income_4q": null,
            "revenue": 313957,
            "revenue_4q": null,
            "common_shares": 380435,
            "book_valuer_per_share": 20.68,
            "book_valuer_per_share_4q_avg": 22.43,
            "equity": 786757,
            "current_ratio": 216.92,
            "debt_ratio": 44.72,
            "inventory_turnover_ratio": null,
            "account_receivable_turnover_ratio": 1.75,
            "reinvestment_rate": 2.55,
            "research_to_sale_ratio": 45.21,
            "price_fair": 178.15,
            "eps_avg_yearly": 5.09,
            "eps_latest_yearly": 2.96,
            "eps_growth_yearly": 62.17
        },
        "20233": {
            "year_quarter": 20233,
            "year": 2023,
            "quarter": 3,
            "eps": 1.8,
            "eps_growth_year": -13.88,
            "eps_4q": 4.9,
            "eps_4q_growth_year": -42.24,
            "roe": 8.29,
            "roe_4q": 21.82,
            "gross_profit": 281674,
            "gross_margin": 78.91,
            "gross_margin_4q_avg": 78.83,
            "net_income": 68542,
            "net_income_4q": null,
            "revenue": 356964,
            "revenue_4q": null,
            "common_shares": 380435,
            "book_valuer_per_share": 22.77,
            "book_valuer_per_share_4q_avg": 22.14,
            "equity": 866400,
            "current_ratio": 297.77,
            "debt_ratio": 35.43,
            "inventory_turnover_ratio": null,
            "account_receivable_turnover_ratio": 1.87,
            "reinvestment_rate": 2.08,
            "research_to_sale_ratio": 35.61,
            "price_fair": 187.95,
            "eps_avg_yearly": 5.37,
            "eps_latest_yearly": 7.2,
            "eps_growth_yearly": 97.6
        }
    },
    "months": {
        "2003-01": {
            "month": "2003-01",
            "price": "28.68",
            "revenue": 9873
        },
        "2003-02": {
            "month": "2003-02",
            "price": "25.27",
            "revenue": 9637
        },
        "2003-03": {
            "month": "2003-03",
            "price": "24.83",
            "revenue": 26575
        },
        "2003-04": {
            "month": "2003-04",
            "price": "22.24",
            "revenue": 7173
        },
        "2003-05": {
            "month": "2003-05",
            "price": "18.32",
            "revenue": 5693
        },
        "2003-06": {
            "month": "2003-06",
            "price": "23.40",
            "revenue": 21680
        },
        "2003-07": {
            "month": "2003-07",
            "price": "25.73",
            "revenue": 7510
        },
        "2003-08": {
            "month": "2003-08",
            "price": "20.60",
            "revenue": 7389
        },
        "2003-09": {
            "month": "2003-09",
            "price": "18.42",
            "revenue": 14934
        },
        "2003-10": {
            "month": "2003-10",
            "price": "18.04",
            "revenue": 8463
        },
        "2003-11": {
            "month": "2003-11",
            "price": "17.86",
            "revenue": 6877
        },
        "2003-12": {
            "month": "2003-12",
            "price": "17.39",
            "revenue": 23981
        },
        "2004-01": {
            "month": "2004-01",
            "price": "17.93",
            "revenue": 5582
        },
        "2004-02": {
            "month": "2004-02",
            "price": "19.52",
            "revenue": 6270
        },
        "2004-03": {
            "month": "2004-03",
            "price": "22.97",
            "revenue": 15616
        },
        "2004-04": {
            "month": "2004-04",
            "price": "21.75",
            "revenue": 5050
        },
        "2004-05": {
            "month": "2004-05",
            "price": "16.70",
            "revenue": 6187
        },
        "2004-06": {
            "month": "2004-06",
            "price": "14.36",
            "revenue": 9023
        },
        "2004-07": {
            "month": "2004-07",
            "price": "9.69",
            "revenue": 7101
        },
        "2004-08": {
            "month": "2004-08",
            "price": "8.86",
            "revenue": 15126
        },
        "2004-09": {
            "month": "2004-09",
            "price": "9.21",
            "revenue": 10724
        },
        "2004-10": {
            "month": "2004-10",
            "price": "10.16",
            "revenue": 9025
        },
        "2004-11": {
            "month": "2004-11",
            "price": "9.43",
            "revenue": 11108
        },
        "2004-12": {
            "month": "2004-12",
            "price": "9.50",
            "revenue": 16445
        },
        "2005-01": {
            "month": "2005-01",
            "price": "9.35",
            "revenue": 13275
        },
        "2005-02": {
            "month": "2005-02",
            "price": "9.27",
            "revenue": 8808
        },
        "2005-03": {
            "month": "2005-03",
            "price": "10.74",
            "revenue": 20159
        },
        "2005-04": {
            "month": "2005-04",
            "price": "12.40",
            "revenue": 15109
        },
        "2005-05": {
            "month": "2005-05",
            "price": "13.08",
            "revenue": 15175
        },
        "2005-06": {
            "month": "2005-06",
            "price": "18.42",
            "revenue": 20595
        },
        "2005-07": {
            "month": "2005-07",
            "price": "39.28",
            "revenue": 16727
        },
        "2005-08": {
            "month": "2005-08",
            "price": "46.79",
            "revenue": 13953
        },
        "2005-09": {
            "month": "2005-09",
            "price": "43.10",
            "revenue": 18221
        },
        "2005-10": {
            "month": "2005-10",
            "price": "34.51",
            "revenue": 17503
        },
        "2005-11": {
            "month": "2005-11",
            "price": "30.69",
            "revenue": 15779
        },
        "2005-12": {
            "month": "2005-12",
            "price": "33.01",
            "revenue": 21048
        },
        "2006-01": {
            "month": "2006-01",
            "price": "45.17",
            "revenue": 15802
        },
        "2006-02": {
            "month": "2006-02",
            "price": "39.72",
            "revenue": 12096
        },
        "2006-03": {
            "month": "2006-03",
            "price": "34.75",
            "revenue": 18367
        },
        "2006-04": {
            "month": "2006-04",
            "price": "38.51",
            "revenue": 11670
        },
        "2006-05": {
            "month": "2006-05",
            "price": "37.44",
            "revenue": 16504
        },
        "2006-06": {
            "month": "2006-06",
            "price": "32.19",
            "revenue": 18711
        },
        "2006-07": {
            "month": "2006-07",
            "price": "28.67",
            "revenue": 17168
        },
        "2006-08": {
            "month": "2006-08",
            "price": "26.62",
            "revenue": 17644
        },
        "2006-09": {
            "month": "2006-09",
            "price": "26.68",
            "revenue": 22814
        },
        "2006-10": {
            "month": "2006-10",
            "price": "35.22",
            "revenue": 15092
        },
        "2006-11": {
            "month": "2006-11",
            "price": "34.80",
            "revenue": 15100
        },
        "2006-12": {
            "month": "2006-12",
            "price": "37.07",
            "revenue": 25714
        },
        "2007-01": {
            "month": "2007-01",
            "price": "41.97",
            "revenue": 16274
        },
        "2007-02": {
            "month": "2007-02",
            "price": "37.99",
            "revenue": 14018
        },
        "2007-03": {
            "month": "2007-03",
            "price": "37.00",
            "revenue": 23325
        },
        "2007-04": {
            "month": "2007-04",
            "price": "40.54",
            "revenue": 12537
        },
        "2007-05": {
            "month": "2007-05",
            "price": "39.40",
            "revenue": 22576
        },
        "2007-06": {
            "month": "2007-06",
            "price": "44.00",
            "revenue": 16503
        },
        "2007-07": {
            "month": "2007-07",
            "price": "86.49",
            "revenue": 19052
        },
        "2007-08": {
            "month": "2007-08",
            "price": "114.57",
            "revenue": 17956
        },
        "2007-09": {
            "month": "2007-09",
            "price": "108.52",
            "revenue": 25725
        },
        "2007-10": {
            "month": "2007-10",
            "price": "112.52",
            "revenue": 21261
        },
        "2007-11": {
            "month": "2007-11",
            "price": "114.12",
            "revenue": 18708
        },
        "2007-12": {
            "month": "2007-12",
            "price": "85.50",
            "revenue": 49764
        },
        "2008-01": {
            "month": "2008-01",
            "price": "68.90",
            "revenue": 35892
        },
        "2008-02": {
            "month": "2008-02",
            "price": "75.04",
            "revenue": 25287
        },
        "2008-03": {
            "month": "2008-03",
            "price": "84.30",
            "revenue": 56016
        },
        "2008-04": {
            "month": "2008-04",
            "price": "99.69",
            "revenue": 37838
        },
        "2008-05": {
            "month": "2008-05",
            "price": "109.58",
            "revenue": 29717
        },
        "2008-06": {
            "month": "2008-06",
            "price": "96.30",
            "revenue": 51687
        },
        "2008-07": {
            "month": "2008-07",
            "price": "92.68",
            "revenue": 36457
        },
        "2008-08": {
            "month": "2008-08",
            "price": "97.42",
            "revenue": 46460
        },
        "2008-09": {
            "month": "2008-09",
            "price": "72.73",
            "revenue": 62673
        },
        "2008-10": {
            "month": "2008-10",
            "price": "46.75",
            "revenue": 49916
        },
        "2008-11": {
            "month": "2008-11",
            "price": "49.80",
            "revenue": 59444
        },
        "2008-12": {
            "month": "2008-12",
            "price": "54.24",
            "revenue": 69464
        },
        "2009-01": {
            "month": "2009-01",
            "price": "58.95",
            "revenue": 59336
        },
        "2009-02": {
            "month": "2009-02",
            "price": "71.19",
            "revenue": 50785
        },
        "2009-03": {
            "month": "2009-03",
            "price": "87.10",
            "revenue": 89169
        },
        "2009-04": {
            "month": "2009-04",
            "price": "119.25",
            "revenue": 53447
        },
        "2009-05": {
            "month": "2009-05",
            "price": "140.44",
            "revenue": 71982
        },
        "2009-06": {
            "month": "2009-06",
            "price": "167.09",
            "revenue": 89897
        },
        "2009-07": {
            "month": "2009-07",
            "price": "184.33",
            "revenue": 54330
        },
        "2009-08": {
            "month": "2009-08",
            "price": "158.48",
            "revenue": 56631
        },
        "2009-09": {
            "month": "2009-09",
            "price": "151.30",
            "revenue": 106380
        },
        "2009-10": {
            "month": "2009-10",
            "price": "143.00",
            "revenue": 68331
        },
        "2009-11": {
            "month": "2009-11",
            "price": "143.43",
            "revenue": 68440
        },
        "2009-12": {
            "month": "2009-12",
            "price": "143.78",
            "revenue": 108253
        },
        "2010-01": {
            "month": "2010-01",
            "price": "145.28",
            "revenue": 65630
        },
        "2010-02": {
            "month": "2010-02",
            "price": "120.29",
            "revenue": 71196
        },
        "2010-03": {
            "month": "2010-03",
            "price": "123.83",
            "revenue": 85458
        },
        "2010-04": {
            "month": "2010-04",
            "price": "126.71",
            "revenue": 82052
        },
        "2010-05": {
            "month": "2010-05",
            "price": "111.64",
            "revenue": 73571
        },
        "2010-06": {
            "month": "2010-06",
            "price": "108.55",
            "revenue": 80710
        },
        "2010-07": {
            "month": "2010-07",
            "price": "101.55",
            "revenue": 76325
        },
        "2010-08": {
            "month": "2010-08",
            "price": "88.40",
            "revenue": 75984
        },
        "2010-09": {
            "month": "2010-09",
            "price": "87.36",
            "revenue": 91364
        },
        "2010-10": {
            "month": "2010-10",
            "price": "93.20",
            "revenue": 79394
        },
        "2010-11": {
            "month": "2010-11",
            "price": "94.12",
            "revenue": 106919
        },
        "2010-12": {
            "month": "2010-12",
            "price": "110.07",
            "revenue": 133355
        },
        "2011-01": {
            "month": "2011-01",
            "price": "116.90",
            "revenue": 144059
        },
        "2011-02": {
            "month": "2011-02",
            "price": "130.93",
            "revenue": 110144
        },
        "2011-03": {
            "month": "2011-03",
            "price": "159.07",
            "revenue": 96029
        },
        "2011-04": {
            "month": "2011-04",
            "price": "149.58",
            "revenue": 107957
        },
        "2011-05": {
            "month": "2011-05",
            "price": "144.36",
            "revenue": 99685
        },
        "2011-06": {
            "month": "2011-06",
            "price": "159.45",
            "revenue": 117079
        },
        "2011-07": {
            "month": "2011-07",
            "price": "145.55",
            "revenue": 94162
        },
        "2011-08": {
            "month": "2011-08",
            "price": "116.07",
            "revenue": 96326
        },
        "2011-09": {
            "month": "2011-09",
            "price": "115.21",
            "revenue": 141754
        },
        "2011-10": {
            "month": "2011-10",
            "price": "134.28",
            "revenue": 102570
        },
        "2011-11": {
            "month": "2011-11",
            "price": "129.07",
            "revenue": 112453
        },
        "2011-12": {
            "month": "2011-12",
            "price": "142.52",
            "revenue": 103929
        },
        "2012-01": {
            "month": "2012-01",
            "price": "145.70",
            "revenue": 71629
        },
        "2012-02": {
            "month": "2012-02",
            "price": "152.65",
            "revenue": 71443
        },
        "2012-03": {
            "month": "2012-03",
            "price": "155.24",
            "revenue": 146554
        },
        "2012-04": {
            "month": "2012-04",
            "price": "142.22",
            "revenue": 87669
        },
        "2012-05": {
            "month": "2012-05",
            "price": "135.25",
            "revenue": 101256
        },
        "2012-06": {
            "month": "2012-06",
            "price": "133.88",
            "revenue": 97391
        },
        "2012-07": {
            "month": "2012-07",
            "price": "117.84",
            "revenue": 77741
        },
        "2012-08": {
            "month": "2012-08",
            "price": "111.86",
            "revenue": 86287
        },
        "2012-09": {
            "month": "2012-09",
            "price": "117.72",
            "revenue": 122708
        },
        "2012-10": {
            "month": "2012-10",
            "price": "111.39",
            "revenue": 81317
        },
        "2012-11": {
            "month": "2012-11",
            "price": "79.88",
            "revenue": 86531
        },
        "2012-12": {
            "month": "2012-12",
            "price": "79.12",
            "revenue": 89219
        },
        "2013-01": {
            "month": "2013-01",
            "price": "75.15",
            "revenue": 54838
        },
        "2013-02": {
            "month": "2013-02",
            "price": "72.62",
            "revenue": 52211
        },
        "2013-03": {
            "month": "2013-03",
            "price": "71.80",
            "revenue": 69172
        },
        "2013-04": {
            "month": "2013-04",
            "price": "59.40",
            "revenue": 66927
        },
        "2013-05": {
            "month": "2013-05",
            "price": "55.25",
            "revenue": 118059
        },
        "2013-06": {
            "month": "2013-06",
            "price": "57.83",
            "revenue": 93200
        },
        "2013-07": {
            "month": "2013-07",
            "price": "49.57",
            "revenue": 73482
        },
        "2013-08": {
            "month": "2013-08",
            "price": "48.19",
            "revenue": 81063
        },
        "2013-09": {
            "month": "2013-09",
            "price": "55.55",
            "revenue": 82480
        },
        "2013-10": {
            "month": "2013-10",
            "price": "50.90",
            "revenue": 55405
        },
        "2013-11": {
            "month": "2013-11",
            "price": "46.41",
            "revenue": 65403
        },
        "2013-12": {
            "month": "2013-12",
            "price": "47.28",
            "revenue": 136394
        },
        "2014-01": {
            "month": "2014-01",
            "price": "53.44",
            "revenue": 52492
        },
        "2014-02": {
            "month": "2014-02",
            "price": "52.17",
            "revenue": 71628
        },
        "2014-03": {
            "month": "2014-03",
            "price": "54.94",
            "revenue": 79687
        },
        "2014-04": {
            "month": "2014-04",
            "price": "61.51",
            "revenue": 88374
        },
        "2014-05": {
            "month": "2014-05",
            "price": "57.83",
            "revenue": 60965
        },
        "2014-06": {
            "month": "2014-06",
            "price": "59.42",
            "revenue": 73593
        },
        "2014-07": {
            "month": "2014-07",
            "price": "53.59",
            "revenue": 68884
        },
        "2014-08": {
            "month": "2014-08",
            "price": "49.98",
            "revenue": 69458
        },
        "2014-09": {
            "month": "2014-09",
            "price": "55.70",
            "revenue": 81736
        },
        "2014-10": {
            "month": "2014-10",
            "price": "51.46",
            "revenue": 70412
        },
        "2014-11": {
            "month": "2014-11",
            "price": "49.72",
            "revenue": 65993
        },
        "2014-12": {
            "month": "2014-12",
            "price": "49.99",
            "revenue": 81509
        },
        "2015-01": {
            "month": "2015-01",
            "price": "49.22",
            "revenue": 82998
        },
        "2015-02": {
            "month": "2015-02",
            "price": "48.09",
            "revenue": 53833
        },
        "2015-03": {
            "month": "2015-03",
            "price": "47.18",
            "revenue": 66764
        },
        "2015-04": {
            "month": "2015-04",
            "price": "41.76",
            "revenue": 60154
        },
        "2015-05": {
            "month": "2015-05",
            "price": "36.19",
            "revenue": 47789
        },
        "2015-06": {
            "month": "2015-06",
            "price": "34.47",
            "revenue": 108466
        },
        "2015-07": {
            "month": "2015-07",
            "price": "33.30",
            "revenue": 64305
        },
        "2015-08": {
            "month": "2015-08",
            "price": "28.93",
            "revenue": 52267
        },
        "2015-09": {
            "month": "2015-09",
            "price": "28.04",
            "revenue": 80602
        },
        "2015-10": {
            "month": "2015-10",
            "price": "30.61",
            "revenue": 71728
        },
        "2015-11": {
            "month": "2015-11",
            "price": "30.42",
            "revenue": 54308
        },
        "2015-12": {
            "month": "2015-12",
            "price": "25.87",
            "revenue": 86900
        },
        "2016-01": {
            "month": "2016-01",
            "price": "22.14",
            "revenue": 60901
        },
        "2016-02": {
            "month": "2016-02",
            "price": "22.76",
            "revenue": 31315
        },
        "2016-03": {
            "month": "2016-03",
            "price": "23.45",
            "revenue": 80834
        },
        "2016-04": {
            "month": "2016-04",
            "price": "28.48",
            "revenue": 58363
        },
        "2016-05": {
            "month": "2016-05",
            "price": "28.26",
            "revenue": 48651
        },
        "2016-06": {
            "month": "2016-06",
            "price": "31.33",
            "revenue": 62696
        },
        "2016-07": {
            "month": "2016-07",
            "price": "33.85",
            "revenue": 61007
        },
        "2016-08": {
            "month": "2016-08",
            "price": "31.85",
            "revenue": 44356
        },
        "2016-09": {
            "month": "2016-09",
            "price": "30.96",
            "revenue": 73765
        },
        "2016-10": {
            "month": "2016-10",
            "price": "29.60",
            "revenue": 65441
        },
        "2016-11": {
            "month": "2016-11",
            "price": "25.25",
            "revenue": 54824
        },
        "2016-12": {
            "month": "2016-12",
            "price": "24.28",
            "revenue": 77665
        },
        "2017-01": {
            "month": "2017-01",
            "price": "24.04",
            "revenue": 62469
        },
        "2017-02": {
            "month": "2017-02",
            "price": "24.96",
            "revenue": 36018
        },
        "2017-03": {
            "month": "2017-03",
            "price": "26.92",
            "revenue": 93197
        },
        "2017-04": {
            "month": "2017-04",
            "price": "30.38",
            "revenue": 61035
        },
        "2017-05": {
            "month": "2017-05",
            "price": "30.33",
            "revenue": 56584
        },
        "2017-06": {
            "month": "2017-06",
            "price": "41.93",
            "revenue": 72192
        },
        "2017-07": {
            "month": "2017-07",
            "price": "46.51",
            "revenue": 66625
        },
        "2017-08": {
            "month": "2017-08",
            "price": "50.10",
            "revenue": 50217
        },
        "2017-09": {
            "month": "2017-09",
            "price": "56.10",
            "revenue": 80180
        },
        "2017-10": {
            "month": "2017-10",
            "price": "54.14",
            "revenue": 79383
        },
        "2017-11": {
            "month": "2017-11",
            "price": "56.10",
            "revenue": 55290
        },
        "2017-12": {
            "month": "2017-12",
            "price": "49.25",
            "revenue": 73458
        },
        "2018-01": {
            "month": "2018-01",
            "price": "47.47",
            "revenue": 71339
        },
        "2018-02": {
            "month": "2018-02",
            "price": "40.75",
            "revenue": 39265
        },
        "2018-03": {
            "month": "2018-03",
            "price": "42.72",
            "revenue": 79581
        },
        "2018-04": {
            "month": "2018-04",
            "price": "39.67",
            "revenue": 80486
        },
        "2018-05": {
            "month": "2018-05",
            "price": "38.90",
            "revenue": 59343
        },
        "2018-06": {
            "month": "2018-06",
            "price": "43.35",
            "revenue": 61891
        },
        "2018-07": {
            "month": "2018-07",
            "price": "39.22",
            "revenue": 86728
        },
        "2018-08": {
            "month": "2018-08",
            "price": "39.15",
            "revenue": 65430
        },
        "2018-09": {
            "month": "2018-09",
            "price": "39.95",
            "revenue": 70391
        },
        "2018-10": {
            "month": "2018-10",
            "price": "32.57",
            "revenue": 92216
        },
        "2018-11": {
            "month": "2018-11",
            "price": "33.07",
            "revenue": 68490
        },
        "2018-12": {
            "month": "2018-12",
            "price": "36.77",
            "revenue": 74058
        },
        "2019-01": {
            "month": "2019-01",
            "price": "37.21",
            "revenue": 87701
        },
        "2019-02": {
            "month": "2019-02",
            "price": "40.77",
            "revenue": 44030
        },
        "2019-03": {
            "month": "2019-03",
            "price": "44.78",
            "revenue": 87272
        },
        "2019-04": {
            "month": "2019-04",
            "price": "45.23",
            "revenue": 81247
        },
        "2019-05": {
            "month": "2019-05",
            "price": "42.51",
            "revenue": 74065
        },
        "2019-06": {
            "month": "2019-06",
            "price": "39.87",
            "revenue": 84230
        },
        "2019-07": {
            "month": "2019-07",
            "price": "41.24",
            "revenue": 103911
        },
        "2019-08": {
            "month": "2019-08",
            "price": "50.53",
            "revenue": 63914
        },
        "2019-09": {
            "month": "2019-09",
            "price": "62.86",
            "revenue": 77467
        },
        "2019-10": {
            "month": "2019-10",
            "price": "63.70",
            "revenue": 90397
        },
        "2019-11": {
            "month": "2019-11",
            "price": "63.26",
            "revenue": 73545
        },
        "2019-12": {
            "month": "2019-12",
            "price": "65.73",
            "revenue": 91703
        },
        "2020-01": {
            "month": "2020-01",
            "price": "63.70",
            "revenue": 93453
        },
        "2020-02": {
            "month": "2020-02",
            "price": "58.59",
            "revenue": 71317
        },
        "2020-03": {
            "month": "2020-03",
            "price": "49.53",
            "revenue": 83841
        },
        "2020-04": {
            "month": "2020-04",
            "price": "57.20",
            "revenue": 106481
        },
        "2020-05": {
            "month": "2020-05",
            "price": "68.30",
            "revenue": 95571
        },
        "2020-06": {
            "month": "2020-06",
            "price": "91.02",
            "revenue": 112439
        },
        "2020-07": {
            "month": "2020-07",
            "price": "114.95",
            "revenue": 97206
        },
        "2020-08": {
            "month": "2020-08",
            "price": "108.62",
            "revenue": 78988
        },
        "2020-09": {
            "month": "2020-09",
            "price": "99.31",
            "revenue": 128973
        },
        "2020-10": {
            "month": "2020-10",
            "price": "93.91",
            "revenue": 83364
        },
        "2020-11": {
            "month": "2020-11",
            "price": "91.75",
            "revenue": 86500
        },
        "2020-12": {
            "month": "2020-12",
            "price": "93.80",
            "revenue": 92403
        },
        "2021-01": {
            "month": "2021-01",
            "price": "97.79",
            "revenue": 93587
        },
        "2021-02": {
            "month": "2021-02",
            "price": "92.84",
            "revenue": 68997
        },
        "2021-03": {
            "month": "2021-03",
            "price": "92.27",
            "revenue": 105712
        },
        "2021-04": {
            "month": "2021-04",
            "price": "91.26",
            "revenue": 103341
        },
        "2021-05": {
            "month": "2021-05",
            "price": "75.43",
            "revenue": 84283
        },
        "2021-06": {
            "month": "2021-06",
            "price": "79.29",
            "revenue": 118582
        },
        "2021-07": {
            "month": "2021-07",
            "price": "86.75",
            "revenue": 109129
        },
        "2021-08": {
            "month": "2021-08",
            "price": "79.14",
            "revenue": 110862
        },
        "2021-09": {
            "month": "2021-09",
            "price": "74.12",
            "revenue": 123690
        },
        "2021-10": {
            "month": "2021-10",
            "price": "72.43",
            "revenue": 122728
        },
        "2021-11": {
            "month": "2021-11",
            "price": "84.21",
            "revenue": 115828
        },
        "2021-12": {
            "month": "2021-12",
            "price": "85.71",
            "revenue": 143663
        },
        "2022-01": {
            "month": "2022-01",
            "price": "83.69",
            "revenue": 120913
        },
        "2022-02": {
            "month": "2022-02",
            "price": "89.93",
            "revenue": 103934
        },
        "2022-03": {
            "month": "2022-03",
            "price": "103.53",
            "revenue": 132142
        },
        "2022-04": {
            "month": "2022-04",
            "price": "101.09",
            "revenue": 103722
        },
        "2022-05": {
            "month": "2022-05",
            "price": "90.96",
            "revenue": 101262
        },
        "2022-06": {
            "month": "2022-06",
            "price": "82.68",
            "revenue": 139377
        },
        "2022-07": {
            "month": "2022-07",
            "price": "71.76",
            "revenue": 104864
        },
        "2022-08": {
            "month": "2022-08",
            "price": "74.30",
            "revenue": 107167
        },
        "2022-09": {
            "month": "2022-09",
            "price": "69.58",
            "revenue": 144796
        },
        "2022-10": {
            "month": "2022-10",
            "price": "71.39",
            "revenue": 106218
        },
        "2022-11": {
            "month": "2022-11",
            "price": "77.71",
            "revenue": 96979
        },
        "2022-12": {
            "month": "2022-12",
            "price": "90.08",
            "revenue": 145199
        },
        "2023-01": {
            "month": "2023-01",
            "price": "89.61",
            "revenue": 93520
        },
        "2023-02": {
            "month": "2023-02",
            "price": "100.70",
            "revenue": 89295
        },
        "2023-03": {
            "month": "2023-03",
            "price": "124.59",
            "revenue": 118101
        },
        "2023-04": {
            "month": "2023-04",
            "price": "127.41",
            "revenue": 92149
        },
        "2023-05": {
            "month": "2023-05",
            "price": "118.14",
            "revenue": 89475
        },
        "2023-06": {
            "month": "2023-06",
            "price": "114.72",
            "revenue": 132333
        },
        "2023-07": {
            "month": "2023-07",
            "price": "122.86",
            "revenue": 99383
        },
        "2023-08": {
            "month": "2023-08",
            "price": "142.64",
            "revenue": 103355
        },
        "2023-09": {
            "month": "2023-09",
            "price": "147.42",
            "revenue": 154226
        },
        "2023-10": {
            "month": "2023-10",
            "price": "162.60",
            "revenue": 103155
        },
        "2023-11": {
            "month": "2023-11",
            "price": "165.36",
            "revenue": 105130
        },
        "2023-12": {
            "month": "2023-12",
            "price": "223.45",
            "revenue": 162340
        }
    }
}
