{
    "summary": {
        "stock_name": "旺玖",
        "stock_id": "6233",
        "category": "半導體",
        "main_business": "積體電路之研發、設計與銷售。<br>電腦週邊設備、顯示器之研發、設計。<br>電子零件、基板模組及電子產品之研發、設計及代理與銷售。",
        "website_url": "http://www.prolific.com.tw",
        "ceo": "張景棠",
        "pe_ratio": 100,
        "report_year_from": 2001,
        "report_year_to": 2023,
        "age": 23,
        "eps_negative_percentage": 43,
        "eps_growth_avg": {
            "last_all": -13.69,
            "last_2y": -8.05,
            "last_4y": 18.96,
            "last_8y": 18.96,
            "last_12y": 18.96,
            "last_16y": -20.51,
            "last_20y": -25.06,
            "at_2006_last_3y": -31.88,
            "at_2007_last_3y": -53.51,
            "at_2008_last_3y": -92.36,
            "at_2009_last_3y": -99.63,
            "at_2010_last_3y": -99.44,
            "at_2011_last_3y": -99.44,
            "at_2012_last_3y": -100,
            "at_2013_last_3y": null,
            "at_2014_last_3y": null,
            "at_2015_last_3y": null,
            "at_2016_last_3y": null,
            "at_2017_last_3y": null,
            "at_2018_last_3y": null,
            "at_2019_last_3y": null,
            "at_2020_last_3y": 100,
            "at_2021_last_3y": 100,
            "at_2022_last_3y": 56,
            "at_2023_last_3y": 18.96,
            "at_2024_last_3y": 18.96,
            "at_2006_last_all": -5.5,
            "at_2007_last_all": -5.5,
            "at_2008_last_all": -21.07,
            "at_2009_last_all": -32.34,
            "at_2010_last_all": -32.34,
            "at_2011_last_all": -32.34,
            "at_2012_last_all": -32.34,
            "at_2013_last_all": -32.34,
            "at_2014_last_all": -32.34,
            "at_2015_last_all": -32.34,
            "at_2016_last_all": -32.34,
            "at_2017_last_all": -32.34,
            "at_2018_last_all": -32.34,
            "at_2019_last_all": -32.34,
            "at_2020_last_all": -15.8,
            "at_2021_last_all": -2.93,
            "at_2022_last_all": -5.84,
            "at_2023_last_all": -13.69,
            "at_2024_last_all": -13.69
        },
        "latest_eps": 0.04,
        "latest_price": 44,
        "latest_roe": 0.27,
        "latest_gross_margin": 41.13,
        "latest_equity": 1091718,
        "latest_revenue": 88559,
        "latest_gross_profit": 36424,
        "latest_net_income": -3252,
        "latest_debt_ratio": 8.95,
        "latest_current_ratio": 929.06,
        "latest_account_receivable_turnover_ratio": 2.13,
        "latest_inventory_turnover_ratio": 0.62,
        "latest_reinvestment_rate": -7.24,
        "latest_research_to_sale_ratio": 27.5
    },
    "eps_dividends": {
        "2001": {
            "cash": 0,
            "stock": 0,
            "eps": 1.43
        },
        "2002": {
            "cash": 0,
            "stock": 0,
            "eps": 5.45
        },
        "2003": {
            "cash": 0.4,
            "stock": 3.6,
            "eps": 7.25
        },
        "2004": {
            "cash": 0.48,
            "stock": 4.25,
            "eps": 8.53
        },
        "2005": {
            "cash": 0.93,
            "stock": 4.66,
            "eps": 1.86
        },
        "2006": {
            "cash": 0.77,
            "stock": 0.26,
            "eps": -0.24
        },
        "2007": {
            "cash": 0,
            "stock": 0,
            "eps": 0.9
        },
        "2008": {
            "cash": 0.63,
            "stock": 0.07,
            "eps": 0.01
        },
        "2009": {
            "cash": 0,
            "stock": 0,
            "eps": -0.45
        },
        "2010": {
            "cash": 0,
            "stock": 0,
            "eps": 0
        },
        "2011": {
            "cash": 0,
            "stock": 0,
            "eps": -0.58
        },
        "2012": {
            "cash": 0,
            "stock": 0,
            "eps": -1.16
        },
        "2013": {
            "cash": 0,
            "stock": 0,
            "eps": -1.1
        },
        "2014": {
            "cash": 0,
            "stock": 0,
            "eps": -1.13
        },
        "2015": {
            "cash": 0,
            "stock": 0,
            "eps": -0.88
        },
        "2016": {
            "cash": 0,
            "stock": 0,
            "eps": -0.72
        },
        "2017": {
            "cash": 0,
            "stock": 0,
            "eps": -0.72
        },
        "2018": {
            "cash": 0,
            "stock": 0,
            "eps": -0.35
        },
        "2019": {
            "cash": 0,
            "stock": 0,
            "eps": 0.04
        },
        "2020": {
            "cash": 0,
            "stock": 0,
            "eps": 0.11
        },
        "2021": {
            "cash": 0,
            "stock": 0,
            "eps": 0.75
        },
        "2022": {
            "cash": 0,
            "stock": 0,
            "eps": 0.51
        },
        "2023": {
            "cash": 0.48,
            "stock": 0,
            "eps": 0.04
        }
    },
    "dividends": {
        "2003-06-18": {
            "cash": 0.4,
            "stock": 3.6
        },
        "2004-04-03": {
            "cash": 0.48,
            "stock": 4.25
        },
        "2005-03-14": {
            "cash": 0.93,
            "stock": 4.66
        },
        "2006-04-27": {
            "cash": 0.77,
            "stock": 0.26
        },
        "2008-03-25": {
            "cash": 0.63,
            "stock": 0.07
        },
        "2023-07-26": {
            "cash": 0.48,
            "stock": 0
        }
    },
    "prices": {
        "200101": "無",
        "200102": "無",
        "200103": "無",
        "200104": "無",
        "200105": "無",
        "200106": "無",
        "200107": "無",
        "200108": "無",
        "200109": "無",
        "200110": "無",
        "200111": "無",
        "200112": "無",
        "200201": "無",
        "200202": "無",
        "200203": "無",
        "200204": "無",
        "200205": "無",
        "200206": "無",
        "200207": "無",
        "200208": "無",
        "200209": "無",
        "200210": "無",
        "200211": "無",
        "200212": "無",
        "200301": "無",
        "200302": "81.33",
        "200303": "76.60",
        "200304": "78.43",
        "200305": "78.36",
        "200306": "90.48",
        "200307": "93.93",
        "200308": "96.05",
        "200309": "95.90",
        "200310": "78.45",
        "200311": "81.90",
        "200312": "103.63",
        "200401": "135.20",
        "200402": "150.08",
        "200403": "154.93",
        "200404": "162.36",
        "200405": "156.38",
        "200406": "147.48",
        "200407": "100.20",
        "200408": "71.25",
        "200409": "71.93",
        "200410": "61.52",
        "200411": "58.98",
        "200412": "62.11",
        "200501": "58.93",
        "200502": "66.50",
        "200503": "79.27",
        "200504": "73.99",
        "200505": "69.34",
        "200506": "72.84",
        "200507": "70.02",
        "200508": "40.44",
        "200509": "31.12",
        "200510": "29.82",
        "200511": "28.99",
        "200512": "32.10",
        "200601": "32.01",
        "200602": "26.23",
        "200603": "24.10",
        "200604": "26.53",
        "200605": "23.93",
        "200606": "19.74",
        "200607": "17.31",
        "200608": "16.82",
        "200609": "14.76",
        "200610": "16.02",
        "200611": "23.09",
        "200612": "38.00",
        "200701": "45.34",
        "200702": "40.17",
        "200703": "41.52",
        "200704": "34.76",
        "200705": "34.66",
        "200706": "41.26",
        "200707": "60.52",
        "200708": "68.20",
        "200709": "65.11",
        "200710": "62.14",
        "200711": "43.47",
        "200712": "30.00",
        "200801": "31.42",
        "200802": "27.69",
        "200803": "31.39",
        "200804": "40.60",
        "200805": "40.33",
        "200806": "32.19",
        "200807": "30.12",
        "200808": "27.58",
        "200809": "19.02",
        "200810": "14.00",
        "200811": "12.47",
        "200812": "12.90",
        "200901": "13.66",
        "200902": "14.03",
        "200903": "17.61",
        "200904": "18.93",
        "200905": "20.16",
        "200906": "19.94",
        "200907": "23.33",
        "200908": "33.62",
        "200909": "36.05",
        "200910": "34.22",
        "200911": "31.93",
        "200912": "45.16",
        "201001": "42.67",
        "201002": "37.24",
        "201003": "40.26",
        "201004": "40.95",
        "201005": "34.06",
        "201006": "39.93",
        "201007": "43.50",
        "201008": "42.86",
        "201009": "47.60",
        "201010": "44.53",
        "201011": "41.83",
        "201012": "42.07",
        "201101": "40.84",
        "201102": "34.59",
        "201103": "32.08",
        "201104": "32.33",
        "201105": "32.80",
        "201106": "32.73",
        "201107": "26.90",
        "201108": "19.42",
        "201109": "19.21",
        "201110": "18.58",
        "201111": "16.33",
        "201112": "13.70",
        "201201": "14.71",
        "201202": "18.83",
        "201203": "17.91",
        "201204": "14.91",
        "201205": "14.08",
        "201206": "13.88",
        "201207": "13.61",
        "201208": "13.62",
        "201209": "14.01",
        "201210": "12.66",
        "201211": "11.98",
        "201212": "12.97",
        "201301": "14.02",
        "201302": "13.85",
        "201303": "14.45",
        "201304": "14.20",
        "201305": "14.40",
        "201306": "13.84",
        "201307": "12.56",
        "201308": "12.01",
        "201309": "12.26",
        "201310": "13.73",
        "201311": "14.33",
        "201312": "15.66",
        "201401": "18.45",
        "201402": "21.12",
        "201403": "20.95",
        "201404": "20.97",
        "201405": "20.77",
        "201406": "21.96",
        "201407": "22.94",
        "201408": "18.74",
        "201409": "18.41",
        "201410": "15.02",
        "201411": "13.90",
        "201412": "15.85",
        "201501": "17.13",
        "201502": "16.52",
        "201503": "17.18",
        "201504": "17.66",
        "201505": "16.63",
        "201506": "13.62",
        "201507": "13.88",
        "201508": "11.48",
        "201509": "11.40",
        "201510": "13.04",
        "201511": "12.89",
        "201512": "13.65",
        "201601": "12.36",
        "201602": "12.45",
        "201603": "12.97",
        "201604": "12.25",
        "201605": "11.10",
        "201606": "10.99",
        "201607": "11.39",
        "201608": "11.12",
        "201609": "10.71",
        "201610": "10.07",
        "201611": "8.78",
        "201612": "9.26",
        "201701": "9.47",
        "201702": "9.95",
        "201703": "9.84",
        "201704": "11.21",
        "201705": "11.06",
        "201706": "11.58",
        "201707": "11.33",
        "201708": "10.67",
        "201709": "10.91",
        "201710": "11.07",
        "201711": "11.12",
        "201712": "10.38",
        "201801": "10.49",
        "201802": "9.71",
        "201803": "9.84",
        "201804": "9.52",
        "201805": "9.27",
        "201806": "10.38",
        "201807": "9.58",
        "201808": "9.25",
        "201809": "9.00",
        "201810": "7.82",
        "201811": "7.02",
        "201812": "7.14",
        "201901": "7.58",
        "201902": "8.09",
        "201903": "8.07",
        "201904": "8.19",
        "201905": "7.48",
        "201906": "7.19",
        "201907": "7.72",
        "201908": "8.55",
        "201909": "12.35",
        "201910": "14.76",
        "201911": "15.45",
        "201912": "14.61",
        "202001": "13.22",
        "202002": "11.87",
        "202003": "8.65",
        "202004": "9.86",
        "202005": "10.96",
        "202006": "11.25",
        "202007": "15.01",
        "202008": "15.82",
        "202009": "20.97",
        "202010": "24.64",
        "202011": "27.50",
        "202012": "31.71",
        "202101": "36.50",
        "202102": "37.88",
        "202103": "38.10",
        "202104": "46.08",
        "202105": "34.95",
        "202106": "36.30",
        "202107": "45.07",
        "202108": "42.46",
        "202109": "40.84",
        "202110": "35.69",
        "202111": "37.79",
        "202112": "35.26",
        "202201": "32.56",
        "202202": "30.67",
        "202203": "28.97",
        "202204": "25.21",
        "202205": "23.27",
        "202206": "26.19",
        "202207": "22.86",
        "202208": "24.82",
        "202209": "23.20",
        "202210": "18.98",
        "202211": "20.77",
        "202212": "21.85",
        "202301": "22.01",
        "202302": "22.77",
        "202303": "25.48",
        "202304": "27.09",
        "202305": "27.08",
        "202306": "27.91",
        "202307": "26.06",
        "202308": "23.75",
        "202309": "24.20",
        "202310": "25.62",
        "202311": "28.32",
        "202312": "37.73"
    },
    "quarters": {
        "20011": {
            "year_quarter": 20011,
            "year": 2001,
            "quarter": 1,
            "eps": null,
            "eps_growth_year": null,
            "eps_4q": null,
            "eps_4q_growth_year": null,
            "roe": null,
            "roe_4q": 0,
            "gross_profit": null,
            "gross_margin": null,
            "gross_margin_4q_avg": 0,
            "net_income": null,
            "net_income_4q": null,
            "revenue": null,
            "revenue_4q": null,
            "common_shares": null,
            "book_valuer_per_share": null,
            "book_valuer_per_share_4q_avg": 0,
            "equity": null,
            "current_ratio": null,
            "debt_ratio": null,
            "inventory_turnover_ratio": null,
            "account_receivable_turnover_ratio": null,
            "reinvestment_rate": null,
            "research_to_sale_ratio": null,
            "price_fair": 0,
            "eps_avg_yearly": 0,
            "eps_latest_yearly": 0,
            "eps_growth_yearly": 0
        },
        "20012": {
            "year_quarter": 20012,
            "year": 2001,
            "quarter": 2,
            "eps": null,
            "eps_growth_year": null,
            "eps_4q": null,
            "eps_4q_growth_year": null,
            "roe": null,
            "roe_4q": 0,
            "gross_profit": null,
            "gross_margin": null,
            "gross_margin_4q_avg": 0,
            "net_income": null,
            "net_income_4q": null,
            "revenue": null,
            "revenue_4q": null,
            "common_shares": null,
            "book_valuer_per_share": null,
            "book_valuer_per_share_4q_avg": 0,
            "equity": null,
            "current_ratio": null,
            "debt_ratio": null,
            "inventory_turnover_ratio": null,
            "account_receivable_turnover_ratio": null,
            "reinvestment_rate": null,
            "research_to_sale_ratio": null,
            "price_fair": 0,
            "eps_avg_yearly": 0,
            "eps_latest_yearly": 0,
            "eps_growth_yearly": 0
        },
        "20013": {
            "year_quarter": 20013,
            "year": 2001,
            "quarter": 3,
            "eps": 0.19,
            "eps_growth_year": null,
            "eps_4q": null,
            "eps_4q_growth_year": null,
            "roe": 1.15,
            "roe_4q": 1.15,
            "gross_profit": 40013,
            "gross_margin": 49.27,
            "gross_margin_4q_avg": 16.42,
            "net_income": 2529,
            "net_income_4q": null,
            "revenue": 81205,
            "revenue_4q": null,
            "common_shares": 165000,
            "book_valuer_per_share": 13.33,
            "book_valuer_per_share_4q_avg": 4.44,
            "equity": 219920,
            "current_ratio": 321.34,
            "debt_ratio": 24.68,
            "inventory_turnover_ratio": 0.89,
            "account_receivable_turnover_ratio": null,
            "reinvestment_rate": null,
            "research_to_sale_ratio": null,
            "price_fair": 0,
            "eps_avg_yearly": 0,
            "eps_latest_yearly": 0,
            "eps_growth_yearly": 0
        },
        "20014": {
            "year_quarter": 20014,
            "year": 2001,
            "quarter": 4,
            "eps": 1.24,
            "eps_growth_year": null,
            "eps_4q": null,
            "eps_4q_growth_year": null,
            "roe": 7.4,
            "roe_4q": 8.55,
            "gross_profit": 54790,
            "gross_margin": 52.23,
            "gross_margin_4q_avg": 25.38,
            "net_income": 16898,
            "net_income_4q": null,
            "revenue": 104906,
            "revenue_4q": null,
            "common_shares": 165000,
            "book_valuer_per_share": 14.35,
            "book_valuer_per_share_4q_avg": 6.92,
            "equity": 236818,
            "current_ratio": 261.78,
            "debt_ratio": 27.4,
            "inventory_turnover_ratio": 1.15,
            "account_receivable_turnover_ratio": null,
            "reinvestment_rate": null,
            "research_to_sale_ratio": null,
            "price_fair": 0,
            "eps_avg_yearly": 0,
            "eps_latest_yearly": 0,
            "eps_growth_yearly": 0
        },
        "20021": {
            "year_quarter": 20021,
            "year": 2002,
            "quarter": 1,
            "eps": 0.82,
            "eps_growth_year": null,
            "eps_4q": null,
            "eps_4q_growth_year": null,
            "roe": 5.56,
            "roe_4q": 14.110000000000001,
            "gross_profit": 55966,
            "gross_margin": 56.59,
            "gross_margin_4q_avg": 39.52,
            "net_income": 13533,
            "net_income_4q": null,
            "revenue": 98897,
            "revenue_4q": null,
            "common_shares": 165000,
            "book_valuer_per_share": 15.17,
            "book_valuer_per_share_4q_avg": 10.71,
            "equity": 250351,
            "current_ratio": 283.72,
            "debt_ratio": 23.26,
            "inventory_turnover_ratio": 1.13,
            "account_receivable_turnover_ratio": null,
            "reinvestment_rate": null,
            "research_to_sale_ratio": null,
            "price_fair": 9.84,
            "eps_avg_yearly": 3.28,
            "eps_latest_yearly": 3.28,
            "eps_growth_yearly": -135.48
        },
        "20022": {
            "year_quarter": 20022,
            "year": 2002,
            "quarter": 2,
            "eps": 1.07,
            "eps_growth_year": null,
            "eps_4q": 3.04,
            "eps_4q_growth_year": null,
            "roe": 6.36,
            "roe_4q": 20.47,
            "gross_profit": 64428,
            "gross_margin": 60.99,
            "gross_margin_4q_avg": 54.77,
            "net_income": 17890,
            "net_income_4q": null,
            "revenue": 105641,
            "revenue_4q": null,
            "common_shares": 180000,
            "book_valuer_per_share": 17.35,
            "book_valuer_per_share_4q_avg": 15.05,
            "equity": 312386,
            "current_ratio": 272.73,
            "debt_ratio": 24.98,
            "inventory_turnover_ratio": 1.01,
            "account_receivable_turnover_ratio": null,
            "reinvestment_rate": null,
            "research_to_sale_ratio": null,
            "price_fair": 11.34,
            "eps_avg_yearly": 3.78,
            "eps_latest_yearly": 4.28,
            "eps_growth_yearly": -6.77
        },
        "20023": {
            "year_quarter": 20023,
            "year": 2002,
            "quarter": 3,
            "eps": 1.6,
            "eps_growth_year": 742.11,
            "eps_4q": 4.42,
            "eps_4q_growth_year": null,
            "roe": 8.41,
            "roe_4q": 27.729999999999997,
            "gross_profit": 85889,
            "gross_margin": 62.54,
            "gross_margin_4q_avg": 58.09,
            "net_income": 27419,
            "net_income_4q": null,
            "revenue": 137341,
            "revenue_4q": null,
            "common_shares": 180000,
            "book_valuer_per_share": 18.88,
            "book_valuer_per_share_4q_avg": 16.44,
            "equity": 339805,
            "current_ratio": 273.21,
            "debt_ratio": 25.56,
            "inventory_turnover_ratio": 0.97,
            "account_receivable_turnover_ratio": null,
            "reinvestment_rate": null,
            "research_to_sale_ratio": null,
            "price_fair": 162.87,
            "eps_avg_yearly": 4.65,
            "eps_latest_yearly": 6.4,
            "eps_growth_yearly": 61.53
        },
        "20024": {
            "year_quarter": 20024,
            "year": 2002,
            "quarter": 4,
            "eps": 1.96,
            "eps_growth_year": 58.06,
            "eps_4q": 4.72,
            "eps_4q_growth_year": null,
            "roe": 11.59,
            "roe_4q": 31.919999999999998,
            "gross_profit": 110154,
            "gross_margin": 63.65,
            "gross_margin_4q_avg": 60.94,
            "net_income": 41822,
            "net_income_4q": null,
            "revenue": 173056,
            "revenue_4q": null,
            "common_shares": 220000,
            "book_valuer_per_share": 17.35,
            "book_valuer_per_share_4q_avg": 17.19,
            "equity": 381627,
            "current_ratio": 272.87,
            "debt_ratio": 26.81,
            "inventory_turnover_ratio": 1.23,
            "account_receivable_turnover_ratio": null,
            "reinvestment_rate": null,
            "research_to_sale_ratio": null,
            "price_fair": 190.75,
            "eps_avg_yearly": 5.45,
            "eps_latest_yearly": 7.84,
            "eps_growth_yearly": 68.65
        },
        "20031": {
            "year_quarter": 20031,
            "year": 2003,
            "quarter": 1,
            "eps": 1.33,
            "eps_growth_year": 62.2,
            "eps_4q": 5.29,
            "eps_4q_growth_year": null,
            "roe": 7.39,
            "roe_4q": 33.75,
            "gross_profit": 97879,
            "gross_margin": 57.58,
            "gross_margin_4q_avg": 61.19,
            "net_income": 29296,
            "net_income_4q": null,
            "revenue": 169973,
            "revenue_4q": null,
            "common_shares": 220000,
            "book_valuer_per_share": 18.68,
            "book_valuer_per_share_4q_avg": 18.07,
            "equity": 410923,
            "current_ratio": 259.17,
            "debt_ratio": 28.56,
            "inventory_turnover_ratio": 1.61,
            "account_receivable_turnover_ratio": null,
            "reinvestment_rate": null,
            "research_to_sale_ratio": null,
            "price_fair": 189.84,
            "eps_avg_yearly": 5.42,
            "eps_latest_yearly": 5.32,
            "eps_growth_yearly": 29.21
        },
        "20032": {
            "year_quarter": 20032,
            "year": 2003,
            "quarter": 2,
            "eps": 1.68,
            "eps_growth_year": 57.01,
            "eps_4q": 6.16,
            "eps_4q_growth_year": 102.65,
            "roe": 8.72,
            "roe_4q": 36.11,
            "gross_profit": 125825,
            "gross_margin": 57.59,
            "gross_margin_4q_avg": 60.34,
            "net_income": 36924,
            "net_income_4q": null,
            "revenue": 218472,
            "revenue_4q": null,
            "common_shares": 220000,
            "book_valuer_per_share": 19.83,
            "book_valuer_per_share_4q_avg": 18.69,
            "equity": 436271,
            "current_ratio": 185.25,
            "debt_ratio": 37.27,
            "inventory_turnover_ratio": 1.96,
            "account_receivable_turnover_ratio": null,
            "reinvestment_rate": null,
            "research_to_sale_ratio": null,
            "price_fair": 197.4,
            "eps_avg_yearly": 5.64,
            "eps_latest_yearly": 6.72,
            "eps_growth_yearly": 41.88
        },
        "20033": {
            "year_quarter": 20033,
            "year": 2003,
            "quarter": 3,
            "eps": 1.77,
            "eps_growth_year": 10.62,
            "eps_4q": 5.28,
            "eps_4q_growth_year": 19.46,
            "roe": 11.76,
            "roe_4q": 39.46,
            "gross_profit": 138595,
            "gross_margin": 56.59,
            "gross_margin_4q_avg": 58.85,
            "net_income": 54487,
            "net_income_4q": null,
            "revenue": 244906,
            "revenue_4q": null,
            "common_shares": 308200,
            "book_valuer_per_share": 15.92,
            "book_valuer_per_share_4q_avg": 17.95,
            "equity": 490758,
            "current_ratio": 324.6,
            "debt_ratio": 60.84,
            "inventory_turnover_ratio": 1.98,
            "account_receivable_turnover_ratio": null,
            "reinvestment_rate": null,
            "research_to_sale_ratio": null,
            "price_fair": 204.6,
            "eps_avg_yearly": 5.85,
            "eps_latest_yearly": 7.08,
            "eps_growth_yearly": 38.96
        },
        "20034": {
            "year_quarter": 20034,
            "year": 2003,
            "quarter": 4,
            "eps": 2.47,
            "eps_growth_year": 26.02,
            "eps_4q": 6.38,
            "eps_4q_growth_year": 35.33,
            "roe": 14.4,
            "roe_4q": 42.27,
            "gross_profit": 172227,
            "gross_margin": 53.85,
            "gross_margin_4q_avg": 56.4,
            "net_income": 76171,
            "net_income_4q": null,
            "revenue": 319827,
            "revenue_4q": null,
            "common_shares": 308200,
            "book_valuer_per_share": 18.39,
            "book_valuer_per_share_4q_avg": 18.21,
            "equity": 566929,
            "current_ratio": 319.35,
            "debt_ratio": 58.89,
            "inventory_turnover_ratio": 2.38,
            "account_receivable_turnover_ratio": null,
            "reinvestment_rate": null,
            "research_to_sale_ratio": null,
            "price_fair": 222.25,
            "eps_avg_yearly": 6.35,
            "eps_latest_yearly": 9.88,
            "eps_growth_yearly": 53.86
        },
        "20041": {
            "year_quarter": 20041,
            "year": 2004,
            "quarter": 1,
            "eps": 3.42,
            "eps_growth_year": 157.14,
            "eps_4q": 8.86,
            "eps_4q_growth_year": 67.64,
            "roe": 15.68,
            "roe_4q": 50.559999999999995,
            "gross_profit": 213761,
            "gross_margin": 60.06,
            "gross_margin_4q_avg": 57.02,
            "net_income": 105343,
            "net_income_4q": null,
            "revenue": 355913,
            "revenue_4q": null,
            "common_shares": 324104,
            "book_valuer_per_share": 23.96,
            "book_valuer_per_share_4q_avg": 19.53,
            "equity": 776493,
            "current_ratio": 360.3,
            "debt_ratio": 46.19,
            "inventory_turnover_ratio": 2.13,
            "account_receivable_turnover_ratio": null,
            "reinvestment_rate": null,
            "research_to_sale_ratio": null,
            "price_fair": 250.76,
            "eps_avg_yearly": 7.16,
            "eps_latest_yearly": 13.68,
            "eps_growth_yearly": 64.97
        },
        "20042": {
            "year_quarter": 20042,
            "year": 2004,
            "quarter": 2,
            "eps": 2.86,
            "eps_growth_year": 70.24,
            "eps_4q": 7.89,
            "eps_4q_growth_year": 28,
            "roe": 15.99,
            "roe_4q": 57.83,
            "gross_profit": 227016,
            "gross_margin": 62.06,
            "gross_margin_4q_avg": 58.14,
            "net_income": 134211,
            "net_income_4q": null,
            "revenue": 365800,
            "revenue_4q": null,
            "common_shares": 325927,
            "book_valuer_per_share": 27.68,
            "book_valuer_per_share_4q_avg": 21.49,
            "equity": 902094,
            "current_ratio": 385.08,
            "debt_ratio": 42.89,
            "inventory_turnover_ratio": 1.76,
            "account_receivable_turnover_ratio": null,
            "reinvestment_rate": null,
            "research_to_sale_ratio": null,
            "price_fair": 265.72,
            "eps_avg_yearly": 7.59,
            "eps_latest_yearly": 11.44,
            "eps_growth_yearly": 51.93
        },
        "20043": {
            "year_quarter": 20043,
            "year": 2004,
            "quarter": 3,
            "eps": 0.89,
            "eps_growth_year": -49.72,
            "eps_4q": 7.51,
            "eps_4q_growth_year": 42.33,
            "roe": 4.66,
            "roe_4q": 50.73,
            "gross_profit": 129835,
            "gross_margin": 51.76,
            "gross_margin_4q_avg": 56.93,
            "net_income": 42418,
            "net_income_4q": null,
            "revenue": 250844,
            "revenue_4q": null,
            "common_shares": 487067,
            "book_valuer_per_share": 18.86,
            "book_valuer_per_share_4q_avg": 22.22,
            "equity": 918518,
            "current_ratio": 192.91,
            "debt_ratio": 41.53,
            "inventory_turnover_ratio": 1.3,
            "account_receivable_turnover_ratio": null,
            "reinvestment_rate": null,
            "research_to_sale_ratio": null,
            "price_fair": 232.35,
            "eps_avg_yearly": 7.23,
            "eps_latest_yearly": 3.56,
            "eps_growth_yearly": 22.16
        },
        "20044": {
            "year_quarter": 20044,
            "year": 2004,
            "quarter": 4,
            "eps": 1.36,
            "eps_growth_year": -44.94,
            "eps_4q": 7.31,
            "eps_4q_growth_year": 14.44,
            "roe": 7.02,
            "roe_4q": 43.35,
            "gross_profit": 175891,
            "gross_margin": 51.63,
            "gross_margin_4q_avg": 56.38,
            "net_income": 64497,
            "net_income_4q": null,
            "revenue": 340673,
            "revenue_4q": null,
            "common_shares": 487181,
            "book_valuer_per_share": 18.85,
            "book_valuer_per_share_4q_avg": 22.34,
            "equity": 918180,
            "current_ratio": 193.31,
            "debt_ratio": 42.72,
            "inventory_turnover_ratio": 1.71,
            "account_receivable_turnover_ratio": null,
            "reinvestment_rate": null,
            "research_to_sale_ratio": null,
            "price_fair": 247.68,
            "eps_avg_yearly": 7.08,
            "eps_latest_yearly": 5.44,
            "eps_growth_yearly": 37.91
        },
        "20051": {
            "year_quarter": 20051,
            "year": 2005,
            "quarter": 1,
            "eps": 1.31,
            "eps_growth_year": -61.7,
            "eps_4q": 6.2,
            "eps_4q_growth_year": -30.03,
            "roe": 6.7,
            "roe_4q": 34.37,
            "gross_profit": 166706,
            "gross_margin": 53.4,
            "gross_margin_4q_avg": 54.71,
            "net_income": 64595,
            "net_income_4q": null,
            "revenue": 312191,
            "revenue_4q": null,
            "common_shares": 493792,
            "book_valuer_per_share": 20.44,
            "book_valuer_per_share_4q_avg": 21.46,
            "equity": 1009417,
            "current_ratio": 215.24,
            "debt_ratio": 38.66,
            "inventory_turnover_ratio": 1.72,
            "account_receivable_turnover_ratio": null,
            "reinvestment_rate": null,
            "research_to_sale_ratio": null,
            "price_fair": 242.74,
            "eps_avg_yearly": 6.94,
            "eps_latest_yearly": 5.24,
            "eps_growth_yearly": 33.87
        },
        "20052": {
            "year_quarter": 20052,
            "year": 2005,
            "quarter": 2,
            "eps": 0.46,
            "eps_growth_year": -83.92,
            "eps_4q": 2.84,
            "eps_4q_growth_year": -64.03,
            "roe": 3.07,
            "roe_4q": 21.45,
            "gross_profit": 141713,
            "gross_margin": 50.65,
            "gross_margin_4q_avg": 51.86,
            "net_income": 33177,
            "net_income_4q": null,
            "revenue": 279763,
            "revenue_4q": null,
            "common_shares": 506275,
            "book_valuer_per_share": 22.71,
            "book_valuer_per_share_4q_avg": 20.22,
            "equity": 1149540,
            "current_ratio": 216.07,
            "debt_ratio": 37.34,
            "inventory_turnover_ratio": 1.74,
            "account_receivable_turnover_ratio": null,
            "reinvestment_rate": 20.2,
            "research_to_sale_ratio": null,
            "price_fair": 150.54,
            "eps_avg_yearly": 6.57,
            "eps_latest_yearly": 1.84,
            "eps_growth_yearly": 12.91
        },
        "20053": {
            "year_quarter": 20053,
            "year": 2005,
            "quarter": 3,
            "eps": 0.1,
            "eps_growth_year": -88.76,
            "eps_4q": 2.35,
            "eps_4q_growth_year": -68.74,
            "roe": 0.61,
            "roe_4q": 17.4,
            "gross_profit": 115437,
            "gross_margin": 45.51,
            "gross_margin_4q_avg": 50.3,
            "net_income": 7216,
            "net_income_4q": null,
            "revenue": 253655,
            "revenue_4q": null,
            "common_shares": 780709,
            "book_valuer_per_share": 15.65,
            "book_valuer_per_share_4q_avg": 19.41,
            "equity": 1222083,
            "current_ratio": 243.3,
            "debt_ratio": 31.68,
            "inventory_turnover_ratio": 1.6,
            "account_receivable_turnover_ratio": null,
            "reinvestment_rate": 17.01,
            "research_to_sale_ratio": null,
            "price_fair": 18.48,
            "eps_avg_yearly": 6.16,
            "eps_latest_yearly": 0.4,
            "eps_growth_yearly": -8.82
        },
        "20054": {
            "year_quarter": 20054,
            "year": 2005,
            "quarter": 4,
            "eps": -0.01,
            "eps_growth_year": -100.74,
            "eps_4q": 1.4,
            "eps_4q_growth_year": -80.83,
            "roe": -0.07,
            "roe_4q": 10.31,
            "gross_profit": 145678,
            "gross_margin": 48.19,
            "gross_margin_4q_avg": 49.44,
            "net_income": -872,
            "net_income_4q": null,
            "revenue": 302273,
            "revenue_4q": null,
            "common_shares": 789703,
            "book_valuer_per_share": 15.13,
            "book_valuer_per_share_4q_avg": 18.48,
            "equity": 1194902,
            "current_ratio": 241.82,
            "debt_ratio": 32.57,
            "inventory_turnover_ratio": 1.88,
            "account_receivable_turnover_ratio": null,
            "reinvestment_rate": 17.2,
            "research_to_sale_ratio": null,
            "price_fair": 18.48,
            "eps_avg_yearly": 6.16,
            "eps_latest_yearly": 0.4,
            "eps_growth_yearly": -8.82
        },
        "20061": {
            "year_quarter": 20061,
            "year": 2006,
            "quarter": 1,
            "eps": 0.02,
            "eps_growth_year": -98.47,
            "eps_4q": 0.55,
            "eps_4q_growth_year": -91.06,
            "roe": 0.12,
            "roe_4q": 3.7299999999999995,
            "gross_profit": 99243,
            "gross_margin": 42.64,
            "gross_margin_4q_avg": 46.75,
            "net_income": 1480,
            "net_income_4q": null,
            "revenue": 232735,
            "revenue_4q": null,
            "common_shares": 790004,
            "book_valuer_per_share": 14.87,
            "book_valuer_per_share_4q_avg": 17.09,
            "equity": 1174398,
            "current_ratio": 209.11,
            "debt_ratio": 32.32,
            "inventory_turnover_ratio": 1.73,
            "account_receivable_turnover_ratio": null,
            "reinvestment_rate": 42.09,
            "research_to_sale_ratio": null,
            "price_fair": 63.66,
            "eps_avg_yearly": 6.37,
            "eps_latest_yearly": 0.4,
            "eps_growth_yearly": 0.23
        },
        "20062": {
            "year_quarter": 20062,
            "year": 2006,
            "quarter": 2,
            "eps": 0.02,
            "eps_growth_year": -95.65,
            "eps_4q": 0.1,
            "eps_4q_growth_year": -96.31,
            "roe": 0.16,
            "roe_4q": 0.8200000000000001,
            "gross_profit": 104473,
            "gross_margin": 41.83,
            "gross_margin_4q_avg": 44.54,
            "net_income": 1845,
            "net_income_4q": null,
            "revenue": 249750,
            "revenue_4q": null,
            "common_shares": 790003,
            "book_valuer_per_share": 14.11,
            "book_valuer_per_share_4q_avg": 14.94,
            "equity": 1114962,
            "current_ratio": 205.35,
            "debt_ratio": 32.91,
            "inventory_turnover_ratio": 1.98,
            "account_receivable_turnover_ratio": null,
            "reinvestment_rate": 34.74,
            "research_to_sale_ratio": null,
            "price_fair": 18.2,
            "eps_avg_yearly": 6.07,
            "eps_latest_yearly": 0.08,
            "eps_growth_yearly": -8.48
        },
        "20063": {
            "year_quarter": 20063,
            "year": 2006,
            "quarter": 3,
            "eps": -0.44,
            "eps_growth_year": -540,
            "eps_4q": -0.4,
            "eps_4q_growth_year": -116.92,
            "roe": -3.18,
            "roe_4q": -2.9699999999999998,
            "gross_profit": 77069,
            "gross_margin": 37.45,
            "gross_margin_4q_avg": 42.53,
            "net_income": -34865,
            "net_income_4q": null,
            "revenue": 205798,
            "revenue_4q": null,
            "common_shares": 815762,
            "book_valuer_per_share": 13.24,
            "book_valuer_per_share_4q_avg": 14.34,
            "equity": 1079857,
            "current_ratio": 315.44,
            "debt_ratio": 27.16,
            "inventory_turnover_ratio": 1.73,
            "account_receivable_turnover_ratio": null,
            "reinvestment_rate": 36.81,
            "research_to_sale_ratio": null,
            "price_fair": 18.12,
            "eps_avg_yearly": 6.04,
            "eps_latest_yearly": 0.08,
            "eps_growth_yearly": -24.38
        },
        "20064": {
            "year_quarter": 20064,
            "year": 2006,
            "quarter": 4,
            "eps": 0.16,
            "eps_growth_year": null,
            "eps_4q": -0.23,
            "eps_4q_growth_year": -116.65,
            "roe": 1.14,
            "roe_4q": -1.7600000000000002,
            "gross_profit": 108089,
            "gross_margin": 39.07,
            "gross_margin_4q_avg": 40.25,
            "net_income": 12831,
            "net_income_4q": null,
            "revenue": 276629,
            "revenue_4q": null,
            "common_shares": 860943,
            "book_valuer_per_share": 13.68,
            "book_valuer_per_share_4q_avg": 13.98,
            "equity": 1177659,
            "current_ratio": 378.45,
            "debt_ratio": 20.17,
            "inventory_turnover_ratio": 2.01,
            "account_receivable_turnover_ratio": null,
            "reinvestment_rate": 36.89,
            "research_to_sale_ratio": null,
            "price_fair": 17.67,
            "eps_avg_yearly": 5.89,
            "eps_latest_yearly": 0.08,
            "eps_growth_yearly": -33.91
        },
        "20071": {
            "year_quarter": 20071,
            "year": 2007,
            "quarter": 1,
            "eps": 0.38,
            "eps_growth_year": 1800,
            "eps_4q": 0.14,
            "eps_4q_growth_year": -75.22,
            "roe": 2.56,
            "roe_4q": 0.68,
            "gross_profit": 105309,
            "gross_margin": 40.24,
            "gross_margin_4q_avg": 39.65,
            "net_income": 31608,
            "net_income_4q": null,
            "revenue": 261728,
            "revenue_4q": null,
            "common_shares": 868732,
            "book_valuer_per_share": 14.84,
            "book_valuer_per_share_4q_avg": 13.97,
            "equity": 1289269,
            "current_ratio": 535.4,
            "debt_ratio": 14.35,
            "inventory_turnover_ratio": 2.02,
            "account_receivable_turnover_ratio": null,
            "reinvestment_rate": 35.53,
            "research_to_sale_ratio": null,
            "price_fair": 181.9,
            "eps_avg_yearly": 5.57,
            "eps_latest_yearly": 1.52,
            "eps_growth_yearly": 22.64
        },
        "20072": {
            "year_quarter": 20072,
            "year": 2007,
            "quarter": 2,
            "eps": 0.09,
            "eps_growth_year": 350,
            "eps_4q": 0.2,
            "eps_4q_growth_year": 94.65,
            "roe": 0.58,
            "roe_4q": 1.1,
            "gross_profit": 78455,
            "gross_margin": 43.93,
            "gross_margin_4q_avg": 40.17,
            "net_income": 7557,
            "net_income_4q": null,
            "revenue": 178583,
            "revenue_4q": null,
            "common_shares": 868732,
            "book_valuer_per_share": 15.18,
            "book_valuer_per_share_4q_avg": 14.24,
            "equity": 1318830,
            "current_ratio": 596.85,
            "debt_ratio": 12.93,
            "inventory_turnover_ratio": 1.4,
            "account_receivable_turnover_ratio": null,
            "reinvestment_rate": 32.13,
            "research_to_sale_ratio": null,
            "price_fair": 15.13,
            "eps_avg_yearly": 5.04,
            "eps_latest_yearly": 0.36,
            "eps_growth_yearly": -11.57
        },
        "20073": {
            "year_quarter": 20073,
            "year": 2007,
            "quarter": 3,
            "eps": 0.24,
            "eps_growth_year": null,
            "eps_4q": 0.86,
            "eps_4q_growth_year": null,
            "roe": 1.51,
            "roe_4q": 5.79,
            "gross_profit": 81295,
            "gross_margin": 43.88,
            "gross_margin_4q_avg": 41.78,
            "net_income": 20245,
            "net_income_4q": null,
            "revenue": 185254,
            "revenue_4q": null,
            "common_shares": 868732,
            "book_valuer_per_share": 15.59,
            "book_valuer_per_share_4q_avg": 14.82,
            "equity": 1354673,
            "current_ratio": 637.09,
            "debt_ratio": 12.19,
            "inventory_turnover_ratio": 1.36,
            "account_receivable_turnover_ratio": null,
            "reinvestment_rate": 32.51,
            "research_to_sale_ratio": null,
            "price_fair": 158.67,
            "eps_avg_yearly": 4.53,
            "eps_latest_yearly": 0.96,
            "eps_growth_yearly": 42.2
        },
        "20074": {
            "year_quarter": 20074,
            "year": 2007,
            "quarter": 4,
            "eps": 0.19,
            "eps_growth_year": 18.75,
            "eps_4q": 0.87,
            "eps_4q_growth_year": null,
            "roe": 1.22,
            "roe_4q": 5.87,
            "gross_profit": 71616,
            "gross_margin": 41.66,
            "gross_margin_4q_avg": 42.43,
            "net_income": 16648,
            "net_income_4q": null,
            "revenue": 171909,
            "revenue_4q": null,
            "common_shares": 870207,
            "book_valuer_per_share": 15.8,
            "book_valuer_per_share_4q_avg": 15.35,
            "equity": 1374996,
            "current_ratio": 646.61,
            "debt_ratio": 12.57,
            "inventory_turnover_ratio": 1.3,
            "account_receivable_turnover_ratio": null,
            "reinvestment_rate": 33.57,
            "research_to_sale_ratio": null,
            "price_fair": 121.01,
            "eps_avg_yearly": 3.77,
            "eps_latest_yearly": 0.76,
            "eps_growth_yearly": 22.07
        },
        "20081": {
            "year_quarter": 20081,
            "year": 2008,
            "quarter": 1,
            "eps": -0.28,
            "eps_growth_year": -173.68,
            "eps_4q": 0.24,
            "eps_4q_growth_year": 73.89,
            "roe": -1.76,
            "roe_4q": 1.5499999999999998,
            "gross_profit": 43168,
            "gross_margin": 39.41,
            "gross_margin_4q_avg": 42.22,
            "net_income": -23994,
            "net_income_4q": null,
            "revenue": 109522,
            "revenue_4q": null,
            "common_shares": 870845,
            "book_valuer_per_share": 15.52,
            "book_valuer_per_share_4q_avg": 15.52,
            "equity": 1351836,
            "current_ratio": 1102.57,
            "debt_ratio": 7.74,
            "inventory_turnover_ratio": 0.94,
            "account_receivable_turnover_ratio": null,
            "reinvestment_rate": 19.16,
            "research_to_sale_ratio": null,
            "price_fair": 57.71,
            "eps_avg_yearly": 2.87,
            "eps_latest_yearly": 0.76,
            "eps_growth_yearly": 10.09
        },
        "20082": {
            "year_quarter": 20082,
            "year": 2008,
            "quarter": 2,
            "eps": 0.02,
            "eps_growth_year": -77.78,
            "eps_4q": 0.17,
            "eps_4q_growth_year": -17.44,
            "roe": 0.13,
            "roe_4q": 1.1,
            "gross_profit": 71627,
            "gross_margin": 47.29,
            "gross_margin_4q_avg": 43.06,
            "net_income": 1738,
            "net_income_4q": null,
            "revenue": 151454,
            "revenue_4q": null,
            "common_shares": 875658,
            "book_valuer_per_share": 14.95,
            "book_valuer_per_share_4q_avg": 15.47,
            "equity": 1308739,
            "current_ratio": 592.99,
            "debt_ratio": 13.62,
            "inventory_turnover_ratio": 1.33,
            "account_receivable_turnover_ratio": null,
            "reinvestment_rate": 22.62,
            "research_to_sale_ratio": null,
            "price_fair": 55.74,
            "eps_avg_yearly": 2.02,
            "eps_latest_yearly": 0.76,
            "eps_growth_yearly": 17.65
        },
        "20083": {
            "year_quarter": 20083,
            "year": 2008,
            "quarter": 3,
            "eps": 0.13,
            "eps_growth_year": -45.83,
            "eps_4q": 0.07,
            "eps_4q_growth_year": -92.03,
            "roe": 0.9,
            "roe_4q": 0.49,
            "gross_profit": 73011,
            "gross_margin": 47.25,
            "gross_margin_4q_avg": 43.9,
            "net_income": 11811,
            "net_income_4q": null,
            "revenue": 154530,
            "revenue_4q": null,
            "common_shares": 886439,
            "book_valuer_per_share": 14.83,
            "book_valuer_per_share_4q_avg": 15.28,
            "equity": 1315055,
            "current_ratio": 716,
            "debt_ratio": 11.42,
            "inventory_turnover_ratio": 1.4,
            "account_receivable_turnover_ratio": null,
            "reinvestment_rate": 25.24,
            "research_to_sale_ratio": null,
            "price_fair": 59.92,
            "eps_avg_yearly": 1.71,
            "eps_latest_yearly": 0.52,
            "eps_growth_yearly": 265.2
        },
        "20084": {
            "year_quarter": 20084,
            "year": 2008,
            "quarter": 4,
            "eps": 0.14,
            "eps_growth_year": -26.32,
            "eps_4q": 0.03,
            "eps_4q_growth_year": -97.1,
            "roe": 0.97,
            "roe_4q": 0.24,
            "gross_profit": 67074,
            "gross_margin": 48.83,
            "gross_margin_4q_avg": 45.7,
            "net_income": 12739,
            "net_income_4q": null,
            "revenue": 137363,
            "revenue_4q": null,
            "common_shares": 886439,
            "book_valuer_per_share": 14.66,
            "book_valuer_per_share_4q_avg": 14.99,
            "equity": 1299358,
            "current_ratio": 784.95,
            "debt_ratio": 10.07,
            "inventory_turnover_ratio": 1.25,
            "account_receivable_turnover_ratio": 3.43,
            "reinvestment_rate": 31.49,
            "research_to_sale_ratio": null,
            "price_fair": 42.84,
            "eps_avg_yearly": 1.22,
            "eps_latest_yearly": 0.56,
            "eps_growth_yearly": 247.15
        },
        "20091": {
            "year_quarter": 20091,
            "year": 2009,
            "quarter": 1,
            "eps": -0.02,
            "eps_growth_year": null,
            "eps_4q": 0.29,
            "eps_4q_growth_year": 20.47,
            "roe": -0.11,
            "roe_4q": 1.8900000000000001,
            "gross_profit": 54465,
            "gross_margin": 46.3,
            "gross_margin_4q_avg": 47.42,
            "net_income": -1486,
            "net_income_4q": null,
            "revenue": 117640,
            "revenue_4q": null,
            "common_shares": 862459,
            "book_valuer_per_share": 15.05,
            "book_valuer_per_share_4q_avg": 14.87,
            "equity": 1298370,
            "current_ratio": 1073.74,
            "debt_ratio": 7.64,
            "inventory_turnover_ratio": 1.43,
            "account_receivable_turnover_ratio": 1.52,
            "reinvestment_rate": 31.31,
            "research_to_sale_ratio": null,
            "price_fair": 27.22,
            "eps_avg_yearly": 0.78,
            "eps_latest_yearly": 0.56,
            "eps_growth_yearly": 276.25
        },
        "20092": {
            "year_quarter": 20092,
            "year": 2009,
            "quarter": 2,
            "eps": 0.02,
            "eps_growth_year": 0,
            "eps_4q": 1.91,
            "eps_4q_growth_year": 1035.2,
            "roe": 0.02,
            "roe_4q": 1.78,
            "gross_profit": 59916,
            "gross_margin": 45.29,
            "gross_margin_4q_avg": 46.92,
            "net_income": 255,
            "net_income_4q": null,
            "revenue": 132280,
            "revenue_4q": null,
            "common_shares": 862459,
            "book_valuer_per_share": 14.39,
            "book_valuer_per_share_4q_avg": 14.73,
            "equity": 1252466,
            "current_ratio": 741.73,
            "debt_ratio": 10.47,
            "inventory_turnover_ratio": 1.72,
            "account_receivable_turnover_ratio": 1.52,
            "reinvestment_rate": 48.73,
            "research_to_sale_ratio": null,
            "price_fair": 22.58,
            "eps_avg_yearly": 0.65,
            "eps_latest_yearly": 0.56,
            "eps_growth_yearly": 343.22
        },
        "20093": {
            "year_quarter": 20093,
            "year": 2009,
            "quarter": 3,
            "eps": -0.08,
            "eps_growth_year": -161.54,
            "eps_4q": 0.07,
            "eps_4q_growth_year": -1.95,
            "roe": -0.62,
            "roe_4q": 0.26,
            "gross_profit": 69590,
            "gross_margin": 47.02,
            "gross_margin_4q_avg": 46.86,
            "net_income": -7788,
            "net_income_4q": null,
            "revenue": 148005,
            "revenue_4q": null,
            "common_shares": 869355,
            "book_valuer_per_share": 14.3,
            "book_valuer_per_share_4q_avg": 14.6,
            "equity": 1258401,
            "current_ratio": 698.02,
            "debt_ratio": 10.94,
            "inventory_turnover_ratio": 1.47,
            "account_receivable_turnover_ratio": 1.47,
            "reinvestment_rate": 59.13,
            "research_to_sale_ratio": null,
            "price_fair": 23.8,
            "eps_avg_yearly": 0.68,
            "eps_latest_yearly": 0.56,
            "eps_growth_yearly": 436.98
        },
        "20094": {
            "year_quarter": 20094,
            "year": 2009,
            "quarter": 4,
            "eps": -0.37,
            "eps_growth_year": -364.29,
            "eps_4q": -0.45,
            "eps_4q_growth_year": -1883.44,
            "roe": -2.62,
            "roe_4q": -3.33,
            "gross_profit": 60416,
            "gross_margin": 51.32,
            "gross_margin_4q_avg": 47.48,
            "net_income": -32699,
            "net_income_4q": null,
            "revenue": 117725,
            "revenue_4q": null,
            "common_shares": 873667,
            "book_valuer_per_share": 14.61,
            "book_valuer_per_share_4q_avg": 14.59,
            "equity": 1237752,
            "current_ratio": 567.35,
            "debt_ratio": 11.76,
            "inventory_turnover_ratio": 1.05,
            "account_receivable_turnover_ratio": 2.73,
            "reinvestment_rate": 717.26,
            "research_to_sale_ratio": null,
            "price_fair": 23.8,
            "eps_avg_yearly": 0.68,
            "eps_latest_yearly": 0.56,
            "eps_growth_yearly": 436.98
        },
        "20101": {
            "year_quarter": 20101,
            "year": 2010,
            "quarter": 1,
            "eps": -0.02,
            "eps_growth_year": null,
            "eps_4q": -0.45,
            "eps_4q_growth_year": -255.66,
            "roe": -0.35,
            "roe_4q": -3.5700000000000003,
            "gross_profit": 64486,
            "gross_margin": 48.75,
            "gross_margin_4q_avg": 48.1,
            "net_income": -4320,
            "net_income_4q": null,
            "revenue": 132266,
            "revenue_4q": null,
            "common_shares": 875939,
            "book_valuer_per_share": 14.65,
            "book_valuer_per_share_4q_avg": 14.49,
            "equity": 1257916,
            "current_ratio": 865.95,
            "debt_ratio": 8.11,
            "inventory_turnover_ratio": 1.36,
            "account_receivable_turnover_ratio": 1.65,
            "reinvestment_rate": -8.1,
            "research_to_sale_ratio": 36.21,
            "price_fair": 23.8,
            "eps_avg_yearly": 0.68,
            "eps_latest_yearly": 0.56,
            "eps_growth_yearly": 436.98
        },
        "20102": {
            "year_quarter": 20102,
            "year": 2010,
            "quarter": 2,
            "eps": -0.03,
            "eps_growth_year": -246.84,
            "eps_4q": -0.49,
            "eps_4q_growth_year": -125.44,
            "roe": -0.44,
            "roe_4q": -4.03,
            "gross_profit": 86107,
            "gross_margin": 49.84,
            "gross_margin_4q_avg": 49.23,
            "net_income": -5543,
            "net_income_4q": null,
            "revenue": 172778,
            "revenue_4q": null,
            "common_shares": 876951,
            "book_valuer_per_share": 14.83,
            "book_valuer_per_share_4q_avg": 14.6,
            "equity": 1286713,
            "current_ratio": 695.91,
            "debt_ratio": 10.28,
            "inventory_turnover_ratio": 1.54,
            "account_receivable_turnover_ratio": 1.85,
            "reinvestment_rate": 353.18,
            "research_to_sale_ratio": 31.32,
            "price_fair": 27.3,
            "eps_avg_yearly": 0.78,
            "eps_latest_yearly": 0.56,
            "eps_growth_yearly": 509.81
        },
        "20103": {
            "year_quarter": 20103,
            "year": 2010,
            "quarter": 3,
            "eps": -0.13,
            "eps_growth_year": null,
            "eps_4q": -0.53,
            "eps_4q_growth_year": -898.66,
            "roe": -1.05,
            "roe_4q": -4.46,
            "gross_profit": 101188,
            "gross_margin": 49.71,
            "gross_margin_4q_avg": 49.91,
            "net_income": -13724,
            "net_income_4q": null,
            "revenue": 203556,
            "revenue_4q": null,
            "common_shares": 878341,
            "book_valuer_per_share": 15.19,
            "book_valuer_per_share_4q_avg": 14.82,
            "equity": 1316760,
            "current_ratio": 606.62,
            "debt_ratio": 11.48,
            "inventory_turnover_ratio": 1.18,
            "account_receivable_turnover_ratio": 1.59,
            "reinvestment_rate": 234.91,
            "research_to_sale_ratio": 33.66,
            "price_fair": 27.3,
            "eps_avg_yearly": 0.78,
            "eps_latest_yearly": 0.56,
            "eps_growth_yearly": 509.81
        },
        "20104": {
            "year_quarter": 20104,
            "year": 2010,
            "quarter": 4,
            "eps": 0.18,
            "eps_growth_year": null,
            "eps_4q": 0.02,
            "eps_4q_growth_year": null,
            "roe": 1.03,
            "roe_4q": -0.81,
            "gross_profit": 76393,
            "gross_margin": 47.27,
            "gross_margin_4q_avg": 48.89,
            "net_income": 13825,
            "net_income_4q": null,
            "revenue": 161617,
            "revenue_4q": null,
            "common_shares": 878469,
            "book_valuer_per_share": 15.54,
            "book_valuer_per_share_4q_avg": 15.05,
            "equity": 1373076,
            "current_ratio": 919.34,
            "debt_ratio": 7.66,
            "inventory_turnover_ratio": 0.8,
            "account_receivable_turnover_ratio": 1.29,
            "reinvestment_rate": 255.64,
            "research_to_sale_ratio": 30.41,
            "price_fair": 27.3,
            "eps_avg_yearly": 0.78,
            "eps_latest_yearly": 0.56,
            "eps_growth_yearly": 509.81
        },
        "20111": {
            "year_quarter": 20111,
            "year": 2011,
            "quarter": 1,
            "eps": 0.06,
            "eps_growth_year": null,
            "eps_4q": 0.09,
            "eps_4q_growth_year": null,
            "roe": 0.17,
            "roe_4q": -0.2900000000000001,
            "gross_profit": 93552,
            "gross_margin": 48.57,
            "gross_margin_4q_avg": 48.85,
            "net_income": 2398,
            "net_income_4q": null,
            "revenue": 192619,
            "revenue_4q": null,
            "common_shares": 880379,
            "book_valuer_per_share": 15.66,
            "book_valuer_per_share_4q_avg": 15.31,
            "equity": 1383194,
            "current_ratio": 679.29,
            "debt_ratio": 9.97,
            "inventory_turnover_ratio": 0.96,
            "account_receivable_turnover_ratio": 1.7,
            "reinvestment_rate": 673.1,
            "research_to_sale_ratio": 31.44,
            "price_fair": 19.83,
            "eps_avg_yearly": 0.57,
            "eps_latest_yearly": 0.24,
            "eps_growth_yearly": 373.7
        },
        "20112": {
            "year_quarter": 20112,
            "year": 2011,
            "quarter": 2,
            "eps": 0.04,
            "eps_growth_year": null,
            "eps_4q": 0.16,
            "eps_4q_growth_year": null,
            "roe": 0.07,
            "roe_4q": 0.21999999999999997,
            "gross_profit": 88206,
            "gross_margin": 44.73,
            "gross_margin_4q_avg": 47.57,
            "net_income": 1032,
            "net_income_4q": null,
            "revenue": 197204,
            "revenue_4q": null,
            "common_shares": 880379,
            "book_valuer_per_share": 15.74,
            "book_valuer_per_share_4q_avg": 15.53,
            "equity": 1388378,
            "current_ratio": 625.51,
            "debt_ratio": 11.05,
            "inventory_turnover_ratio": 0.88,
            "account_receivable_turnover_ratio": 1.76,
            "reinvestment_rate": 1132.23,
            "research_to_sale_ratio": 27.65,
            "price_fair": 18.67,
            "eps_avg_yearly": 0.53,
            "eps_latest_yearly": 0.16,
            "eps_growth_yearly": 402.35
        },
        "20113": {
            "year_quarter": 20113,
            "year": 2011,
            "quarter": 3,
            "eps": -0.14,
            "eps_growth_year": null,
            "eps_4q": 0.15,
            "eps_4q_growth_year": null,
            "roe": -1.07,
            "roe_4q": 0.20000000000000007,
            "gross_profit": 79527,
            "gross_margin": 48.74,
            "gross_margin_4q_avg": 47.33,
            "net_income": -14762,
            "net_income_4q": null,
            "revenue": 163151,
            "revenue_4q": null,
            "common_shares": 880379,
            "book_valuer_per_share": 15.65,
            "book_valuer_per_share_4q_avg": 15.65,
            "equity": 1372611,
            "current_ratio": 993.87,
            "debt_ratio": 7.01,
            "inventory_turnover_ratio": 0.64,
            "account_receivable_turnover_ratio": 1.79,
            "reinvestment_rate": null,
            "research_to_sale_ratio": 36.5,
            "price_fair": 15.68,
            "eps_avg_yearly": 0.45,
            "eps_latest_yearly": 0.16,
            "eps_growth_yearly": 349.49
        },
        "20114": {
            "year_quarter": 20114,
            "year": 2011,
            "quarter": 4,
            "eps": -0.54,
            "eps_growth_year": -391.13,
            "eps_4q": -0.58,
            "eps_4q_growth_year": -3942.83,
            "roe": -3.6,
            "roe_4q": -4.43,
            "gross_profit": 71577,
            "gross_margin": 48.4,
            "gross_margin_4q_avg": 47.61,
            "net_income": -48300,
            "net_income_4q": null,
            "revenue": 147873,
            "revenue_4q": null,
            "common_shares": 880379,
            "book_valuer_per_share": 15.18,
            "book_valuer_per_share_4q_avg": 15.56,
            "equity": 1308310,
            "current_ratio": 890.22,
            "debt_ratio": 8.07,
            "inventory_turnover_ratio": 0.82,
            "account_receivable_turnover_ratio": 1.83,
            "reinvestment_rate": null,
            "research_to_sale_ratio": 41.93,
            "price_fair": 12.95,
            "eps_avg_yearly": 0.37,
            "eps_latest_yearly": 0.16,
            "eps_growth_yearly": 457.69
        },
        "20121": {
            "year_quarter": 20121,
            "year": 2012,
            "quarter": 1,
            "eps": 0.01,
            "eps_growth_year": -83.33,
            "eps_4q": -0.63,
            "eps_4q_growth_year": -800,
            "roe": -0.09,
            "roe_4q": -4.6899999999999995,
            "gross_profit": 70346,
            "gross_margin": 55.5,
            "gross_margin_4q_avg": 49.34,
            "net_income": -1235,
            "net_income_4q": null,
            "revenue": 126741,
            "revenue_4q": null,
            "common_shares": 880379,
            "book_valuer_per_share": 15.23,
            "book_valuer_per_share_4q_avg": 15.45,
            "equity": 1308671,
            "current_ratio": 931.33,
            "debt_ratio": 7.72,
            "inventory_turnover_ratio": 0.84,
            "account_receivable_turnover_ratio": 1.92,
            "reinvestment_rate": null,
            "research_to_sale_ratio": 40.11,
            "price_fair": 12.95,
            "eps_avg_yearly": 0.37,
            "eps_latest_yearly": 0.16,
            "eps_growth_yearly": 457.69
        },
        "20122": {
            "year_quarter": 20122,
            "year": 2012,
            "quarter": 2,
            "eps": -0.31,
            "eps_growth_year": -879.7,
            "eps_4q": -0.98,
            "eps_4q_growth_year": -718.04,
            "roe": -2.04,
            "roe_4q": -6.800000000000001,
            "gross_profit": 60199,
            "gross_margin": 51.69,
            "gross_margin_4q_avg": 51.08,
            "net_income": -26459,
            "net_income_4q": null,
            "revenue": 116461,
            "revenue_4q": null,
            "common_shares": 874639,
            "book_valuer_per_share": 14.96,
            "book_valuer_per_share_4q_avg": 15.26,
            "equity": 1285213,
            "current_ratio": 929.84,
            "debt_ratio": 7.82,
            "inventory_turnover_ratio": 0.93,
            "account_receivable_turnover_ratio": 1.94,
            "reinvestment_rate": null,
            "research_to_sale_ratio": 42.2,
            "price_fair": 12.95,
            "eps_avg_yearly": 0.37,
            "eps_latest_yearly": 0.16,
            "eps_growth_yearly": 457.69
        },
        "20123": {
            "year_quarter": 20123,
            "year": 2012,
            "quarter": 3,
            "eps": 0,
            "eps_growth_year": null,
            "eps_4q": -0.84,
            "eps_4q_growth_year": -674.67,
            "roe": -0.03,
            "roe_4q": -5.76,
            "gross_profit": 62263,
            "gross_margin": 53.3,
            "gross_margin_4q_avg": 52.22,
            "net_income": -343,
            "net_income_4q": null,
            "revenue": 116817,
            "revenue_4q": null,
            "common_shares": 873389,
            "book_valuer_per_share": 14.99,
            "book_valuer_per_share_4q_avg": 15.09,
            "equity": 1287872,
            "current_ratio": 957.27,
            "debt_ratio": 7.68,
            "inventory_turnover_ratio": 1.02,
            "account_receivable_turnover_ratio": 1.6,
            "reinvestment_rate": null,
            "research_to_sale_ratio": 40.76,
            "price_fair": 0.96,
            "eps_avg_yearly": 0.32,
            "eps_latest_yearly": 0.16,
            "eps_growth_yearly": -123.08
        },
        "20124": {
            "year_quarter": 20124,
            "year": 2012,
            "quarter": 4,
            "eps": -0.86,
            "eps_growth_year": null,
            "eps_4q": -1.16,
            "eps_4q_growth_year": null,
            "roe": -5.88,
            "roe_4q": -8.040000000000001,
            "gross_profit": 51315,
            "gross_margin": 56.49,
            "gross_margin_4q_avg": 54.25,
            "net_income": -73220,
            "net_income_4q": null,
            "revenue": 90841,
            "revenue_4q": null,
            "common_shares": 873389,
            "book_valuer_per_share": 14.22,
            "book_valuer_per_share_4q_avg": 14.85,
            "equity": 1203301,
            "current_ratio": 834.83,
            "debt_ratio": 9.11,
            "inventory_turnover_ratio": 0.83,
            "account_receivable_turnover_ratio": 1.42,
            "reinvestment_rate": null,
            "research_to_sale_ratio": 52.1,
            "price_fair": 0.6,
            "eps_avg_yearly": 0.2,
            "eps_latest_yearly": 0.16,
            "eps_growth_yearly": -200
        },
        "20131": {
            "year_quarter": 20131,
            "year": 2013,
            "quarter": 1,
            "eps": -0.21,
            "eps_growth_year": -2200,
            "eps_4q": -1.38,
            "eps_4q_growth_year": null,
            "roe": -1.47,
            "roe_4q": -9.42,
            "gross_profit": 50907,
            "gross_margin": 55.43,
            "gross_margin_4q_avg": 54.23,
            "net_income": -17971,
            "net_income_4q": null,
            "revenue": 91835,
            "revenue_4q": null,
            "common_shares": 860969,
            "book_valuer_per_share": 14.63,
            "book_valuer_per_share_4q_avg": 14.7,
            "equity": 1237905,
            "current_ratio": 956.13,
            "debt_ratio": 7.17,
            "inventory_turnover_ratio": 0.94,
            "account_receivable_turnover_ratio": 1.75,
            "reinvestment_rate": null,
            "research_to_sale_ratio": 54.78,
            "price_fair": 0.6,
            "eps_avg_yearly": 0.2,
            "eps_latest_yearly": 0.16,
            "eps_growth_yearly": -200
        },
        "20132": {
            "year_quarter": 20132,
            "year": 2013,
            "quarter": 2,
            "eps": -0.08,
            "eps_growth_year": null,
            "eps_4q": -1.16,
            "eps_4q_growth_year": null,
            "roe": -0.56,
            "roe_4q": -7.94,
            "gross_profit": 67311,
            "gross_margin": 54.93,
            "gross_margin_4q_avg": 55.04,
            "net_income": -6968,
            "net_income_4q": null,
            "revenue": 122538,
            "revenue_4q": null,
            "common_shares": 860969,
            "book_valuer_per_share": 14.58,
            "book_valuer_per_share_4q_avg": 14.61,
            "equity": 1233353,
            "current_ratio": 702.34,
            "debt_ratio": 9.82,
            "inventory_turnover_ratio": 0.92,
            "account_receivable_turnover_ratio": 2.09,
            "reinvestment_rate": null,
            "research_to_sale_ratio": 43.71,
            "price_fair": 0.6,
            "eps_avg_yearly": 0.2,
            "eps_latest_yearly": 0.16,
            "eps_growth_yearly": -200
        },
        "20133": {
            "year_quarter": 20133,
            "year": 2013,
            "quarter": 3,
            "eps": -0.31,
            "eps_growth_year": -64953.56,
            "eps_4q": -1.47,
            "eps_4q_growth_year": null,
            "roe": -2.17,
            "roe_4q": -10.08,
            "gross_profit": 41400,
            "gross_margin": 38.42,
            "gross_margin_4q_avg": 51.32,
            "net_income": -26541,
            "net_income_4q": null,
            "revenue": 107749,
            "revenue_4q": null,
            "common_shares": 860969,
            "book_valuer_per_share": 14.28,
            "book_valuer_per_share_4q_avg": 14.43,
            "equity": 1208547,
            "current_ratio": 878.41,
            "debt_ratio": 7.82,
            "inventory_turnover_ratio": 1.04,
            "account_receivable_turnover_ratio": 1.64,
            "reinvestment_rate": null,
            "research_to_sale_ratio": 50.67,
            "price_fair": 0.6,
            "eps_avg_yearly": 0.2,
            "eps_latest_yearly": 0.16,
            "eps_growth_yearly": -200
        },
        "20134": {
            "year_quarter": 20134,
            "year": 2013,
            "quarter": 4,
            "eps": -0.5,
            "eps_growth_year": null,
            "eps_4q": -1.11,
            "eps_4q_growth_year": null,
            "roe": -3.45,
            "roe_4q": -7.6499999999999995,
            "gross_profit": 43970,
            "gross_margin": 52.76,
            "gross_margin_4q_avg": 50.39,
            "net_income": -42215,
            "net_income_4q": null,
            "revenue": 83337,
            "revenue_4q": null,
            "common_shares": 860969,
            "book_valuer_per_share": 14.65,
            "book_valuer_per_share_4q_avg": 14.54,
            "equity": 1239486,
            "current_ratio": 730.79,
            "debt_ratio": 8.87,
            "inventory_turnover_ratio": 0.7,
            "account_receivable_turnover_ratio": 1.47,
            "reinvestment_rate": null,
            "research_to_sale_ratio": 71.9,
            "price_fair": 0.6,
            "eps_avg_yearly": 0.2,
            "eps_latest_yearly": 0.16,
            "eps_growth_yearly": -200
        },
        "20141": {
            "year_quarter": 20141,
            "year": 2014,
            "quarter": 1,
            "eps": -0.43,
            "eps_growth_year": null,
            "eps_4q": -1.33,
            "eps_4q_growth_year": null,
            "roe": -2.98,
            "roe_4q": -9.16,
            "gross_profit": 42251,
            "gross_margin": 51.93,
            "gross_margin_4q_avg": 49.51,
            "net_income": -36532,
            "net_income_4q": null,
            "revenue": 81368,
            "revenue_4q": null,
            "common_shares": 860969,
            "book_valuer_per_share": 14.31,
            "book_valuer_per_share_4q_avg": 14.46,
            "equity": 1210766,
            "current_ratio": 962.89,
            "debt_ratio": 6.63,
            "inventory_turnover_ratio": 0.61,
            "account_receivable_turnover_ratio": 1.67,
            "reinvestment_rate": null,
            "research_to_sale_ratio": 73.16,
            "price_fair": 0.6,
            "eps_avg_yearly": 0.2,
            "eps_latest_yearly": 0.16,
            "eps_growth_yearly": -200
        },
        "20142": {
            "year_quarter": 20142,
            "year": 2014,
            "quarter": 2,
            "eps": 0.44,
            "eps_growth_year": null,
            "eps_4q": -0.81,
            "eps_4q_growth_year": null,
            "roe": 3.05,
            "roe_4q": -5.550000000000001,
            "gross_profit": 44833,
            "gross_margin": 49.63,
            "gross_margin_4q_avg": 48.19,
            "net_income": 36950,
            "net_income_4q": null,
            "revenue": 90330,
            "revenue_4q": null,
            "common_shares": 860969,
            "book_valuer_per_share": 14.31,
            "book_valuer_per_share_4q_avg": 14.39,
            "equity": 1211177,
            "current_ratio": 787.96,
            "debt_ratio": 8.55,
            "inventory_turnover_ratio": 0.7,
            "account_receivable_turnover_ratio": 1.73,
            "reinvestment_rate": null,
            "research_to_sale_ratio": 62.5,
            "price_fair": 0.6,
            "eps_avg_yearly": 0.2,
            "eps_latest_yearly": 0.16,
            "eps_growth_yearly": -200
        },
        "20143": {
            "year_quarter": 20143,
            "year": 2014,
            "quarter": 3,
            "eps": -0.3,
            "eps_growth_year": null,
            "eps_4q": -0.79,
            "eps_4q_growth_year": null,
            "roe": -2.13,
            "roe_4q": -5.51,
            "gross_profit": 18658,
            "gross_margin": 23.97,
            "gross_margin_4q_avg": 44.57,
            "net_income": -25120,
            "net_income_4q": null,
            "revenue": 77830,
            "revenue_4q": null,
            "common_shares": 860969,
            "book_valuer_per_share": 13.53,
            "book_valuer_per_share_4q_avg": 14.2,
            "equity": 1144451,
            "current_ratio": 792.13,
            "debt_ratio": 9.07,
            "inventory_turnover_ratio": 1.02,
            "account_receivable_turnover_ratio": 1.54,
            "reinvestment_rate": null,
            "research_to_sale_ratio": 72.2,
            "price_fair": 0.6,
            "eps_avg_yearly": 0.2,
            "eps_latest_yearly": 0.16,
            "eps_growth_yearly": -200
        },
        "20144": {
            "year_quarter": 20144,
            "year": 2014,
            "quarter": 4,
            "eps": -0.84,
            "eps_growth_year": null,
            "eps_4q": -1.13,
            "eps_4q_growth_year": null,
            "roe": -6.36,
            "roe_4q": -8.42,
            "gross_profit": 37367,
            "gross_margin": 46.9,
            "gross_margin_4q_avg": 43.11,
            "net_income": -70785,
            "net_income_4q": null,
            "revenue": 79681,
            "revenue_4q": null,
            "common_shares": 860969,
            "book_valuer_per_share": 12.78,
            "book_valuer_per_share_4q_avg": 13.73,
            "equity": 1081020,
            "current_ratio": 843.36,
            "debt_ratio": 9.79,
            "inventory_turnover_ratio": 0.87,
            "account_receivable_turnover_ratio": 1.66,
            "reinvestment_rate": null,
            "research_to_sale_ratio": 72.52,
            "price_fair": 0.6,
            "eps_avg_yearly": 0.2,
            "eps_latest_yearly": 0.16,
            "eps_growth_yearly": -200
        },
        "20151": {
            "year_quarter": 20151,
            "year": 2015,
            "quarter": 1,
            "eps": -0.28,
            "eps_growth_year": null,
            "eps_4q": -0.98,
            "eps_4q_growth_year": null,
            "roe": -2.22,
            "roe_4q": -7.660000000000001,
            "gross_profit": 42784,
            "gross_margin": 52.21,
            "gross_margin_4q_avg": 43.18,
            "net_income": -23845,
            "net_income_4q": null,
            "revenue": 81945,
            "revenue_4q": null,
            "common_shares": 845749,
            "book_valuer_per_share": 12.64,
            "book_valuer_per_share_4q_avg": 13.32,
            "equity": 1069219,
            "current_ratio": 795.27,
            "debt_ratio": 9.88,
            "inventory_turnover_ratio": 0.85,
            "account_receivable_turnover_ratio": 1.72,
            "reinvestment_rate": null,
            "research_to_sale_ratio": 61.05,
            "price_fair": 0.48,
            "eps_avg_yearly": 0.16,
            "eps_latest_yearly": 0.16,
            "eps_growth_yearly": -133.33
        },
        "20152": {
            "year_quarter": 20152,
            "year": 2015,
            "quarter": 2,
            "eps": -0.33,
            "eps_growth_year": -175,
            "eps_4q": -1.74,
            "eps_4q_growth_year": null,
            "roe": -2.64,
            "roe_4q": -13.350000000000001,
            "gross_profit": 49168,
            "gross_margin": 42.48,
            "gross_margin_4q_avg": 41.39,
            "net_income": -27835,
            "net_income_4q": null,
            "revenue": 115757,
            "revenue_4q": null,
            "common_shares": 845749,
            "book_valuer_per_share": 12.28,
            "book_valuer_per_share_4q_avg": 12.81,
            "equity": 1038315,
            "current_ratio": 549.77,
            "debt_ratio": 13.26,
            "inventory_turnover_ratio": 1.13,
            "account_receivable_turnover_ratio": 2,
            "reinvestment_rate": null,
            "research_to_sale_ratio": 49.16,
            "price_fair": 0,
            "eps_avg_yearly": 0,
            "eps_latest_yearly": 0,
            "eps_growth_yearly": 0
        },
        "20153": {
            "year_quarter": 20153,
            "year": 2015,
            "quarter": 3,
            "eps": 0.04,
            "eps_growth_year": null,
            "eps_4q": -1.42,
            "eps_4q_growth_year": null,
            "roe": 0.34,
            "roe_4q": -10.88,
            "gross_profit": 56958,
            "gross_margin": 45.62,
            "gross_margin_4q_avg": 46.8,
            "net_income": 3492,
            "net_income_4q": null,
            "revenue": 124842,
            "revenue_4q": null,
            "common_shares": 845749,
            "book_valuer_per_share": 12.21,
            "book_valuer_per_share_4q_avg": 12.48,
            "equity": 1022155,
            "current_ratio": 675.06,
            "debt_ratio": 10.76,
            "inventory_turnover_ratio": 0.97,
            "account_receivable_turnover_ratio": 1.59,
            "reinvestment_rate": null,
            "research_to_sale_ratio": 35.78,
            "price_fair": 0,
            "eps_avg_yearly": 0,
            "eps_latest_yearly": 0,
            "eps_growth_yearly": 0
        },
        "20154": {
            "year_quarter": 20154,
            "year": 2015,
            "quarter": 4,
            "eps": -0.31,
            "eps_growth_year": null,
            "eps_4q": -0.9,
            "eps_4q_growth_year": null,
            "roe": -2.56,
            "roe_4q": -7.08,
            "gross_profit": 44963,
            "gross_margin": 37.42,
            "gross_margin_4q_avg": 44.43,
            "net_income": -25599,
            "net_income_4q": null,
            "revenue": 120146,
            "revenue_4q": null,
            "common_shares": 845749,
            "book_valuer_per_share": 11.9,
            "book_valuer_per_share_4q_avg": 12.26,
            "equity": 980425,
            "current_ratio": 596.02,
            "debt_ratio": 11.84,
            "inventory_turnover_ratio": 1.11,
            "account_receivable_turnover_ratio": 1.39,
            "reinvestment_rate": null,
            "research_to_sale_ratio": 42.62,
            "price_fair": 0,
            "eps_avg_yearly": 0,
            "eps_latest_yearly": 0,
            "eps_growth_yearly": 0
        },
        "20161": {
            "year_quarter": 20161,
            "year": 2016,
            "quarter": 1,
            "eps": -0.33,
            "eps_growth_year": null,
            "eps_4q": -0.94,
            "eps_4q_growth_year": null,
            "roe": -2.8,
            "roe_4q": -7.66,
            "gross_profit": 45898,
            "gross_margin": 46.06,
            "gross_margin_4q_avg": 42.9,
            "net_income": -27219,
            "net_income_4q": null,
            "revenue": 99641,
            "revenue_4q": null,
            "common_shares": 845749,
            "book_valuer_per_share": 11.73,
            "book_valuer_per_share_4q_avg": 12.03,
            "equity": 966278,
            "current_ratio": 771.29,
            "debt_ratio": 9,
            "inventory_turnover_ratio": 0.77,
            "account_receivable_turnover_ratio": 1.34,
            "reinvestment_rate": null,
            "research_to_sale_ratio": 52.15,
            "price_fair": 0,
            "eps_avg_yearly": 0,
            "eps_latest_yearly": 0,
            "eps_growth_yearly": 0
        },
        "20162": {
            "year_quarter": 20162,
            "year": 2016,
            "quarter": 2,
            "eps": -0.19,
            "eps_growth_year": null,
            "eps_4q": -0.79,
            "eps_4q_growth_year": null,
            "roe": -1.61,
            "roe_4q": -6.630000000000001,
            "gross_profit": 54849,
            "gross_margin": 43.31,
            "gross_margin_4q_avg": 43.1,
            "net_income": -15388,
            "net_income_4q": null,
            "revenue": 126647,
            "revenue_4q": null,
            "common_shares": 845749,
            "book_valuer_per_share": 11.48,
            "book_valuer_per_share_4q_avg": 11.83,
            "equity": 945935,
            "current_ratio": 710.84,
            "debt_ratio": 9.83,
            "inventory_turnover_ratio": 1.06,
            "account_receivable_turnover_ratio": 1.72,
            "reinvestment_rate": null,
            "research_to_sale_ratio": 40.86,
            "price_fair": 0,
            "eps_avg_yearly": 0,
            "eps_latest_yearly": 0,
            "eps_growth_yearly": 0
        },
        "20163": {
            "year_quarter": 20163,
            "year": 2016,
            "quarter": 3,
            "eps": -0.22,
            "eps_growth_year": -650,
            "eps_4q": -1.05,
            "eps_4q_growth_year": null,
            "roe": -1.99,
            "roe_4q": -8.96,
            "gross_profit": 51796,
            "gross_margin": 41.18,
            "gross_margin_4q_avg": 41.99,
            "net_income": -18575,
            "net_income_4q": null,
            "revenue": 125773,
            "revenue_4q": null,
            "common_shares": 845749,
            "book_valuer_per_share": 11.19,
            "book_valuer_per_share_4q_avg": 11.58,
            "equity": 921831,
            "current_ratio": 688.53,
            "debt_ratio": 10.14,
            "inventory_turnover_ratio": 1.3,
            "account_receivable_turnover_ratio": 1.5,
            "reinvestment_rate": null,
            "research_to_sale_ratio": 38.78,
            "price_fair": 0,
            "eps_avg_yearly": 0,
            "eps_latest_yearly": 0,
            "eps_growth_yearly": 0
        },
        "20164": {
            "year_quarter": 20164,
            "year": 2016,
            "quarter": 4,
            "eps": 0.02,
            "eps_growth_year": null,
            "eps_4q": -0.73,
            "eps_4q_growth_year": null,
            "roe": 0.14,
            "roe_4q": -6.26,
            "gross_profit": 57036,
            "gross_margin": 46.98,
            "gross_margin_4q_avg": 44.38,
            "net_income": 1266,
            "net_income_4q": null,
            "revenue": 121410,
            "revenue_4q": null,
            "common_shares": 845749,
            "book_valuer_per_share": 11.14,
            "book_valuer_per_share_4q_avg": 11.39,
            "equity": 917209,
            "current_ratio": 630.6,
            "debt_ratio": 11.9,
            "inventory_turnover_ratio": 1.19,
            "account_receivable_turnover_ratio": 1.38,
            "reinvestment_rate": null,
            "research_to_sale_ratio": 35.52,
            "price_fair": 0,
            "eps_avg_yearly": 0,
            "eps_latest_yearly": 0,
            "eps_growth_yearly": 0
        },
        "20171": {
            "year_quarter": 20171,
            "year": 2017,
            "quarter": 1,
            "eps": -0.43,
            "eps_growth_year": null,
            "eps_4q": -0.83,
            "eps_4q_growth_year": null,
            "roe": -3.96,
            "roe_4q": -7.42,
            "gross_profit": 44467,
            "gross_margin": 46.86,
            "gross_margin_4q_avg": 44.58,
            "net_income": -35727,
            "net_income_4q": null,
            "revenue": 94903,
            "revenue_4q": null,
            "common_shares": 845749,
            "book_valuer_per_share": 10.78,
            "book_valuer_per_share_4q_avg": 11.15,
            "equity": 888061,
            "current_ratio": 815.31,
            "debt_ratio": 9.07,
            "inventory_turnover_ratio": 0.83,
            "account_receivable_turnover_ratio": 1.16,
            "reinvestment_rate": null,
            "research_to_sale_ratio": 47.64,
            "price_fair": 0,
            "eps_avg_yearly": 0,
            "eps_latest_yearly": 0,
            "eps_growth_yearly": 0
        },
        "20172": {
            "year_quarter": 20172,
            "year": 2017,
            "quarter": 2,
            "eps": -0.08,
            "eps_growth_year": null,
            "eps_4q": -0.72,
            "eps_4q_growth_year": null,
            "roe": -0.72,
            "roe_4q": -6.53,
            "gross_profit": 57306,
            "gross_margin": 49.44,
            "gross_margin_4q_avg": 46.12,
            "net_income": -6338,
            "net_income_4q": null,
            "revenue": 115916,
            "revenue_4q": null,
            "common_shares": 845749,
            "book_valuer_per_share": 10.7,
            "book_valuer_per_share_4q_avg": 10.95,
            "equity": 881472,
            "current_ratio": 678.91,
            "debt_ratio": 10.94,
            "inventory_turnover_ratio": 0.79,
            "account_receivable_turnover_ratio": 1.55,
            "reinvestment_rate": null,
            "research_to_sale_ratio": 37.13,
            "price_fair": 0,
            "eps_avg_yearly": 0,
            "eps_latest_yearly": 0,
            "eps_growth_yearly": 0
        },
        "20173": {
            "year_quarter": 20173,
            "year": 2017,
            "quarter": 3,
            "eps": -0.1,
            "eps_growth_year": null,
            "eps_4q": -0.6,
            "eps_4q_growth_year": null,
            "roe": -0.96,
            "roe_4q": -5.5,
            "gross_profit": 51937,
            "gross_margin": 50.24,
            "gross_margin_4q_avg": 48.38,
            "net_income": -8429,
            "net_income_4q": null,
            "revenue": 103379,
            "revenue_4q": null,
            "common_shares": 845749,
            "book_valuer_per_share": 10.68,
            "book_valuer_per_share_4q_avg": 10.83,
            "equity": 879874,
            "current_ratio": 728.6,
            "debt_ratio": 10.23,
            "inventory_turnover_ratio": 0.58,
            "account_receivable_turnover_ratio": 1.43,
            "reinvestment_rate": null,
            "research_to_sale_ratio": 42.1,
            "price_fair": 0,
            "eps_avg_yearly": 0,
            "eps_latest_yearly": 0,
            "eps_growth_yearly": 0
        },
        "20174": {
            "year_quarter": 20174,
            "year": 2017,
            "quarter": 4,
            "eps": -0.11,
            "eps_growth_year": -787.2,
            "eps_4q": -0.72,
            "eps_4q_growth_year": null,
            "roe": -0.98,
            "roe_4q": -6.62,
            "gross_profit": 50236,
            "gross_margin": 46.68,
            "gross_margin_4q_avg": 48.31,
            "net_income": -8700,
            "net_income_4q": null,
            "revenue": 107612,
            "revenue_4q": null,
            "common_shares": 845749,
            "book_valuer_per_share": 10.82,
            "book_valuer_per_share_4q_avg": 10.75,
            "equity": 891017,
            "current_ratio": 676.6,
            "debt_ratio": 11.38,
            "inventory_turnover_ratio": 0.6,
            "account_receivable_turnover_ratio": 1.54,
            "reinvestment_rate": null,
            "research_to_sale_ratio": 38.08,
            "price_fair": 0,
            "eps_avg_yearly": 0,
            "eps_latest_yearly": 0,
            "eps_growth_yearly": 0
        },
        "20181": {
            "year_quarter": 20181,
            "year": 2018,
            "quarter": 1,
            "eps": -0.2,
            "eps_growth_year": null,
            "eps_4q": -0.49,
            "eps_4q_growth_year": null,
            "roe": -1.9,
            "roe_4q": -4.56,
            "gross_profit": 44606,
            "gross_margin": 47.34,
            "gross_margin_4q_avg": 48.43,
            "net_income": -16772,
            "net_income_4q": null,
            "revenue": 94227,
            "revenue_4q": null,
            "common_shares": 845749,
            "book_valuer_per_share": 10.67,
            "book_valuer_per_share_4q_avg": 10.72,
            "equity": 878515,
            "current_ratio": 860.65,
            "debt_ratio": 8.47,
            "inventory_turnover_ratio": 0.55,
            "account_receivable_turnover_ratio": 1.34,
            "reinvestment_rate": null,
            "research_to_sale_ratio": 40.65,
            "price_fair": 0,
            "eps_avg_yearly": 0,
            "eps_latest_yearly": 0,
            "eps_growth_yearly": 0
        },
        "20182": {
            "year_quarter": 20182,
            "year": 2018,
            "quarter": 2,
            "eps": 0.01,
            "eps_growth_year": null,
            "eps_4q": -0.4,
            "eps_4q_growth_year": null,
            "roe": 0.14,
            "roe_4q": -3.6999999999999997,
            "gross_profit": 45463,
            "gross_margin": 47.94,
            "gross_margin_4q_avg": 48.05,
            "net_income": 1204,
            "net_income_4q": null,
            "revenue": 94824,
            "revenue_4q": null,
            "common_shares": 845749,
            "book_valuer_per_share": 10.79,
            "book_valuer_per_share_4q_avg": 10.74,
            "equity": 888917,
            "current_ratio": 770.14,
            "debt_ratio": 9.44,
            "inventory_turnover_ratio": 0.61,
            "account_receivable_turnover_ratio": 1.35,
            "reinvestment_rate": null,
            "research_to_sale_ratio": 35.57,
            "price_fair": 0,
            "eps_avg_yearly": 0,
            "eps_latest_yearly": 0,
            "eps_growth_yearly": 0
        },
        "20183": {
            "year_quarter": 20183,
            "year": 2018,
            "quarter": 3,
            "eps": -0.06,
            "eps_growth_year": null,
            "eps_4q": -0.35,
            "eps_4q_growth_year": null,
            "roe": -0.56,
            "roe_4q": -3.3,
            "gross_profit": 43158,
            "gross_margin": 49.24,
            "gross_margin_4q_avg": 47.8,
            "net_income": -4955,
            "net_income_4q": null,
            "revenue": 87656,
            "revenue_4q": null,
            "common_shares": 845749,
            "book_valuer_per_share": 10.56,
            "book_valuer_per_share_4q_avg": 10.71,
            "equity": 870164,
            "current_ratio": 772.4,
            "debt_ratio": 9.6,
            "inventory_turnover_ratio": 0.62,
            "account_receivable_turnover_ratio": 1.23,
            "reinvestment_rate": null,
            "research_to_sale_ratio": 40.3,
            "price_fair": 0,
            "eps_avg_yearly": 0,
            "eps_latest_yearly": 0,
            "eps_growth_yearly": 0
        },
        "20184": {
            "year_quarter": 20184,
            "year": 2018,
            "quarter": 4,
            "eps": -0.1,
            "eps_growth_year": null,
            "eps_4q": -0.35,
            "eps_4q_growth_year": null,
            "roe": -0.92,
            "roe_4q": -3.2399999999999998,
            "gross_profit": 31432,
            "gross_margin": 39.58,
            "gross_margin_4q_avg": 46.03,
            "net_income": -7925,
            "net_income_4q": null,
            "revenue": 79415,
            "revenue_4q": null,
            "common_shares": 823689,
            "book_valuer_per_share": 10.37,
            "book_valuer_per_share_4q_avg": 10.6,
            "equity": 854057,
            "current_ratio": 805.04,
            "debt_ratio": 9.27,
            "inventory_turnover_ratio": 0.76,
            "account_receivable_turnover_ratio": 1.27,
            "reinvestment_rate": null,
            "research_to_sale_ratio": 34.22,
            "price_fair": 0,
            "eps_avg_yearly": 0,
            "eps_latest_yearly": 0,
            "eps_growth_yearly": 0
        },
        "20191": {
            "year_quarter": 20191,
            "year": 2019,
            "quarter": 1,
            "eps": -0.06,
            "eps_growth_year": null,
            "eps_4q": -0.2,
            "eps_4q_growth_year": null,
            "roe": -0.59,
            "roe_4q": -1.9300000000000002,
            "gross_profit": 39508,
            "gross_margin": 47.98,
            "gross_margin_4q_avg": 46.19,
            "net_income": -5115,
            "net_income_4q": null,
            "revenue": 82345,
            "revenue_4q": null,
            "common_shares": 823689,
            "book_valuer_per_share": 10.51,
            "book_valuer_per_share_4q_avg": 10.56,
            "equity": 865513,
            "current_ratio": 817.41,
            "debt_ratio": 12.48,
            "inventory_turnover_ratio": 0.74,
            "account_receivable_turnover_ratio": 1.44,
            "reinvestment_rate": null,
            "research_to_sale_ratio": 35.08,
            "price_fair": 0,
            "eps_avg_yearly": 0,
            "eps_latest_yearly": 0,
            "eps_growth_yearly": 0
        },
        "20192": {
            "year_quarter": 20192,
            "year": 2019,
            "quarter": 2,
            "eps": 0.08,
            "eps_growth_year": 700,
            "eps_4q": -0.14,
            "eps_4q_growth_year": null,
            "roe": 0.77,
            "roe_4q": -1.3,
            "gross_profit": 48666,
            "gross_margin": 48.71,
            "gross_margin_4q_avg": 46.38,
            "net_income": 6665,
            "net_income_4q": null,
            "revenue": 99914,
            "revenue_4q": null,
            "common_shares": 823689,
            "book_valuer_per_share": 10.59,
            "book_valuer_per_share_4q_avg": 10.51,
            "equity": 871969,
            "current_ratio": 771.42,
            "debt_ratio": 12.98,
            "inventory_turnover_ratio": 0.89,
            "account_receivable_turnover_ratio": 1.58,
            "reinvestment_rate": null,
            "research_to_sale_ratio": 26.53,
            "price_fair": 0,
            "eps_avg_yearly": 0,
            "eps_latest_yearly": 0,
            "eps_growth_yearly": 0
        },
        "20193": {
            "year_quarter": 20193,
            "year": 2019,
            "quarter": 3,
            "eps": 0.04,
            "eps_growth_year": null,
            "eps_4q": -0.03,
            "eps_4q_growth_year": null,
            "roe": 0.41,
            "roe_4q": -0.33000000000000007,
            "gross_profit": 44475,
            "gross_margin": 47.63,
            "gross_margin_4q_avg": 45.98,
            "net_income": 3647,
            "net_income_4q": null,
            "revenue": 93368,
            "revenue_4q": null,
            "common_shares": 823689,
            "book_valuer_per_share": 10.84,
            "book_valuer_per_share_4q_avg": 10.58,
            "equity": 893091,
            "current_ratio": 739.63,
            "debt_ratio": 12.82,
            "inventory_turnover_ratio": 0.87,
            "account_receivable_turnover_ratio": 1.31,
            "reinvestment_rate": null,
            "research_to_sale_ratio": 30.92,
            "price_fair": 0.48,
            "eps_avg_yearly": 0.16,
            "eps_latest_yearly": 0.16,
            "eps_growth_yearly": -200
        },
        "20194": {
            "year_quarter": 20194,
            "year": 2019,
            "quarter": 4,
            "eps": -0.02,
            "eps_growth_year": null,
            "eps_4q": 0.04,
            "eps_4q_growth_year": null,
            "roe": -0.21,
            "roe_4q": 0.38,
            "gross_profit": 45172,
            "gross_margin": 50.46,
            "gross_margin_4q_avg": 48.7,
            "net_income": -1867,
            "net_income_4q": null,
            "revenue": 89521,
            "revenue_4q": null,
            "common_shares": 823689,
            "book_valuer_per_share": 11.09,
            "book_valuer_per_share_4q_avg": 10.76,
            "equity": 913226,
            "current_ratio": 816.99,
            "debt_ratio": 11.87,
            "inventory_turnover_ratio": 0.8,
            "account_receivable_turnover_ratio": 1.35,
            "reinvestment_rate": null,
            "research_to_sale_ratio": 30.93,
            "price_fair": 0.48,
            "eps_avg_yearly": 0.16,
            "eps_latest_yearly": 0.16,
            "eps_growth_yearly": -200
        },
        "20201": {
            "year_quarter": 20201,
            "year": 2020,
            "quarter": 1,
            "eps": -0.06,
            "eps_growth_year": null,
            "eps_4q": 0.04,
            "eps_4q_growth_year": null,
            "roe": -0.57,
            "roe_4q": 0.4000000000000001,
            "gross_profit": 38454,
            "gross_margin": 49.46,
            "gross_margin_4q_avg": 49.07,
            "net_income": -5155,
            "net_income_4q": null,
            "revenue": 77742,
            "revenue_4q": null,
            "common_shares": 823689,
            "book_valuer_per_share": 10.91,
            "book_valuer_per_share_4q_avg": 10.86,
            "equity": 896085,
            "current_ratio": 835.21,
            "debt_ratio": 11.47,
            "inventory_turnover_ratio": 0.63,
            "account_receivable_turnover_ratio": 1.37,
            "reinvestment_rate": null,
            "research_to_sale_ratio": 38.39,
            "price_fair": 0.48,
            "eps_avg_yearly": 0.16,
            "eps_latest_yearly": 0.16,
            "eps_growth_yearly": -200
        },
        "20202": {
            "year_quarter": 20202,
            "year": 2020,
            "quarter": 2,
            "eps": 0.07,
            "eps_growth_year": -12.5,
            "eps_4q": 0.03,
            "eps_4q_growth_year": null,
            "roe": 0.65,
            "roe_4q": 0.28,
            "gross_profit": 49880,
            "gross_margin": 50.53,
            "gross_margin_4q_avg": 49.52,
            "net_income": 5796,
            "net_income_4q": null,
            "revenue": 98712,
            "revenue_4q": null,
            "common_shares": 796099,
            "book_valuer_per_share": 11.22,
            "book_valuer_per_share_4q_avg": 11.02,
            "equity": 893294,
            "current_ratio": 845.79,
            "debt_ratio": 11.2,
            "inventory_turnover_ratio": 0.69,
            "account_receivable_turnover_ratio": 1.64,
            "reinvestment_rate": null,
            "research_to_sale_ratio": 27.82,
            "price_fair": 0.48,
            "eps_avg_yearly": 0.16,
            "eps_latest_yearly": 0.16,
            "eps_growth_yearly": -200
        },
        "20203": {
            "year_quarter": 20203,
            "year": 2020,
            "quarter": 3,
            "eps": 0.05,
            "eps_growth_year": 25,
            "eps_4q": 0.04,
            "eps_4q_growth_year": null,
            "roe": 0.47,
            "roe_4q": 0.3400000000000002,
            "gross_profit": 42500,
            "gross_margin": 44.44,
            "gross_margin_4q_avg": 48.72,
            "net_income": 4182,
            "net_income_4q": null,
            "revenue": 95644,
            "revenue_4q": null,
            "common_shares": 796099,
            "book_valuer_per_share": 11.2,
            "book_valuer_per_share_4q_avg": 11.11,
            "equity": 891782,
            "current_ratio": 795.91,
            "debt_ratio": 11.69,
            "inventory_turnover_ratio": 0.79,
            "account_receivable_turnover_ratio": 1.48,
            "reinvestment_rate": null,
            "research_to_sale_ratio": 28.79,
            "price_fair": 0.54,
            "eps_avg_yearly": 0.18,
            "eps_latest_yearly": 0.2,
            "eps_growth_yearly": -157.14
        },
        "20204": {
            "year_quarter": 20204,
            "year": 2020,
            "quarter": 4,
            "eps": 0.05,
            "eps_growth_year": null,
            "eps_4q": 0.11,
            "eps_4q_growth_year": 174.7,
            "roe": 0.45,
            "roe_4q": 0.9999999999999999,
            "gross_profit": 45837,
            "gross_margin": 45.05,
            "gross_margin_4q_avg": 47.37,
            "net_income": 4018,
            "net_income_4q": null,
            "revenue": 101756,
            "revenue_4q": null,
            "common_shares": 796099,
            "book_valuer_per_share": 11.28,
            "book_valuer_per_share_4q_avg": 11.15,
            "equity": 898003,
            "current_ratio": 745.57,
            "debt_ratio": 12.02,
            "inventory_turnover_ratio": 0.89,
            "account_receivable_turnover_ratio": 1.62,
            "reinvestment_rate": null,
            "research_to_sale_ratio": 24.99,
            "price_fair": 0.56,
            "eps_avg_yearly": 0.19,
            "eps_latest_yearly": 0.2,
            "eps_growth_yearly": -104.76
        },
        "20211": {
            "year_quarter": 20211,
            "year": 2021,
            "quarter": 1,
            "eps": 0.2,
            "eps_growth_year": null,
            "eps_4q": 0.38,
            "eps_4q_growth_year": 843.75,
            "roe": 1.77,
            "roe_4q": 3.3400000000000003,
            "gross_profit": 50486,
            "gross_margin": 44.57,
            "gross_margin_4q_avg": 46.15,
            "net_income": 16113,
            "net_income_4q": null,
            "revenue": 113278,
            "revenue_4q": null,
            "common_shares": 796099,
            "book_valuer_per_share": 11.6,
            "book_valuer_per_share_4q_avg": 11.33,
            "equity": 923605,
            "current_ratio": 881.29,
            "debt_ratio": 10.68,
            "inventory_turnover_ratio": 1.06,
            "account_receivable_turnover_ratio": 1.74,
            "reinvestment_rate": null,
            "research_to_sale_ratio": 18.16,
            "price_fair": 11.9,
            "eps_avg_yearly": 0.34,
            "eps_latest_yearly": 0.8,
            "eps_growth_yearly": 221.43
        },
        "20212": {
            "year_quarter": 20212,
            "year": 2021,
            "quarter": 2,
            "eps": 0.12,
            "eps_growth_year": 71.43,
            "eps_4q": 0.42,
            "eps_4q_growth_year": 1279.05,
            "roe": 0.97,
            "roe_4q": 3.66,
            "gross_profit": 47636,
            "gross_margin": 45.04,
            "gross_margin_4q_avg": 44.78,
            "net_income": 9074,
            "net_income_4q": null,
            "revenue": 105755,
            "revenue_4q": null,
            "common_shares": 796099,
            "book_valuer_per_share": 11.83,
            "book_valuer_per_share_4q_avg": 11.48,
            "equity": 941760,
            "current_ratio": 808.46,
            "debt_ratio": 11.17,
            "inventory_turnover_ratio": 0.98,
            "account_receivable_turnover_ratio": 1.58,
            "reinvestment_rate": null,
            "research_to_sale_ratio": 20.04,
            "price_fair": 12.88,
            "eps_avg_yearly": 0.37,
            "eps_latest_yearly": 0.48,
            "eps_growth_yearly": 145.14
        },
        "20213": {
            "year_quarter": 20213,
            "year": 2021,
            "quarter": 3,
            "eps": 0.27,
            "eps_growth_year": 440,
            "eps_4q": 0.64,
            "eps_4q_growth_year": 1634.2,
            "roe": 2.33,
            "roe_4q": 5.5200000000000005,
            "gross_profit": 55385,
            "gross_margin": 46.6,
            "gross_margin_4q_avg": 45.32,
            "net_income": 22058,
            "net_income_4q": null,
            "revenue": 118864,
            "revenue_4q": null,
            "common_shares": 796099,
            "book_valuer_per_share": 12,
            "book_valuer_per_share_4q_avg": 11.68,
            "equity": 955423,
            "current_ratio": 643.09,
            "debt_ratio": 12.91,
            "inventory_turnover_ratio": 0.94,
            "account_receivable_turnover_ratio": 1.77,
            "reinvestment_rate": -405.76,
            "research_to_sale_ratio": 18.62,
            "price_fair": 17.03,
            "eps_avg_yearly": 0.49,
            "eps_latest_yearly": 1.08,
            "eps_growth_yearly": 204.29
        },
        "20214": {
            "year_quarter": 20214,
            "year": 2021,
            "quarter": 4,
            "eps": 0.16,
            "eps_growth_year": 219.76,
            "eps_4q": 0.75,
            "eps_4q_growth_year": 579.71,
            "roe": 1.32,
            "roe_4q": 6.390000000000001,
            "gross_profit": 52638,
            "gross_margin": 47.62,
            "gross_margin_4q_avg": 45.96,
            "net_income": 12848,
            "net_income_4q": null,
            "revenue": 110549,
            "revenue_4q": null,
            "common_shares": 796099,
            "book_valuer_per_share": 12.43,
            "book_valuer_per_share_4q_avg": 11.97,
            "equity": 989238,
            "current_ratio": 718.78,
            "debt_ratio": 11.72,
            "inventory_turnover_ratio": 0.72,
            "account_receivable_turnover_ratio": 1.72,
            "reinvestment_rate": -237.9,
            "research_to_sale_ratio": 21,
            "price_fair": 17.8,
            "eps_avg_yearly": 0.51,
            "eps_latest_yearly": 0.64,
            "eps_growth_yearly": 151.82
        },
        "20221": {
            "year_quarter": 20221,
            "year": 2022,
            "quarter": 1,
            "eps": 0.17,
            "eps_growth_year": -15,
            "eps_4q": 0.72,
            "eps_4q_growth_year": 89.95,
            "roe": 1.32,
            "roe_4q": 5.94,
            "gross_profit": 46669,
            "gross_margin": 45.67,
            "gross_margin_4q_avg": 46.23,
            "net_income": 13211,
            "net_income_4q": null,
            "revenue": 102185,
            "revenue_4q": null,
            "common_shares": 796099,
            "book_valuer_per_share": 12.74,
            "book_valuer_per_share_4q_avg": 12.25,
            "equity": 1014122,
            "current_ratio": 814.85,
            "debt_ratio": 10.66,
            "inventory_turnover_ratio": 0.58,
            "account_receivable_turnover_ratio": 1.94,
            "reinvestment_rate": -24.49,
            "research_to_sale_ratio": 21.05,
            "price_fair": 18.55,
            "eps_avg_yearly": 0.53,
            "eps_latest_yearly": 0.68,
            "eps_growth_yearly": 135.97
        },
        "20222": {
            "year_quarter": 20222,
            "year": 2022,
            "quarter": 2,
            "eps": 0.15,
            "eps_growth_year": 25,
            "eps_4q": 0.75,
            "eps_4q_growth_year": 79.84,
            "roe": 1.19,
            "roe_4q": 6.16,
            "gross_profit": 47029,
            "gross_margin": 40.38,
            "gross_margin_4q_avg": 45.07,
            "net_income": 11925,
            "net_income_4q": null,
            "revenue": 116474,
            "revenue_4q": null,
            "common_shares": 796099,
            "book_valuer_per_share": 12.53,
            "book_valuer_per_share_4q_avg": 12.43,
            "equity": 997713,
            "current_ratio": 734.41,
            "debt_ratio": 11.84,
            "inventory_turnover_ratio": 0.64,
            "account_receivable_turnover_ratio": 2.17,
            "reinvestment_rate": -16.78,
            "research_to_sale_ratio": 19.81,
            "price_fair": 18.82,
            "eps_avg_yearly": 0.54,
            "eps_latest_yearly": 0.6,
            "eps_growth_yearly": 115.63
        },
        "20223": {
            "year_quarter": 20223,
            "year": 2022,
            "quarter": 3,
            "eps": 0.21,
            "eps_growth_year": -22.22,
            "eps_4q": 0.69,
            "eps_4q_growth_year": 6.63,
            "roe": 1.65,
            "roe_4q": 5.48,
            "gross_profit": 40381,
            "gross_margin": 36.44,
            "gross_margin_4q_avg": 42.53,
            "net_income": 16678,
            "net_income_4q": null,
            "revenue": 110813,
            "revenue_4q": null,
            "common_shares": 796099,
            "book_valuer_per_share": 12.85,
            "book_valuer_per_share_4q_avg": 12.64,
            "equity": 1023137,
            "current_ratio": 699.36,
            "debt_ratio": 12.25,
            "inventory_turnover_ratio": 0.62,
            "account_receivable_turnover_ratio": 1.83,
            "reinvestment_rate": -12.13,
            "research_to_sale_ratio": 24.19,
            "price_fair": 19.88,
            "eps_avg_yearly": 0.57,
            "eps_latest_yearly": 0.84,
            "eps_growth_yearly": 120.07
        },
        "20224": {
            "year_quarter": 20224,
            "year": 2022,
            "quarter": 4,
            "eps": -0.02,
            "eps_growth_year": -113.8,
            "eps_4q": 0.5,
            "eps_4q_growth_year": -33.37,
            "roe": -0.17,
            "roe_4q": 3.99,
            "gross_profit": 41623,
            "gross_margin": 38.24,
            "gross_margin_4q_avg": 40.18,
            "net_income": -1773,
            "net_income_4q": null,
            "revenue": 108851,
            "revenue_4q": null,
            "common_shares": 796099,
            "book_valuer_per_share": 13.14,
            "book_valuer_per_share_4q_avg": 12.82,
            "equity": 1046200,
            "current_ratio": 770.96,
            "debt_ratio": 11.2,
            "inventory_turnover_ratio": 0.58,
            "account_receivable_turnover_ratio": 2.03,
            "reinvestment_rate": -8.02,
            "research_to_sale_ratio": 23.21,
            "price_fair": 19.88,
            "eps_avg_yearly": 0.57,
            "eps_latest_yearly": 0.84,
            "eps_growth_yearly": 120.07
        },
        "20231": {
            "year_quarter": 20231,
            "year": 2023,
            "quarter": 1,
            "eps": -0.07,
            "eps_growth_year": -141.18,
            "eps_4q": 0.27,
            "eps_4q_growth_year": -62.66,
            "roe": -0.51,
            "roe_4q": 2.1599999999999997,
            "gross_profit": 31310,
            "gross_margin": 36.99,
            "gross_margin_4q_avg": 38.01,
            "net_income": -5475,
            "net_income_4q": null,
            "revenue": 84650,
            "revenue_4q": null,
            "common_shares": 796099,
            "book_valuer_per_share": 13.93,
            "book_valuer_per_share_4q_avg": 13.11,
            "equity": 1108904,
            "current_ratio": 643.8,
            "debt_ratio": 11.26,
            "inventory_turnover_ratio": 0.5,
            "account_receivable_turnover_ratio": 1.88,
            "reinvestment_rate": -6.72,
            "research_to_sale_ratio": 27.69,
            "price_fair": 19.88,
            "eps_avg_yearly": 0.57,
            "eps_latest_yearly": 0.84,
            "eps_growth_yearly": 120.07
        },
        "20232": {
            "year_quarter": 20232,
            "year": 2023,
            "quarter": 2,
            "eps": 0.01,
            "eps_growth_year": -93.33,
            "eps_4q": 0.13,
            "eps_4q_growth_year": -82.98,
            "roe": 0.07,
            "roe_4q": 1.04,
            "gross_profit": 37687,
            "gross_margin": 35.52,
            "gross_margin_4q_avg": 36.8,
            "net_income": 787,
            "net_income_4q": null,
            "revenue": 106104,
            "revenue_4q": null,
            "common_shares": 796099,
            "book_valuer_per_share": 14.06,
            "book_valuer_per_share_4q_avg": 13.5,
            "equity": 1119220,
            "current_ratio": 559.36,
            "debt_ratio": 12.55,
            "inventory_turnover_ratio": 0.71,
            "account_receivable_turnover_ratio": 2.44,
            "reinvestment_rate": -6.65,
            "research_to_sale_ratio": 23.49,
            "price_fair": 19.88,
            "eps_avg_yearly": 0.57,
            "eps_latest_yearly": 0.84,
            "eps_growth_yearly": 120.07
        },
        "20233": {
            "year_quarter": 20233,
            "year": 2023,
            "quarter": 3,
            "eps": 0.14,
            "eps_growth_year": -33.33,
            "eps_4q": 0.05,
            "eps_4q_growth_year": -92,
            "roe": 0.97,
            "roe_4q": 0.36,
            "gross_profit": 33000,
            "gross_margin": 40.64,
            "gross_margin_4q_avg": 37.85,
            "net_income": 10832,
            "net_income_4q": null,
            "revenue": 81209,
            "revenue_4q": null,
            "common_shares": 796099,
            "book_valuer_per_share": 13.95,
            "book_valuer_per_share_4q_avg": 13.77,
            "equity": 1110245,
            "current_ratio": 916.57,
            "debt_ratio": 8.9,
            "inventory_turnover_ratio": 0.52,
            "account_receivable_turnover_ratio": 1.92,
            "reinvestment_rate": -7.11,
            "research_to_sale_ratio": 30.65,
            "price_fair": 21.28,
            "eps_avg_yearly": 0.61,
            "eps_latest_yearly": 0.56,
            "eps_growth_yearly": 660.07
        },
        "20234": {
            "year_quarter": 20234,
            "year": 2023,
            "quarter": 4,
            "eps": -0.04,
            "eps_growth_year": null,
            "eps_4q": 0.04,
            "eps_4q_growth_year": -92.82,
            "roe": -0.3,
            "roe_4q": 0.22999999999999998,
            "gross_profit": 36424,
            "gross_margin": 41.13,
            "gross_margin_4q_avg": 38.57,
            "net_income": -3252,
            "net_income_4q": null,
            "revenue": 88559,
            "revenue_4q": null,
            "common_shares": 796099,
            "book_valuer_per_share": 13.69,
            "book_valuer_per_share_4q_avg": 13.91,
            "equity": 1091718,
            "current_ratio": 929.06,
            "debt_ratio": 8.95,
            "inventory_turnover_ratio": 0.62,
            "account_receivable_turnover_ratio": 2.13,
            "reinvestment_rate": -7.24,
            "research_to_sale_ratio": 27.5,
            "price_fair": 21.28,
            "eps_avg_yearly": 0.61,
            "eps_latest_yearly": 0.56,
            "eps_growth_yearly": 660.07
        }
    },
    "months": {
        "2003-02": {
            "month": "2003-02",
            "price": "81.33",
            "revenue": 50254
        },
        "2003-03": {
            "month": "2003-03",
            "price": "76.60",
            "revenue": 64134
        },
        "2003-04": {
            "month": "2003-04",
            "price": "78.43",
            "revenue": 68016
        },
        "2003-05": {
            "month": "2003-05",
            "price": "78.36",
            "revenue": 73661
        },
        "2003-06": {
            "month": "2003-06",
            "price": "90.48",
            "revenue": 76794
        },
        "2003-07": {
            "month": "2003-07",
            "price": "93.93",
            "revenue": 77874
        },
        "2003-08": {
            "month": "2003-08",
            "price": "96.05",
            "revenue": 80035
        },
        "2003-09": {
            "month": "2003-09",
            "price": "95.90",
            "revenue": 86997
        },
        "2003-10": {
            "month": "2003-10",
            "price": "78.45",
            "revenue": 98889
        },
        "2003-11": {
            "month": "2003-11",
            "price": "81.90",
            "revenue": 108532
        },
        "2003-12": {
            "month": "2003-12",
            "price": "103.63",
            "revenue": 112405
        },
        "2004-01": {
            "month": "2004-01",
            "price": "135.20",
            "revenue": 106651
        },
        "2004-02": {
            "month": "2004-02",
            "price": "150.08",
            "revenue": 120597
        },
        "2004-03": {
            "month": "2004-03",
            "price": "154.93",
            "revenue": 128665
        },
        "2004-04": {
            "month": "2004-04",
            "price": "162.36",
            "revenue": 130315
        },
        "2004-05": {
            "month": "2004-05",
            "price": "156.38",
            "revenue": 134646
        },
        "2004-06": {
            "month": "2004-06",
            "price": "147.48",
            "revenue": 100839
        },
        "2004-07": {
            "month": "2004-07",
            "price": "100.20",
            "revenue": 84467
        },
        "2004-08": {
            "month": "2004-08",
            "price": "71.25",
            "revenue": 85633
        },
        "2004-09": {
            "month": "2004-09",
            "price": "71.93",
            "revenue": 80745
        },
        "2004-10": {
            "month": "2004-10",
            "price": "61.52",
            "revenue": 90958
        },
        "2004-11": {
            "month": "2004-11",
            "price": "58.98",
            "revenue": 119609
        },
        "2004-12": {
            "month": "2004-12",
            "price": "62.11",
            "revenue": 130106
        },
        "2005-01": {
            "month": "2005-01",
            "price": "58.93",
            "revenue": 115988
        },
        "2005-02": {
            "month": "2005-02",
            "price": "66.50",
            "revenue": 91749
        },
        "2005-03": {
            "month": "2005-03",
            "price": "79.27",
            "revenue": 104454
        },
        "2005-04": {
            "month": "2005-04",
            "price": "73.99",
            "revenue": 104812
        },
        "2005-05": {
            "month": "2005-05",
            "price": "69.34",
            "revenue": 91295
        },
        "2005-06": {
            "month": "2005-06",
            "price": "72.84",
            "revenue": 83657
        },
        "2005-07": {
            "month": "2005-07",
            "price": "70.02",
            "revenue": 83263
        },
        "2005-08": {
            "month": "2005-08",
            "price": "40.44",
            "revenue": 77158
        },
        "2005-09": {
            "month": "2005-09",
            "price": "31.12",
            "revenue": 93233
        },
        "2005-10": {
            "month": "2005-10",
            "price": "29.82",
            "revenue": 101545
        },
        "2005-11": {
            "month": "2005-11",
            "price": "28.99",
            "revenue": 93149
        },
        "2005-12": {
            "month": "2005-12",
            "price": "32.10",
            "revenue": 107579
        },
        "2006-01": {
            "month": "2006-01",
            "price": "32.01",
            "revenue": 64546
        },
        "2006-02": {
            "month": "2006-02",
            "price": "26.23",
            "revenue": 77691
        },
        "2006-03": {
            "month": "2006-03",
            "price": "24.10",
            "revenue": 90498
        },
        "2006-04": {
            "month": "2006-04",
            "price": "26.53",
            "revenue": 84742
        },
        "2006-05": {
            "month": "2006-05",
            "price": "23.93",
            "revenue": 80619
        },
        "2006-06": {
            "month": "2006-06",
            "price": "19.74",
            "revenue": 84389
        },
        "2006-07": {
            "month": "2006-07",
            "price": "17.31",
            "revenue": 70702
        },
        "2006-08": {
            "month": "2006-08",
            "price": "16.82",
            "revenue": 60811
        },
        "2006-09": {
            "month": "2006-09",
            "price": "14.76",
            "revenue": 74286
        },
        "2006-10": {
            "month": "2006-10",
            "price": "16.02",
            "revenue": 90520
        },
        "2006-11": {
            "month": "2006-11",
            "price": "23.09",
            "revenue": 92226
        },
        "2006-12": {
            "month": "2006-12",
            "price": "38.00",
            "revenue": 93883
        },
        "2007-01": {
            "month": "2007-01",
            "price": "45.34",
            "revenue": 106928
        },
        "2007-02": {
            "month": "2007-02",
            "price": "40.17",
            "revenue": 72773
        },
        "2007-03": {
            "month": "2007-03",
            "price": "41.52",
            "revenue": 82027
        },
        "2007-04": {
            "month": "2007-04",
            "price": "34.76",
            "revenue": 67977
        },
        "2007-05": {
            "month": "2007-05",
            "price": "34.66",
            "revenue": 60048
        },
        "2007-06": {
            "month": "2007-06",
            "price": "41.26",
            "revenue": 50558
        },
        "2007-07": {
            "month": "2007-07",
            "price": "60.52",
            "revenue": 49958
        },
        "2007-08": {
            "month": "2007-08",
            "price": "68.20",
            "revenue": 65109
        },
        "2007-09": {
            "month": "2007-09",
            "price": "65.11",
            "revenue": 70188
        },
        "2007-10": {
            "month": "2007-10",
            "price": "62.14",
            "revenue": 61111
        },
        "2007-11": {
            "month": "2007-11",
            "price": "43.47",
            "revenue": 59819
        },
        "2007-12": {
            "month": "2007-12",
            "price": "30.00",
            "revenue": 50979
        },
        "2008-01": {
            "month": "2008-01",
            "price": "31.42",
            "revenue": 37951
        },
        "2008-02": {
            "month": "2008-02",
            "price": "27.69",
            "revenue": 30171
        },
        "2008-03": {
            "month": "2008-03",
            "price": "31.39",
            "revenue": 41401
        },
        "2008-04": {
            "month": "2008-04",
            "price": "40.60",
            "revenue": 46947
        },
        "2008-05": {
            "month": "2008-05",
            "price": "40.33",
            "revenue": 41816
        },
        "2008-06": {
            "month": "2008-06",
            "price": "32.19",
            "revenue": 62691
        },
        "2008-07": {
            "month": "2008-07",
            "price": "30.12",
            "revenue": 52130
        },
        "2008-08": {
            "month": "2008-08",
            "price": "27.58",
            "revenue": 51507
        },
        "2008-09": {
            "month": "2008-09",
            "price": "19.02",
            "revenue": 50893
        },
        "2008-10": {
            "month": "2008-10",
            "price": "14.00",
            "revenue": 54370
        },
        "2008-11": {
            "month": "2008-11",
            "price": "12.47",
            "revenue": 50432
        },
        "2008-12": {
            "month": "2008-12",
            "price": "12.90",
            "revenue": 32560
        },
        "2009-01": {
            "month": "2009-01",
            "price": "13.66",
            "revenue": 32738
        },
        "2009-02": {
            "month": "2009-02",
            "price": "14.03",
            "revenue": 43261
        },
        "2009-03": {
            "month": "2009-03",
            "price": "17.61",
            "revenue": 41641
        },
        "2009-04": {
            "month": "2009-04",
            "price": "18.93",
            "revenue": 41516
        },
        "2009-05": {
            "month": "2009-05",
            "price": "20.16",
            "revenue": 44730
        },
        "2009-06": {
            "month": "2009-06",
            "price": "19.94",
            "revenue": 46034
        },
        "2009-07": {
            "month": "2009-07",
            "price": "23.33",
            "revenue": 52807
        },
        "2009-08": {
            "month": "2009-08",
            "price": "33.62",
            "revenue": 49168
        },
        "2009-09": {
            "month": "2009-09",
            "price": "36.05",
            "revenue": 46029
        },
        "2009-10": {
            "month": "2009-10",
            "price": "34.22",
            "revenue": 40119
        },
        "2009-11": {
            "month": "2009-11",
            "price": "31.93",
            "revenue": 38558
        },
        "2009-12": {
            "month": "2009-12",
            "price": "45.16",
            "revenue": 39007
        },
        "2010-01": {
            "month": "2010-01",
            "price": "42.67",
            "revenue": 44684
        },
        "2010-02": {
            "month": "2010-02",
            "price": "37.24",
            "revenue": 42606
        },
        "2010-03": {
            "month": "2010-03",
            "price": "40.26",
            "revenue": 44773
        },
        "2010-04": {
            "month": "2010-04",
            "price": "40.95",
            "revenue": 52831
        },
        "2010-05": {
            "month": "2010-05",
            "price": "34.06",
            "revenue": 57264
        },
        "2010-06": {
            "month": "2010-06",
            "price": "39.93",
            "revenue": 62869
        },
        "2010-07": {
            "month": "2010-07",
            "price": "43.50",
            "revenue": 62834
        },
        "2010-08": {
            "month": "2010-08",
            "price": "42.86",
            "revenue": 74421
        },
        "2010-09": {
            "month": "2010-09",
            "price": "47.60",
            "revenue": 65843
        },
        "2010-10": {
            "month": "2010-10",
            "price": "44.53",
            "revenue": 56662
        },
        "2010-11": {
            "month": "2010-11",
            "price": "41.83",
            "revenue": 52549
        },
        "2010-12": {
            "month": "2010-12",
            "price": "42.07",
            "revenue": 52341
        },
        "2011-01": {
            "month": "2011-01",
            "price": "40.84",
            "revenue": 65582
        },
        "2011-02": {
            "month": "2011-02",
            "price": "34.59",
            "revenue": 57536
        },
        "2011-03": {
            "month": "2011-03",
            "price": "32.08",
            "revenue": 69501
        },
        "2011-04": {
            "month": "2011-04",
            "price": "32.33",
            "revenue": 64471
        },
        "2011-05": {
            "month": "2011-05",
            "price": "32.80",
            "revenue": 75714
        },
        "2011-06": {
            "month": "2011-06",
            "price": "32.73",
            "revenue": 57020
        },
        "2011-07": {
            "month": "2011-07",
            "price": "26.90",
            "revenue": 57824
        },
        "2011-08": {
            "month": "2011-08",
            "price": "19.42",
            "revenue": 55300
        },
        "2011-09": {
            "month": "2011-09",
            "price": "19.21",
            "revenue": 48661
        },
        "2011-10": {
            "month": "2011-10",
            "price": "18.58",
            "revenue": 49586
        },
        "2011-11": {
            "month": "2011-11",
            "price": "16.33",
            "revenue": 48882
        },
        "2011-12": {
            "month": "2011-12",
            "price": "13.70",
            "revenue": 48365
        },
        "2012-01": {
            "month": "2012-01",
            "price": "14.71",
            "revenue": 38164
        },
        "2012-02": {
            "month": "2012-02",
            "price": "18.83",
            "revenue": 40592
        },
        "2012-03": {
            "month": "2012-03",
            "price": "17.91",
            "revenue": 45830
        },
        "2012-04": {
            "month": "2012-04",
            "price": "14.91",
            "revenue": 38080
        },
        "2012-05": {
            "month": "2012-05",
            "price": "14.08",
            "revenue": 39735
        },
        "2012-06": {
            "month": "2012-06",
            "price": "13.88",
            "revenue": 37401
        },
        "2012-07": {
            "month": "2012-07",
            "price": "13.61",
            "revenue": 40126
        },
        "2012-08": {
            "month": "2012-08",
            "price": "13.62",
            "revenue": 41089
        },
        "2012-09": {
            "month": "2012-09",
            "price": "14.01",
            "revenue": 34804
        },
        "2012-10": {
            "month": "2012-10",
            "price": "12.66",
            "revenue": 29012
        },
        "2012-11": {
            "month": "2012-11",
            "price": "11.98",
            "revenue": 30537
        },
        "2012-12": {
            "month": "2012-12",
            "price": "12.97",
            "revenue": 30884
        },
        "2013-01": {
            "month": "2013-01",
            "price": "14.02",
            "revenue": 24751
        },
        "2013-02": {
            "month": "2013-02",
            "price": "13.85",
            "revenue": 28774
        },
        "2013-03": {
            "month": "2013-03",
            "price": "14.45",
            "revenue": 38310
        },
        "2013-04": {
            "month": "2013-04",
            "price": "14.20",
            "revenue": 46338
        },
        "2013-05": {
            "month": "2013-05",
            "price": "14.40",
            "revenue": 35397
        },
        "2013-06": {
            "month": "2013-06",
            "price": "13.84",
            "revenue": 40803
        },
        "2013-07": {
            "month": "2013-07",
            "price": "12.56",
            "revenue": 40538
        },
        "2013-08": {
            "month": "2013-08",
            "price": "12.01",
            "revenue": 33343
        },
        "2013-09": {
            "month": "2013-09",
            "price": "12.26",
            "revenue": 33868
        },
        "2013-10": {
            "month": "2013-10",
            "price": "13.73",
            "revenue": 28239
        },
        "2013-11": {
            "month": "2013-11",
            "price": "14.33",
            "revenue": 26847
        },
        "2013-12": {
            "month": "2013-12",
            "price": "15.66",
            "revenue": 28251
        },
        "2014-01": {
            "month": "2014-01",
            "price": "18.45",
            "revenue": 32121
        },
        "2014-02": {
            "month": "2014-02",
            "price": "21.12",
            "revenue": 22335
        },
        "2014-03": {
            "month": "2014-03",
            "price": "20.95",
            "revenue": 26912
        },
        "2014-04": {
            "month": "2014-04",
            "price": "20.97",
            "revenue": 33236
        },
        "2014-05": {
            "month": "2014-05",
            "price": "20.77",
            "revenue": 30508
        },
        "2014-06": {
            "month": "2014-06",
            "price": "21.96",
            "revenue": 26586
        },
        "2014-07": {
            "month": "2014-07",
            "price": "22.94",
            "revenue": 23459
        },
        "2014-08": {
            "month": "2014-08",
            "price": "18.74",
            "revenue": 25531
        },
        "2014-09": {
            "month": "2014-09",
            "price": "18.41",
            "revenue": 28840
        },
        "2014-10": {
            "month": "2014-10",
            "price": "15.02",
            "revenue": 26313
        },
        "2014-11": {
            "month": "2014-11",
            "price": "13.90",
            "revenue": 25950
        },
        "2014-12": {
            "month": "2014-12",
            "price": "15.85",
            "revenue": 27418
        },
        "2015-01": {
            "month": "2015-01",
            "price": "17.13",
            "revenue": 30124
        },
        "2015-02": {
            "month": "2015-02",
            "price": "16.52",
            "revenue": 24466
        },
        "2015-03": {
            "month": "2015-03",
            "price": "17.18",
            "revenue": 27355
        },
        "2015-04": {
            "month": "2015-04",
            "price": "17.66",
            "revenue": 40285
        },
        "2015-05": {
            "month": "2015-05",
            "price": "16.63",
            "revenue": 36357
        },
        "2015-06": {
            "month": "2015-06",
            "price": "13.62",
            "revenue": 39115
        },
        "2015-07": {
            "month": "2015-07",
            "price": "13.88",
            "revenue": 38236
        },
        "2015-08": {
            "month": "2015-08",
            "price": "11.48",
            "revenue": 37271
        },
        "2015-09": {
            "month": "2015-09",
            "price": "11.40",
            "revenue": 49335
        },
        "2015-10": {
            "month": "2015-10",
            "price": "13.04",
            "revenue": 41969
        },
        "2015-11": {
            "month": "2015-11",
            "price": "12.89",
            "revenue": 40481
        },
        "2015-12": {
            "month": "2015-12",
            "price": "13.65",
            "revenue": 37696
        },
        "2016-01": {
            "month": "2016-01",
            "price": "12.36",
            "revenue": 34286
        },
        "2016-02": {
            "month": "2016-02",
            "price": "12.45",
            "revenue": 25006
        },
        "2016-03": {
            "month": "2016-03",
            "price": "12.97",
            "revenue": 40349
        },
        "2016-04": {
            "month": "2016-04",
            "price": "12.25",
            "revenue": 41149
        },
        "2016-05": {
            "month": "2016-05",
            "price": "11.10",
            "revenue": 44034
        },
        "2016-06": {
            "month": "2016-06",
            "price": "10.99",
            "revenue": 41464
        },
        "2016-07": {
            "month": "2016-07",
            "price": "11.39",
            "revenue": 42517
        },
        "2016-08": {
            "month": "2016-08",
            "price": "11.12",
            "revenue": 40894
        },
        "2016-09": {
            "month": "2016-09",
            "price": "10.71",
            "revenue": 42362
        },
        "2016-10": {
            "month": "2016-10",
            "price": "10.07",
            "revenue": 42093
        },
        "2016-11": {
            "month": "2016-11",
            "price": "8.78",
            "revenue": 40134
        },
        "2016-12": {
            "month": "2016-12",
            "price": "9.26",
            "revenue": 39183
        },
        "2017-01": {
            "month": "2017-01",
            "price": "9.47",
            "revenue": 26902
        },
        "2017-02": {
            "month": "2017-02",
            "price": "9.95",
            "revenue": 31536
        },
        "2017-03": {
            "month": "2017-03",
            "price": "9.84",
            "revenue": 36465
        },
        "2017-04": {
            "month": "2017-04",
            "price": "11.21",
            "revenue": 41114
        },
        "2017-05": {
            "month": "2017-05",
            "price": "11.06",
            "revenue": 36127
        },
        "2017-06": {
            "month": "2017-06",
            "price": "11.58",
            "revenue": 38675
        },
        "2017-07": {
            "month": "2017-07",
            "price": "11.33",
            "revenue": 37227
        },
        "2017-08": {
            "month": "2017-08",
            "price": "10.67",
            "revenue": 33300
        },
        "2017-09": {
            "month": "2017-09",
            "price": "10.91",
            "revenue": 32852
        },
        "2017-10": {
            "month": "2017-10",
            "price": "11.07",
            "revenue": 32516
        },
        "2017-11": {
            "month": "2017-11",
            "price": "11.12",
            "revenue": 39310
        },
        "2017-12": {
            "month": "2017-12",
            "price": "10.38",
            "revenue": 35786
        },
        "2018-01": {
            "month": "2018-01",
            "price": "10.49",
            "revenue": 35558
        },
        "2018-02": {
            "month": "2018-02",
            "price": "9.71",
            "revenue": 22232
        },
        "2018-03": {
            "month": "2018-03",
            "price": "9.84",
            "revenue": 36437
        },
        "2018-04": {
            "month": "2018-04",
            "price": "9.52",
            "revenue": 30645
        },
        "2018-05": {
            "month": "2018-05",
            "price": "9.27",
            "revenue": 34741
        },
        "2018-06": {
            "month": "2018-06",
            "price": "10.38",
            "revenue": 29438
        },
        "2018-07": {
            "month": "2018-07",
            "price": "9.58",
            "revenue": 26651
        },
        "2018-08": {
            "month": "2018-08",
            "price": "9.25",
            "revenue": 30367
        },
        "2018-09": {
            "month": "2018-09",
            "price": "9.00",
            "revenue": 30638
        },
        "2018-10": {
            "month": "2018-10",
            "price": "7.82",
            "revenue": 25111
        },
        "2018-11": {
            "month": "2018-11",
            "price": "7.02",
            "revenue": 32213
        },
        "2018-12": {
            "month": "2018-12",
            "price": "7.14",
            "revenue": 22091
        },
        "2019-01": {
            "month": "2019-01",
            "price": "7.58",
            "revenue": 26293
        },
        "2019-02": {
            "month": "2019-02",
            "price": "8.09",
            "revenue": 23100
        },
        "2019-03": {
            "month": "2019-03",
            "price": "8.07",
            "revenue": 32952
        },
        "2019-04": {
            "month": "2019-04",
            "price": "8.19",
            "revenue": 35549
        },
        "2019-05": {
            "month": "2019-05",
            "price": "7.48",
            "revenue": 33848
        },
        "2019-06": {
            "month": "2019-06",
            "price": "7.19",
            "revenue": 30517
        },
        "2019-07": {
            "month": "2019-07",
            "price": "7.72",
            "revenue": 31775
        },
        "2019-08": {
            "month": "2019-08",
            "price": "8.55",
            "revenue": 32591
        },
        "2019-09": {
            "month": "2019-09",
            "price": "12.35",
            "revenue": 29002
        },
        "2019-10": {
            "month": "2019-10",
            "price": "14.76",
            "revenue": 33034
        },
        "2019-11": {
            "month": "2019-11",
            "price": "15.45",
            "revenue": 29414
        },
        "2019-12": {
            "month": "2019-12",
            "price": "14.61",
            "revenue": 27073
        },
        "2020-01": {
            "month": "2020-01",
            "price": "13.22",
            "revenue": 22422
        },
        "2020-02": {
            "month": "2020-02",
            "price": "11.87",
            "revenue": 23806
        },
        "2020-03": {
            "month": "2020-03",
            "price": "8.65",
            "revenue": 31514
        },
        "2020-04": {
            "month": "2020-04",
            "price": "9.86",
            "revenue": 33503
        },
        "2020-05": {
            "month": "2020-05",
            "price": "10.96",
            "revenue": 30638
        },
        "2020-06": {
            "month": "2020-06",
            "price": "11.25",
            "revenue": 34571
        },
        "2020-07": {
            "month": "2020-07",
            "price": "15.01",
            "revenue": 28443
        },
        "2020-08": {
            "month": "2020-08",
            "price": "15.82",
            "revenue": 29513
        },
        "2020-09": {
            "month": "2020-09",
            "price": "20.97",
            "revenue": 37688
        },
        "2020-10": {
            "month": "2020-10",
            "price": "24.64",
            "revenue": 35707
        },
        "2020-11": {
            "month": "2020-11",
            "price": "27.50",
            "revenue": 35417
        },
        "2020-12": {
            "month": "2020-12",
            "price": "31.71",
            "revenue": 30632
        },
        "2021-01": {
            "month": "2021-01",
            "price": "36.50",
            "revenue": 40786
        },
        "2021-02": {
            "month": "2021-02",
            "price": "37.88",
            "revenue": 33860
        },
        "2021-03": {
            "month": "2021-03",
            "price": "38.10",
            "revenue": 38632
        },
        "2021-04": {
            "month": "2021-04",
            "price": "46.08",
            "revenue": 36909
        },
        "2021-05": {
            "month": "2021-05",
            "price": "34.95",
            "revenue": 32714
        },
        "2021-06": {
            "month": "2021-06",
            "price": "36.30",
            "revenue": 36132
        },
        "2021-07": {
            "month": "2021-07",
            "price": "45.07",
            "revenue": 37650
        },
        "2021-08": {
            "month": "2021-08",
            "price": "42.46",
            "revenue": 38972
        },
        "2021-09": {
            "month": "2021-09",
            "price": "40.84",
            "revenue": 42242
        },
        "2021-10": {
            "month": "2021-10",
            "price": "35.69",
            "revenue": 37643
        },
        "2021-11": {
            "month": "2021-11",
            "price": "37.79",
            "revenue": 36360
        },
        "2021-12": {
            "month": "2021-12",
            "price": "35.26",
            "revenue": 36546
        },
        "2022-01": {
            "month": "2022-01",
            "price": "32.56",
            "revenue": 35019
        },
        "2022-02": {
            "month": "2022-02",
            "price": "30.67",
            "revenue": 31477
        },
        "2022-03": {
            "month": "2022-03",
            "price": "28.97",
            "revenue": 35689
        },
        "2022-04": {
            "month": "2022-04",
            "price": "25.21",
            "revenue": 38759
        },
        "2022-05": {
            "month": "2022-05",
            "price": "23.27",
            "revenue": 38730
        },
        "2022-06": {
            "month": "2022-06",
            "price": "26.19",
            "revenue": 38985
        },
        "2022-07": {
            "month": "2022-07",
            "price": "22.86",
            "revenue": 37445
        },
        "2022-08": {
            "month": "2022-08",
            "price": "24.82",
            "revenue": 35870
        },
        "2022-09": {
            "month": "2022-09",
            "price": "23.20",
            "revenue": 37498
        },
        "2022-10": {
            "month": "2022-10",
            "price": "18.98",
            "revenue": 37037
        },
        "2022-11": {
            "month": "2022-11",
            "price": "20.77",
            "revenue": 37913
        },
        "2022-12": {
            "month": "2022-12",
            "price": "21.85",
            "revenue": 33901
        },
        "2023-01": {
            "month": "2023-01",
            "price": "22.01",
            "revenue": 25594
        },
        "2023-02": {
            "month": "2023-02",
            "price": "22.77",
            "revenue": 26814
        },
        "2023-03": {
            "month": "2023-03",
            "price": "25.48",
            "revenue": 32242
        },
        "2023-04": {
            "month": "2023-04",
            "price": "27.09",
            "revenue": 38979
        },
        "2023-05": {
            "month": "2023-05",
            "price": "27.08",
            "revenue": 33938
        },
        "2023-06": {
            "month": "2023-06",
            "price": "27.91",
            "revenue": 33187
        },
        "2023-07": {
            "month": "2023-07",
            "price": "26.06",
            "revenue": 28222
        },
        "2023-08": {
            "month": "2023-08",
            "price": "23.75",
            "revenue": 25312
        },
        "2023-09": {
            "month": "2023-09",
            "price": "24.20",
            "revenue": 27675
        },
        "2023-10": {
            "month": "2023-10",
            "price": "25.62",
            "revenue": 29187
        },
        "2023-11": {
            "month": "2023-11",
            "price": "28.32",
            "revenue": 30709
        },
        "2023-12": {
            "month": "2023-12",
            "price": "37.73",
            "revenue": 28663
        }
    }
}
