{
    "summary": {
        "stock_name": "高僑",
        "stock_id": "6234",
        "category": "光電",
        "main_business": "自動化輸送及倉儲設備<br>產業專業自動化機器及各類腔體組裝<br>精密微型鑽頭",
        "website_url": "http://www.teraauto.com.tw/",
        "ceo": "陳蓬萊",
        "pe_ratio": 22,
        "report_year_from": 2001,
        "report_year_to": 2023,
        "age": 23,
        "eps_negative_percentage": 13,
        "eps_growth_avg": {
            "last_all": 11.55,
            "last_2y": 7.55,
            "last_4y": 16.29,
            "last_8y": 31.43,
            "last_12y": 25.72,
            "last_16y": 0.84,
            "last_20y": 7.05,
            "at_2006_last_3y": 28.79,
            "at_2007_last_3y": -11.16,
            "at_2008_last_3y": -49.72,
            "at_2009_last_3y": -78.07,
            "at_2010_last_3y": -90.35,
            "at_2011_last_3y": -30.54,
            "at_2012_last_3y": -33.33,
            "at_2013_last_3y": 0,
            "at_2014_last_3y": 0,
            "at_2015_last_3y": 0,
            "at_2016_last_3y": 0.72,
            "at_2017_last_3y": 33.82,
            "at_2018_last_3y": 50.36,
            "at_2019_last_3y": 50.36,
            "at_2020_last_3y": 64.7,
            "at_2021_last_3y": 41.41,
            "at_2022_last_3y": 28.01,
            "at_2023_last_3y": -4.64,
            "at_2024_last_3y": -4.64,
            "at_2006_last_all": 41.52,
            "at_2007_last_all": 21.35,
            "at_2008_last_all": 5.22,
            "at_2009_last_all": -7.94,
            "at_2010_last_all": -7.94,
            "at_2011_last_all": 4.06,
            "at_2012_last_all": -6.35,
            "at_2013_last_all": -6.35,
            "at_2014_last_all": -6.35,
            "at_2015_last_all": 3.32,
            "at_2016_last_all": -5.17,
            "at_2017_last_all": 2.92,
            "at_2018_last_all": 9.85,
            "at_2019_last_all": 15.86,
            "at_2020_last_all": 12.3,
            "at_2021_last_all": 11.98,
            "at_2022_last_all": 13.89,
            "at_2023_last_all": 11.55,
            "at_2024_last_all": 11.55
        },
        "latest_eps": 1.27,
        "latest_price": 28.25,
        "latest_roe": 4.69,
        "latest_gross_margin": 23.02,
        "latest_equity": 2761880,
        "latest_revenue": 217414,
        "latest_gross_profit": 50041,
        "latest_net_income": 322,
        "latest_debt_ratio": 34.97,
        "latest_current_ratio": 188.45,
        "latest_account_receivable_turnover_ratio": 1.02,
        "latest_inventory_turnover_ratio": 0.31,
        "latest_reinvestment_rate": 1.47,
        "latest_research_to_sale_ratio": 0.08
    },
    "eps_dividends": {
        "2001": {
            "cash": 0,
            "stock": 0,
            "eps": 1.85
        },
        "2002": {
            "cash": 0,
            "stock": 0,
            "eps": 3.56
        },
        "2003": {
            "cash": 1,
            "stock": 1,
            "eps": 6.42
        },
        "2004": {
            "cash": 3.88,
            "stock": 0.97,
            "eps": 10.44
        },
        "2005": {
            "cash": 5.1,
            "stock": 1,
            "eps": 11.84
        },
        "2006": {
            "cash": 4,
            "stock": 1.02,
            "eps": 6.96
        },
        "2007": {
            "cash": 2.4,
            "stock": 0.4,
            "eps": 1.43
        },
        "2008": {
            "cash": 0.5,
            "stock": 0.5,
            "eps": 0.12
        },
        "2009": {
            "cash": 0.04,
            "stock": 0.04,
            "eps": -4.9
        },
        "2010": {
            "cash": 0,
            "stock": 0,
            "eps": 0.01
        },
        "2011": {
            "cash": 0,
            "stock": 0,
            "eps": 0.02
        },
        "2012": {
            "cash": 0.2,
            "stock": 0,
            "eps": -2.64
        },
        "2013": {
            "cash": 0.2,
            "stock": 0,
            "eps": -1.61
        },
        "2014": {
            "cash": 0.2,
            "stock": 0,
            "eps": 1.04
        },
        "2015": {
            "cash": 0.9,
            "stock": 0,
            "eps": 4.14
        },
        "2016": {
            "cash": 1,
            "stock": 3,
            "eps": 0.06
        },
        "2017": {
            "cash": 0.5,
            "stock": 0,
            "eps": 0.34
        },
        "2018": {
            "cash": 0.3,
            "stock": 0,
            "eps": 0.93
        },
        "2019": {
            "cash": 0.6,
            "stock": 0,
            "eps": 1.99
        },
        "2020": {
            "cash": 0.39,
            "stock": 0.81,
            "eps": 1.17
        },
        "2021": {
            "cash": 0.6,
            "stock": 0,
            "eps": 1.25
        },
        "2022": {
            "cash": 0.75,
            "stock": 0,
            "eps": 1.83
        },
        "2023": {
            "cash": 0.9,
            "stock": 0,
            "eps": 1.27
        },
        "2024": {
            "cash": 0.65,
            "stock": 0,
            "eps": 0
        }
    },
    "dividends": {
        "2003-03-28": {
            "cash": 1,
            "stock": 1
        },
        "2004-03-15": {
            "cash": 3.88,
            "stock": 0.97
        },
        "2005-04-24": {
            "cash": 5.1,
            "stock": 1
        },
        "2006-04-21": {
            "cash": 4,
            "stock": 1.02
        },
        "2007-03-27": {
            "cash": 2.4,
            "stock": 0.4
        },
        "2008-04-28": {
            "cash": 0.5,
            "stock": 0.5
        },
        "2009-06-19": {
            "cash": 0.04,
            "stock": 0.04
        },
        "2012-06-27": {
            "cash": 0.2,
            "stock": 0
        },
        "2013-06-25": {
            "cash": 0.2,
            "stock": 0
        },
        "2014-09-19": {
            "cash": 0.2,
            "stock": 0
        },
        "2015-09-08": {
            "cash": 0.9,
            "stock": 0
        },
        "2016-09-28": {
            "cash": 1,
            "stock": 3
        },
        "2017-09-11": {
            "cash": 0.5,
            "stock": 0
        },
        "2018-09-13": {
            "cash": 0.3,
            "stock": 0
        },
        "2019-09-27": {
            "cash": 0.6,
            "stock": 0
        },
        "2020-09-16": {
            "cash": 0.39,
            "stock": 0.81
        },
        "2021-09-24": {
            "cash": 0.6,
            "stock": 0
        },
        "2022-09-07": {
            "cash": 0.75,
            "stock": 0
        },
        "2023-09-27": {
            "cash": 0.9,
            "stock": 0
        },
        "2024-03-15": {
            "cash": 0.65,
            "stock": 0
        }
    },
    "prices": {
        "200101": "無",
        "200102": "無",
        "200103": "無",
        "200104": "無",
        "200105": "無",
        "200106": "無",
        "200107": "無",
        "200108": "無",
        "200109": "無",
        "200110": "無",
        "200111": "無",
        "200112": "無",
        "200201": "無",
        "200202": "無",
        "200203": "無",
        "200204": "無",
        "200205": "無",
        "200206": "無",
        "200207": "無",
        "200208": "無",
        "200209": "無",
        "200210": "無",
        "200211": "無",
        "200212": "無",
        "200301": "無",
        "200302": "無",
        "200303": "29.14",
        "200304": "29.90",
        "200305": "32.13",
        "200306": "38.92",
        "200307": "45.62",
        "200308": "62.76",
        "200309": "61.36",
        "200310": "59.30",
        "200311": "68.85",
        "200312": "80.93",
        "200401": "88.00",
        "200402": "84.30",
        "200403": "81.09",
        "200404": "88.57",
        "200405": "85.86",
        "200406": "80.00",
        "200407": "69.59",
        "200408": "66.72",
        "200409": "72.19",
        "200410": "76.15",
        "200411": "80.36",
        "200412": "79.09",
        "200501": "79.33",
        "200502": "97.23",
        "200503": "119.59",
        "200504": "118.42",
        "200505": "121.31",
        "200506": "117.25",
        "200507": "131.72",
        "200508": "130.00",
        "200509": "109.95",
        "200510": "104.66",
        "200511": "95.33",
        "200512": "101.90",
        "200601": "115.64",
        "200602": "122.35",
        "200603": "131.33",
        "200604": "127.21",
        "200605": "108.93",
        "200606": "85.58",
        "200607": "82.26",
        "200608": "80.60",
        "200609": "66.23",
        "200610": "63.56",
        "200611": "62.65",
        "200612": "68.36",
        "200701": "68.66",
        "200702": "64.16",
        "200703": "63.01",
        "200704": "59.98",
        "200705": "52.54",
        "200706": "54.46",
        "200707": "60.86",
        "200708": "52.83",
        "200709": "39.72",
        "200710": "39.80",
        "200711": "32.82",
        "200712": "29.39",
        "200801": "26.39",
        "200802": "25.36",
        "200803": "30.39",
        "200804": "32.92",
        "200805": "31.76",
        "200806": "27.50",
        "200807": "22.59",
        "200808": "22.15",
        "200809": "18.53",
        "200810": "16.39",
        "200811": "12.79",
        "200812": "10.77",
        "200901": "9.95",
        "200902": "10.42",
        "200903": "13.61",
        "200904": "16.35",
        "200905": "17.17",
        "200906": "16.31",
        "200907": "17.20",
        "200908": "16.76",
        "200909": "16.02",
        "200910": "17.78",
        "200911": "17.51",
        "200912": "26.05",
        "201001": "28.00",
        "201002": "25.98",
        "201003": "27.95",
        "201004": "27.12",
        "201005": "23.69",
        "201006": "21.88",
        "201007": "21.65",
        "201008": "20.52",
        "201009": "19.71",
        "201010": "19.69",
        "201011": "18.97",
        "201012": "20.40",
        "201101": "21.07",
        "201102": "24.75",
        "201103": "29.09",
        "201104": "28.88",
        "201105": "23.56",
        "201106": "22.08",
        "201107": "20.64",
        "201108": "16.60",
        "201109": "14.38",
        "201110": "14.17",
        "201111": "13.22",
        "201112": "11.44",
        "201201": "12.05",
        "201202": "14.58",
        "201203": "15.46",
        "201204": "13.83",
        "201205": "14.59",
        "201206": "13.95",
        "201207": "14.03",
        "201208": "13.71",
        "201209": "13.54",
        "201210": "12.24",
        "201211": "10.62",
        "201212": "11.95",
        "201301": "12.36",
        "201302": "12.14",
        "201303": "13.70",
        "201304": "13.46",
        "201305": "13.46",
        "201306": "14.35",
        "201307": "16.45",
        "201308": "16.84",
        "201309": "18.18",
        "201310": "17.81",
        "201311": "15.91",
        "201312": "16.55",
        "201401": "16.68",
        "201402": "18.10",
        "201403": "19.71",
        "201404": "18.71",
        "201405": "19.70",
        "201406": "23.18",
        "201407": "29.75",
        "201408": "31.99",
        "201409": "27.29",
        "201410": "29.00",
        "201411": "28.35",
        "201412": "28.91",
        "201501": "29.26",
        "201502": "29.12",
        "201503": "32.07",
        "201504": "32.26",
        "201505": "29.55",
        "201506": "25.46",
        "201507": "23.41",
        "201508": "19.83",
        "201509": "19.46",
        "201510": "20.79",
        "201511": "19.89",
        "201512": "18.79",
        "201601": "16.91",
        "201602": "17.74",
        "201603": "23.24",
        "201604": "27.32",
        "201605": "24.58",
        "201606": "25.45",
        "201607": "25.78",
        "201608": "25.71",
        "201609": "21.19",
        "201610": "17.98",
        "201611": "16.32",
        "201612": "16.38",
        "201701": "16.72",
        "201702": "18.31",
        "201703": "18.87",
        "201704": "17.39",
        "201705": "17.00",
        "201706": "19.95",
        "201707": "19.13",
        "201708": "19.43",
        "201709": "18.71",
        "201710": "18.24",
        "201711": "17.70",
        "201712": "16.63",
        "201801": "16.70",
        "201802": "16.27",
        "201803": "16.41",
        "201804": "16.16",
        "201805": "16.88",
        "201806": "18.39",
        "201807": "17.60",
        "201808": "17.40",
        "201809": "16.28",
        "201810": "16.24",
        "201811": "17.12",
        "201812": "17.72",
        "201901": "18.34",
        "201902": "19.82",
        "201903": "24.53",
        "201904": "24.44",
        "201905": "25.09",
        "201906": "26.66",
        "201907": "27.70",
        "201908": "25.38",
        "201909": "27.55",
        "201910": "27.75",
        "201911": "27.66",
        "201912": "30.70",
        "202001": "31.84",
        "202002": "29.11",
        "202003": "22.12",
        "202004": "21.56",
        "202005": "24.80",
        "202006": "26.24",
        "202007": "28.34",
        "202008": "26.92",
        "202009": "23.20",
        "202010": "21.64",
        "202011": "22.88",
        "202012": "22.25",
        "202101": "22.24",
        "202102": "22.95",
        "202103": "23.15",
        "202104": "23.41",
        "202105": "22.31",
        "202106": "23.24",
        "202107": "21.92",
        "202108": "21.08",
        "202109": "20.59",
        "202110": "20.33",
        "202111": "20.74",
        "202112": "20.90",
        "202201": "21.06",
        "202202": "20.34",
        "202203": "19.85",
        "202204": "20.33",
        "202205": "20.09",
        "202206": "19.69",
        "202207": "18.27",
        "202208": "19.00",
        "202209": "18.73",
        "202210": "17.68",
        "202211": "17.92",
        "202212": "22.72",
        "202301": "21.93",
        "202302": "22.53",
        "202303": "24.53",
        "202304": "29.39",
        "202305": "36.65",
        "202306": "33.28",
        "202307": "32.19",
        "202308": "32.25",
        "202309": "31.52",
        "202310": "28.57",
        "202311": "29.02",
        "202312": "27.63"
    },
    "quarters": {
        "20011": {
            "year_quarter": 20011,
            "year": 2001,
            "quarter": 1,
            "eps": null,
            "eps_growth_year": null,
            "eps_4q": null,
            "eps_4q_growth_year": null,
            "roe": null,
            "roe_4q": 0,
            "gross_profit": null,
            "gross_margin": null,
            "gross_margin_4q_avg": 0,
            "net_income": null,
            "net_income_4q": null,
            "revenue": null,
            "revenue_4q": null,
            "common_shares": null,
            "book_valuer_per_share": null,
            "book_valuer_per_share_4q_avg": 0,
            "equity": null,
            "current_ratio": null,
            "debt_ratio": null,
            "inventory_turnover_ratio": null,
            "account_receivable_turnover_ratio": null,
            "reinvestment_rate": null,
            "research_to_sale_ratio": null,
            "price_fair": 0,
            "eps_avg_yearly": 0,
            "eps_latest_yearly": 0,
            "eps_growth_yearly": 0
        },
        "20012": {
            "year_quarter": 20012,
            "year": 2001,
            "quarter": 2,
            "eps": null,
            "eps_growth_year": null,
            "eps_4q": null,
            "eps_4q_growth_year": null,
            "roe": null,
            "roe_4q": 0,
            "gross_profit": null,
            "gross_margin": null,
            "gross_margin_4q_avg": 0,
            "net_income": null,
            "net_income_4q": null,
            "revenue": null,
            "revenue_4q": null,
            "common_shares": null,
            "book_valuer_per_share": null,
            "book_valuer_per_share_4q_avg": 0,
            "equity": null,
            "current_ratio": null,
            "debt_ratio": null,
            "inventory_turnover_ratio": null,
            "account_receivable_turnover_ratio": null,
            "reinvestment_rate": null,
            "research_to_sale_ratio": null,
            "price_fair": 0,
            "eps_avg_yearly": 0,
            "eps_latest_yearly": 0,
            "eps_growth_yearly": 0
        },
        "20013": {
            "year_quarter": 20013,
            "year": 2001,
            "quarter": 3,
            "eps": 0.2,
            "eps_growth_year": null,
            "eps_4q": null,
            "eps_4q_growth_year": null,
            "roe": 1.51,
            "roe_4q": 1.51,
            "gross_profit": 18501,
            "gross_margin": 43.67,
            "gross_margin_4q_avg": 14.56,
            "net_income": 4830,
            "net_income_4q": null,
            "revenue": 42367,
            "revenue_4q": null,
            "common_shares": 236840,
            "book_valuer_per_share": 13.49,
            "book_valuer_per_share_4q_avg": 4.5,
            "equity": 319461,
            "current_ratio": 175.34,
            "debt_ratio": 51.4,
            "inventory_turnover_ratio": 0.1,
            "account_receivable_turnover_ratio": null,
            "reinvestment_rate": null,
            "research_to_sale_ratio": null,
            "price_fair": 0,
            "eps_avg_yearly": 0,
            "eps_latest_yearly": 0,
            "eps_growth_yearly": 0
        },
        "20014": {
            "year_quarter": 20014,
            "year": 2001,
            "quarter": 4,
            "eps": 1.65,
            "eps_growth_year": null,
            "eps_4q": null,
            "eps_4q_growth_year": null,
            "roe": 11.5,
            "roe_4q": 13.01,
            "gross_profit": 33951,
            "gross_margin": 30.11,
            "gross_margin_4q_avg": 18.45,
            "net_income": 38993,
            "net_income_4q": null,
            "revenue": 112756,
            "revenue_4q": null,
            "common_shares": 236840,
            "book_valuer_per_share": 15.13,
            "book_valuer_per_share_4q_avg": 7.16,
            "equity": 358454,
            "current_ratio": 194.1,
            "debt_ratio": 48.5,
            "inventory_turnover_ratio": 0.5,
            "account_receivable_turnover_ratio": null,
            "reinvestment_rate": null,
            "research_to_sale_ratio": null,
            "price_fair": 0,
            "eps_avg_yearly": 0,
            "eps_latest_yearly": 0,
            "eps_growth_yearly": 0
        },
        "20021": {
            "year_quarter": 20021,
            "year": 2002,
            "quarter": 1,
            "eps": 0.25,
            "eps_growth_year": null,
            "eps_4q": null,
            "eps_4q_growth_year": null,
            "roe": 1.96,
            "roe_4q": 14.97,
            "gross_profit": 12381,
            "gross_margin": 28.17,
            "gross_margin_4q_avg": 25.49,
            "net_income": 7107,
            "net_income_4q": null,
            "revenue": 43950,
            "revenue_4q": null,
            "common_shares": 236840,
            "book_valuer_per_share": 15.43,
            "book_valuer_per_share_4q_avg": 11.01,
            "equity": 365561,
            "current_ratio": 175.56,
            "debt_ratio": 50.26,
            "inventory_turnover_ratio": 0.31,
            "account_receivable_turnover_ratio": null,
            "reinvestment_rate": null,
            "research_to_sale_ratio": null,
            "price_fair": 3,
            "eps_avg_yearly": 1,
            "eps_latest_yearly": 1,
            "eps_growth_yearly": -339.39
        },
        "20022": {
            "year_quarter": 20022,
            "year": 2002,
            "quarter": 2,
            "eps": 0.79,
            "eps_growth_year": null,
            "eps_4q": 2.95,
            "eps_4q_growth_year": null,
            "roe": 5.01,
            "roe_4q": 19.98,
            "gross_profit": 42568,
            "gross_margin": 35.61,
            "gross_margin_4q_avg": 34.39,
            "net_income": 18638,
            "net_income_4q": null,
            "revenue": 119534,
            "revenue_4q": null,
            "common_shares": 281045,
            "book_valuer_per_share": 13.45,
            "book_valuer_per_share_4q_avg": 14.38,
            "equity": 377878,
            "current_ratio": 199.88,
            "debt_ratio": 44.07,
            "inventory_turnover_ratio": 0.71,
            "account_receivable_turnover_ratio": null,
            "reinvestment_rate": null,
            "research_to_sale_ratio": null,
            "price_fair": 72.8,
            "eps_avg_yearly": 2.08,
            "eps_latest_yearly": 3.16,
            "eps_growth_yearly": 262.3
        },
        "20023": {
            "year_quarter": 20023,
            "year": 2002,
            "quarter": 3,
            "eps": 0.81,
            "eps_growth_year": 305,
            "eps_4q": 3.54,
            "eps_4q_growth_year": null,
            "roe": 4.97,
            "roe_4q": 23.44,
            "gross_profit": 29859,
            "gross_margin": 36.11,
            "gross_margin_4q_avg": 32.5,
            "net_income": 19242,
            "net_income_4q": null,
            "revenue": 82682,
            "revenue_4q": null,
            "common_shares": 281045,
            "book_valuer_per_share": 14.13,
            "book_valuer_per_share_4q_avg": 14.54,
            "equity": 397119,
            "current_ratio": 182.77,
            "debt_ratio": 45.96,
            "inventory_turnover_ratio": 0.47,
            "account_receivable_turnover_ratio": null,
            "reinvestment_rate": null,
            "research_to_sale_ratio": null,
            "price_fair": 86.33,
            "eps_avg_yearly": 2.47,
            "eps_latest_yearly": 3.24,
            "eps_growth_yearly": 178.24
        },
        "20024": {
            "year_quarter": 20024,
            "year": 2002,
            "quarter": 4,
            "eps": 1.71,
            "eps_growth_year": 3.64,
            "eps_4q": 3.31,
            "eps_4q_growth_year": null,
            "roe": 11.44,
            "roe_4q": 23.380000000000003,
            "gross_profit": 73570,
            "gross_margin": 33.03,
            "gross_margin_4q_avg": 33.23,
            "net_income": 48173,
            "net_income_4q": null,
            "revenue": 222721,
            "revenue_4q": null,
            "common_shares": 281045,
            "book_valuer_per_share": 15.84,
            "book_valuer_per_share_4q_avg": 14.71,
            "equity": 445293,
            "current_ratio": 191.47,
            "debt_ratio": 41.9,
            "inventory_turnover_ratio": 1.21,
            "account_receivable_turnover_ratio": null,
            "reinvestment_rate": null,
            "research_to_sale_ratio": null,
            "price_fair": 124.6,
            "eps_avg_yearly": 3.56,
            "eps_latest_yearly": 6.84,
            "eps_growth_yearly": 244.79
        },
        "20031": {
            "year_quarter": 20031,
            "year": 2003,
            "quarter": 1,
            "eps": 1.05,
            "eps_growth_year": 320,
            "eps_4q": 4.11,
            "eps_4q_growth_year": null,
            "roe": 6.68,
            "roe_4q": 28.099999999999994,
            "gross_profit": 45029,
            "gross_margin": 35.83,
            "gross_margin_4q_avg": 35.15,
            "net_income": 29538,
            "net_income_4q": null,
            "revenue": 125661,
            "revenue_4q": null,
            "common_shares": 312495,
            "book_valuer_per_share": 14.06,
            "book_valuer_per_share_4q_avg": 14.37,
            "equity": 439367,
            "current_ratio": 169.55,
            "debt_ratio": 44.61,
            "inventory_turnover_ratio": 0.71,
            "account_receivable_turnover_ratio": null,
            "reinvestment_rate": null,
            "research_to_sale_ratio": null,
            "price_fair": 129.08,
            "eps_avg_yearly": 3.69,
            "eps_latest_yearly": 4.2,
            "eps_growth_yearly": 164.96
        },
        "20032": {
            "year_quarter": 20032,
            "year": 2003,
            "quarter": 2,
            "eps": 1.21,
            "eps_growth_year": 53.16,
            "eps_4q": 4.3,
            "eps_4q_growth_year": 45.89,
            "roe": 8.28,
            "roe_4q": 31.369999999999997,
            "gross_profit": 67909,
            "gross_margin": 41.24,
            "gross_margin_4q_avg": 36.55,
            "net_income": 37943,
            "net_income_4q": null,
            "revenue": 164674,
            "revenue_4q": null,
            "common_shares": 312495,
            "book_valuer_per_share": 15.27,
            "book_valuer_per_share_4q_avg": 14.83,
            "equity": 477309,
            "current_ratio": 177.3,
            "debt_ratio": 45.66,
            "inventory_turnover_ratio": 0.7,
            "account_receivable_turnover_ratio": null,
            "reinvestment_rate": null,
            "research_to_sale_ratio": null,
            "price_fair": 135.8,
            "eps_avg_yearly": 3.88,
            "eps_latest_yearly": 4.84,
            "eps_growth_yearly": 147.62
        },
        "20033": {
            "year_quarter": 20033,
            "year": 2003,
            "quarter": 3,
            "eps": 1.46,
            "eps_growth_year": 80.25,
            "eps_4q": 5.16,
            "eps_4q_growth_year": 45.92,
            "roe": 9.13,
            "roe_4q": 35.53,
            "gross_profit": 82984,
            "gross_margin": 35.71,
            "gross_margin_4q_avg": 36.45,
            "net_income": 45656,
            "net_income_4q": null,
            "revenue": 232353,
            "revenue_4q": null,
            "common_shares": 312495,
            "book_valuer_per_share": 16.74,
            "book_valuer_per_share_4q_avg": 15.48,
            "equity": 522964,
            "current_ratio": 288.58,
            "debt_ratio": 49.34,
            "inventory_turnover_ratio": 0.94,
            "account_receivable_turnover_ratio": null,
            "reinvestment_rate": null,
            "research_to_sale_ratio": null,
            "price_fair": 145.6,
            "eps_avg_yearly": 4.16,
            "eps_latest_yearly": 5.84,
            "eps_growth_yearly": 138.34
        },
        "20034": {
            "year_quarter": 20034,
            "year": 2003,
            "quarter": 4,
            "eps": 2.7,
            "eps_growth_year": 57.89,
            "eps_4q": 6.29,
            "eps_4q_growth_year": 90.08,
            "roe": 13.76,
            "roe_4q": 37.85,
            "gross_profit": 126110,
            "gross_margin": 38.52,
            "gross_margin_4q_avg": 37.83,
            "net_income": 85186,
            "net_income_4q": null,
            "revenue": 327359,
            "revenue_4q": null,
            "common_shares": 341903,
            "book_valuer_per_share": 20.92,
            "book_valuer_per_share_4q_avg": 16.75,
            "equity": 715233,
            "current_ratio": 261.82,
            "debt_ratio": 34.76,
            "inventory_turnover_ratio": 1.53,
            "account_receivable_turnover_ratio": null,
            "reinvestment_rate": null,
            "research_to_sale_ratio": null,
            "price_fair": 174.65,
            "eps_avg_yearly": 4.99,
            "eps_latest_yearly": 10.8,
            "eps_growth_yearly": 163.51
        },
        "20041": {
            "year_quarter": 20041,
            "year": 2004,
            "quarter": 1,
            "eps": 1.4,
            "eps_growth_year": 33.33,
            "eps_4q": 6.26,
            "eps_4q_growth_year": 52.4,
            "roe": 6.47,
            "roe_4q": 37.64,
            "gross_profit": 84412,
            "gross_margin": 36.84,
            "gross_margin_4q_avg": 38.08,
            "net_income": 48599,
            "net_income_4q": null,
            "revenue": 229161,
            "revenue_4q": null,
            "common_shares": 348232,
            "book_valuer_per_share": 22.6,
            "book_valuer_per_share_4q_avg": 18.88,
            "equity": 786972,
            "current_ratio": 260.56,
            "debt_ratio": 32.53,
            "inventory_turnover_ratio": 1.14,
            "account_receivable_turnover_ratio": null,
            "reinvestment_rate": null,
            "research_to_sale_ratio": null,
            "price_fair": 177.02,
            "eps_avg_yearly": 5.06,
            "eps_latest_yearly": 5.6,
            "eps_growth_yearly": 123.95
        },
        "20042": {
            "year_quarter": 20042,
            "year": 2004,
            "quarter": 2,
            "eps": 2.85,
            "eps_growth_year": 135.54,
            "eps_4q": 7.48,
            "eps_4q_growth_year": 73.88,
            "roe": 14.23,
            "roe_4q": 43.59,
            "gross_profit": 156021,
            "gross_margin": 40.47,
            "gross_margin_4q_avg": 37.89,
            "net_income": 110452,
            "net_income_4q": null,
            "revenue": 385478,
            "revenue_4q": null,
            "common_shares": 357750,
            "book_valuer_per_share": 21.38,
            "book_valuer_per_share_4q_avg": 20.41,
            "equity": 764902,
            "current_ratio": 157.68,
            "debt_ratio": 49.65,
            "inventory_turnover_ratio": 1.15,
            "account_receivable_turnover_ratio": null,
            "reinvestment_rate": null,
            "research_to_sale_ratio": null,
            "price_fair": 199.22,
            "eps_avg_yearly": 5.69,
            "eps_latest_yearly": 11.4,
            "eps_growth_yearly": 152.98
        },
        "20043": {
            "year_quarter": 20043,
            "year": 2004,
            "quarter": 3,
            "eps": 3.08,
            "eps_growth_year": 110.96,
            "eps_4q": 9.33,
            "eps_4q_growth_year": 80.83,
            "roe": 14.5,
            "roe_4q": 48.96,
            "gross_profit": 185225,
            "gross_margin": 39.71,
            "gross_margin_4q_avg": 38.89,
            "net_income": 120402,
            "net_income_4q": null,
            "revenue": 466453,
            "revenue_4q": null,
            "common_shares": 399766,
            "book_valuer_per_share": 22.41,
            "book_valuer_per_share_4q_avg": 21.83,
            "equity": 895840,
            "current_ratio": 160.46,
            "debt_ratio": 49.78,
            "inventory_turnover_ratio": 0.66,
            "account_receivable_turnover_ratio": null,
            "reinvestment_rate": null,
            "research_to_sale_ratio": null,
            "price_fair": 220.31,
            "eps_avg_yearly": 6.29,
            "eps_latest_yearly": 12.32,
            "eps_growth_yearly": 142.01
        },
        "20044": {
            "year_quarter": 20044,
            "year": 2004,
            "quarter": 4,
            "eps": 3.11,
            "eps_growth_year": 15.19,
            "eps_4q": 10.22,
            "eps_4q_growth_year": 62.57,
            "roe": 12.77,
            "roe_4q": 47.97,
            "gross_profit": 217678,
            "gross_margin": 39.38,
            "gross_margin_4q_avg": 39.1,
            "net_income": 122255,
            "net_income_4q": null,
            "revenue": 552703,
            "revenue_4q": null,
            "common_shares": 399897,
            "book_valuer_per_share": 25.46,
            "book_valuer_per_share_4q_avg": 22.96,
            "equity": 1018146,
            "current_ratio": 179.92,
            "debt_ratio": 45.69,
            "inventory_turnover_ratio": 0.53,
            "account_receivable_turnover_ratio": null,
            "reinvestment_rate": null,
            "research_to_sale_ratio": null,
            "price_fair": 238.23,
            "eps_avg_yearly": 6.81,
            "eps_latest_yearly": 12.44,
            "eps_growth_yearly": 130.5
        },
        "20051": {
            "year_quarter": 20051,
            "year": 2005,
            "quarter": 1,
            "eps": 1.96,
            "eps_growth_year": 40,
            "eps_4q": 10.78,
            "eps_4q_growth_year": 72.11,
            "roe": 7.39,
            "roe_4q": 48.89,
            "gross_profit": 127186,
            "gross_margin": 35.47,
            "gross_margin_4q_avg": 38.76,
            "net_income": 78489,
            "net_income_4q": null,
            "revenue": 358589,
            "revenue_4q": null,
            "common_shares": 403246,
            "book_valuer_per_share": 27.46,
            "book_valuer_per_share_4q_avg": 24.18,
            "equity": 1107165,
            "current_ratio": 221.05,
            "debt_ratio": 54.07,
            "inventory_turnover_ratio": 0.3,
            "account_receivable_turnover_ratio": null,
            "reinvestment_rate": null,
            "research_to_sale_ratio": null,
            "price_fair": 241.02,
            "eps_avg_yearly": 6.89,
            "eps_latest_yearly": 7.84,
            "eps_growth_yearly": 109.08
        },
        "20052": {
            "year_quarter": 20052,
            "year": 2005,
            "quarter": 2,
            "eps": 2.52,
            "eps_growth_year": -11.58,
            "eps_4q": 10.51,
            "eps_4q_growth_year": 40.56,
            "roe": 9.76,
            "roe_4q": 44.42,
            "gross_profit": 180039,
            "gross_margin": 36.39,
            "gross_margin_4q_avg": 37.74,
            "net_income": 101236,
            "net_income_4q": null,
            "revenue": 494796,
            "revenue_4q": null,
            "common_shares": 403410,
            "book_valuer_per_share": 23.96,
            "book_valuer_per_share_4q_avg": 24.82,
            "equity": 966578,
            "current_ratio": 207.37,
            "debt_ratio": 59.28,
            "inventory_turnover_ratio": 0.34,
            "account_receivable_turnover_ratio": null,
            "reinvestment_rate": 51.72,
            "research_to_sale_ratio": null,
            "price_fair": 249,
            "eps_avg_yearly": 7.11,
            "eps_latest_yearly": 10.08,
            "eps_growth_yearly": 109.45
        },
        "20053": {
            "year_quarter": 20053,
            "year": 2005,
            "quarter": 3,
            "eps": 2.82,
            "eps_growth_year": -8.44,
            "eps_4q": 9.57,
            "eps_4q_growth_year": 2.57,
            "roe": 12.23,
            "roe_4q": 42.150000000000006,
            "gross_profit": 184409,
            "gross_margin": 32.06,
            "gross_margin_4q_avg": 35.83,
            "net_income": 126214,
            "net_income_4q": null,
            "revenue": 575122,
            "revenue_4q": null,
            "common_shares": 449161,
            "book_valuer_per_share": 24.45,
            "book_valuer_per_share_4q_avg": 25.33,
            "equity": 1098099,
            "current_ratio": 205.11,
            "debt_ratio": 58.53,
            "inventory_turnover_ratio": 0.37,
            "account_receivable_turnover_ratio": null,
            "reinvestment_rate": 32.97,
            "research_to_sale_ratio": null,
            "price_fair": 258.72,
            "eps_avg_yearly": 7.39,
            "eps_latest_yearly": 11.28,
            "eps_growth_yearly": 105.33
        },
        "20054": {
            "year_quarter": 20054,
            "year": 2005,
            "quarter": 4,
            "eps": 4.54,
            "eps_growth_year": 45.98,
            "eps_4q": 11.35,
            "eps_4q_growth_year": 11.09,
            "roe": 16.86,
            "roe_4q": 46.24,
            "gross_profit": 324128,
            "gross_margin": 40.28,
            "gross_margin_4q_avg": 36.05,
            "net_income": 203905,
            "net_income_4q": null,
            "revenue": 804659,
            "revenue_4q": null,
            "common_shares": 455395,
            "book_valuer_per_share": 28.99,
            "book_valuer_per_share_4q_avg": 26.22,
            "equity": 1320002,
            "current_ratio": 217.43,
            "debt_ratio": 55.4,
            "inventory_turnover_ratio": 0.37,
            "account_receivable_turnover_ratio": null,
            "reinvestment_rate": 34.73,
            "research_to_sale_ratio": null,
            "price_fair": 282.28,
            "eps_avg_yearly": 8.07,
            "eps_latest_yearly": 18.16,
            "eps_growth_yearly": 114
        },
        "20061": {
            "year_quarter": 20061,
            "year": 2006,
            "quarter": 1,
            "eps": 2.23,
            "eps_growth_year": 13.78,
            "eps_4q": 11.52,
            "eps_4q_growth_year": 6.87,
            "roe": 4.98,
            "roe_4q": 43.83,
            "gross_profit": 168822,
            "gross_margin": 31.98,
            "gross_margin_4q_avg": 35.18,
            "net_income": 103562,
            "net_income_4q": null,
            "revenue": 527945,
            "revenue_4q": null,
            "common_shares": 575395,
            "book_valuer_per_share": 49.35,
            "book_valuer_per_share_4q_avg": 31.69,
            "equity": 2839564,
            "current_ratio": 276.86,
            "debt_ratio": 35,
            "inventory_turnover_ratio": 0.25,
            "account_receivable_turnover_ratio": null,
            "reinvestment_rate": 36.87,
            "research_to_sale_ratio": null,
            "price_fair": 299.6,
            "eps_avg_yearly": 8.56,
            "eps_latest_yearly": 8.92,
            "eps_growth_yearly": 122.49
        },
        "20062": {
            "year_quarter": 20062,
            "year": 2006,
            "quarter": 2,
            "eps": 1.87,
            "eps_growth_year": -25.79,
            "eps_4q": 10.15,
            "eps_4q_growth_year": -3.47,
            "roe": 3.54,
            "roe_4q": 37.61,
            "gross_profit": 196496,
            "gross_margin": 35.74,
            "gross_margin_4q_avg": 35.02,
            "net_income": 97953,
            "net_income_4q": null,
            "revenue": 549771,
            "revenue_4q": null,
            "common_shares": 581900,
            "book_valuer_per_share": 46.34,
            "book_valuer_per_share_4q_avg": 37.28,
            "equity": 2696292,
            "current_ratio": 260.96,
            "debt_ratio": 31.81,
            "inventory_turnover_ratio": 0.24,
            "account_receivable_turnover_ratio": null,
            "reinvestment_rate": 35.78,
            "research_to_sale_ratio": null,
            "price_fair": 309.05,
            "eps_avg_yearly": 8.83,
            "eps_latest_yearly": 7.48,
            "eps_growth_yearly": 64.45
        },
        "20063": {
            "year_quarter": 20063,
            "year": 2006,
            "quarter": 3,
            "eps": 1.56,
            "eps_growth_year": -44.68,
            "eps_4q": 8.25,
            "eps_4q_growth_year": -13.72,
            "roe": 3.44,
            "roe_4q": 28.82,
            "gross_profit": 173308,
            "gross_margin": 30.79,
            "gross_margin_4q_avg": 34.7,
            "net_income": 94468,
            "net_income_4q": null,
            "revenue": 562806,
            "revenue_4q": null,
            "common_shares": 648178,
            "book_valuer_per_share": 43.06,
            "book_valuer_per_share_4q_avg": 41.94,
            "equity": 2790759,
            "current_ratio": 261.3,
            "debt_ratio": 33.07,
            "inventory_turnover_ratio": 0.27,
            "account_receivable_turnover_ratio": null,
            "reinvestment_rate": 36.39,
            "research_to_sale_ratio": null,
            "price_fair": 315.61,
            "eps_avg_yearly": 9.02,
            "eps_latest_yearly": 6.24,
            "eps_growth_yearly": 59.68
        },
        "20064": {
            "year_quarter": 20064,
            "year": 2006,
            "quarter": 4,
            "eps": 1.3,
            "eps_growth_year": -71.37,
            "eps_4q": 6.14,
            "eps_4q_growth_year": -45.93,
            "roe": 2.81,
            "roe_4q": 14.77,
            "gross_profit": 181191,
            "gross_margin": 29.5,
            "gross_margin_4q_avg": 32,
            "net_income": 79534,
            "net_income_4q": null,
            "revenue": 614188,
            "revenue_4q": null,
            "common_shares": 648281,
            "book_valuer_per_share": 44.27,
            "book_valuer_per_share_4q_avg": 45.76,
            "equity": 2870230,
            "current_ratio": 279.69,
            "debt_ratio": 27.6,
            "inventory_turnover_ratio": 0.33,
            "account_receivable_turnover_ratio": null,
            "reinvestment_rate": 47.78,
            "research_to_sale_ratio": null,
            "price_fair": 312.03,
            "eps_avg_yearly": 8.92,
            "eps_latest_yearly": 5.2,
            "eps_growth_yearly": 27.73
        },
        "20071": {
            "year_quarter": 20071,
            "year": 2007,
            "quarter": 1,
            "eps": 0.84,
            "eps_growth_year": -62.33,
            "eps_4q": 5.05,
            "eps_4q_growth_year": -56.18,
            "roe": 1.87,
            "roe_4q": 11.66,
            "gross_profit": 105920,
            "gross_margin": 26.79,
            "gross_margin_4q_avg": 30.71,
            "net_income": 54294,
            "net_income_4q": null,
            "revenue": 395330,
            "revenue_4q": null,
            "common_shares": 649016,
            "book_valuer_per_share": 45.12,
            "book_valuer_per_share_4q_avg": 44.7,
            "equity": 2928353,
            "current_ratio": 352.73,
            "debt_ratio": 21.76,
            "inventory_turnover_ratio": 0.24,
            "account_receivable_turnover_ratio": null,
            "reinvestment_rate": 47.65,
            "research_to_sale_ratio": null,
            "price_fair": 310.19,
            "eps_avg_yearly": 8.86,
            "eps_latest_yearly": 3.36,
            "eps_growth_yearly": 28.53
        },
        "20072": {
            "year_quarter": 20072,
            "year": 2007,
            "quarter": 2,
            "eps": 0.12,
            "eps_growth_year": -93.58,
            "eps_4q": 3.52,
            "eps_4q_growth_year": -65.36,
            "roe": 0.28,
            "roe_4q": 8.4,
            "gross_profit": 90432,
            "gross_margin": 26.19,
            "gross_margin_4q_avg": 28.32,
            "net_income": 8068,
            "net_income_4q": null,
            "revenue": 345308,
            "revenue_4q": null,
            "common_shares": 649016,
            "book_valuer_per_share": 42.4,
            "book_valuer_per_share_4q_avg": 43.71,
            "equity": 2751852,
            "current_ratio": 269.91,
            "debt_ratio": 27.76,
            "inventory_turnover_ratio": 0.24,
            "account_receivable_turnover_ratio": null,
            "reinvestment_rate": 47.14,
            "research_to_sale_ratio": null,
            "price_fair": 114.21,
            "eps_avg_yearly": 8.59,
            "eps_latest_yearly": 0.48,
            "eps_growth_yearly": 3.3
        },
        "20073": {
            "year_quarter": 20073,
            "year": 2007,
            "quarter": 3,
            "eps": 0.25,
            "eps_growth_year": -83.97,
            "eps_4q": 2.35,
            "eps_4q_growth_year": -71.49,
            "roe": 0.61,
            "roe_4q": 5.57,
            "gross_profit": 62979,
            "gross_margin": 19.82,
            "gross_margin_4q_avg": 25.58,
            "net_income": 16862,
            "net_income_4q": null,
            "revenue": 317818,
            "revenue_4q": null,
            "common_shares": 677998,
            "book_valuer_per_share": 40.52,
            "book_valuer_per_share_4q_avg": 43.08,
            "equity": 2747005,
            "current_ratio": 323.86,
            "debt_ratio": 22.6,
            "inventory_turnover_ratio": 0.25,
            "account_receivable_turnover_ratio": null,
            "reinvestment_rate": 45.31,
            "research_to_sale_ratio": null,
            "price_fair": 290.06,
            "eps_avg_yearly": 8.29,
            "eps_latest_yearly": 1,
            "eps_growth_yearly": 25.21
        },
        "20074": {
            "year_quarter": 20074,
            "year": 2007,
            "quarter": 4,
            "eps": 0.22,
            "eps_growth_year": -83.08,
            "eps_4q": 1.4,
            "eps_4q_growth_year": -77.17,
            "roe": 0.54,
            "roe_4q": 3.3,
            "gross_profit": 51722,
            "gross_margin": 16.5,
            "gross_margin_4q_avg": 22.33,
            "net_income": 14754,
            "net_income_4q": null,
            "revenue": 313526,
            "revenue_4q": null,
            "common_shares": 677998,
            "book_valuer_per_share": 40.73,
            "book_valuer_per_share_4q_avg": 42.19,
            "equity": 2761759,
            "current_ratio": 332.07,
            "debt_ratio": 21.97,
            "inventory_turnover_ratio": 0.25,
            "account_receivable_turnover_ratio": null,
            "reinvestment_rate": 44.51,
            "research_to_sale_ratio": null,
            "price_fair": 76.68,
            "eps_avg_yearly": 7.67,
            "eps_latest_yearly": 0.88,
            "eps_growth_yearly": 0.98
        },
        "20081": {
            "year_quarter": 20081,
            "year": 2008,
            "quarter": 1,
            "eps": -0.42,
            "eps_growth_year": -150,
            "eps_4q": 0.16,
            "eps_4q_growth_year": -96.74,
            "roe": -1.04,
            "roe_4q": 0.39,
            "gross_profit": 64150,
            "gross_margin": 27,
            "gross_margin_4q_avg": 22.38,
            "net_income": -28516,
            "net_income_4q": null,
            "revenue": 237557,
            "revenue_4q": null,
            "common_shares": 677998,
            "book_valuer_per_share": 40.31,
            "book_valuer_per_share_4q_avg": 40.99,
            "equity": 2733243,
            "current_ratio": 327.99,
            "debt_ratio": 21.94,
            "inventory_turnover_ratio": 0.16,
            "account_receivable_turnover_ratio": null,
            "reinvestment_rate": 46.43,
            "research_to_sale_ratio": null,
            "price_fair": 186.44,
            "eps_avg_yearly": 7.81,
            "eps_latest_yearly": 0.88,
            "eps_growth_yearly": 13.89
        },
        "20082": {
            "year_quarter": 20082,
            "year": 2008,
            "quarter": 2,
            "eps": 0.58,
            "eps_growth_year": 383.33,
            "eps_4q": 0.63,
            "eps_4q_growth_year": -82.19,
            "roe": 1.43,
            "roe_4q": 1.54,
            "gross_profit": 79538,
            "gross_margin": 23.04,
            "gross_margin_4q_avg": 21.59,
            "net_income": 39058,
            "net_income_4q": null,
            "revenue": 345184,
            "revenue_4q": null,
            "common_shares": 677998,
            "book_valuer_per_share": 40.25,
            "book_valuer_per_share_4q_avg": 40.45,
            "equity": 2728862,
            "current_ratio": 336.93,
            "debt_ratio": 20.12,
            "inventory_turnover_ratio": 0.23,
            "account_receivable_turnover_ratio": null,
            "reinvestment_rate": 59.41,
            "research_to_sale_ratio": null,
            "price_fair": 22.65,
            "eps_avg_yearly": 7.55,
            "eps_latest_yearly": 0.88,
            "eps_growth_yearly": -14.71
        },
        "20083": {
            "year_quarter": 20083,
            "year": 2008,
            "quarter": 3,
            "eps": 0.13,
            "eps_growth_year": -48,
            "eps_4q": 0.48,
            "eps_4q_growth_year": -79.42,
            "roe": 0.34,
            "roe_4q": 1.27,
            "gross_profit": 33410,
            "gross_margin": 9.26,
            "gross_margin_4q_avg": 18.95,
            "net_income": 9278,
            "net_income_4q": null,
            "revenue": 360737,
            "revenue_4q": null,
            "common_shares": 715886,
            "book_valuer_per_share": 38.3,
            "book_valuer_per_share_4q_avg": 39.9,
            "equity": 2741711,
            "current_ratio": 284,
            "debt_ratio": 23.87,
            "inventory_turnover_ratio": 0.24,
            "account_receivable_turnover_ratio": null,
            "reinvestment_rate": 65.54,
            "research_to_sale_ratio": null,
            "price_fair": 20.12,
            "eps_avg_yearly": 6.71,
            "eps_latest_yearly": 0.52,
            "eps_growth_yearly": -39.19
        },
        "20084": {
            "year_quarter": 20084,
            "year": 2008,
            "quarter": 4,
            "eps": -0.17,
            "eps_growth_year": -177.27,
            "eps_4q": 0.12,
            "eps_4q_growth_year": -91.54,
            "roe": -0.44,
            "roe_4q": 0.29000000000000004,
            "gross_profit": 31358,
            "gross_margin": 12.27,
            "gross_margin_4q_avg": 17.89,
            "net_income": -12119,
            "net_income_4q": null,
            "revenue": 255487,
            "revenue_4q": null,
            "common_shares": 715886,
            "book_valuer_per_share": 38.15,
            "book_valuer_per_share_4q_avg": 39.25,
            "equity": 2735152,
            "current_ratio": 388.36,
            "debt_ratio": 15.14,
            "inventory_turnover_ratio": 0.16,
            "account_receivable_turnover_ratio": 2.09,
            "reinvestment_rate": 83.65,
            "research_to_sale_ratio": null,
            "price_fair": 18.79,
            "eps_avg_yearly": 6.26,
            "eps_latest_yearly": 0.52,
            "eps_growth_yearly": -42.5
        },
        "20091": {
            "year_quarter": 20091,
            "year": 2009,
            "quarter": 1,
            "eps": -0.03,
            "eps_growth_year": null,
            "eps_4q": 0.48,
            "eps_4q_growth_year": 191.05,
            "roe": -0.08,
            "roe_4q": 1.25,
            "gross_profit": 15007,
            "gross_margin": 6.23,
            "gross_margin_4q_avg": 12.7,
            "net_income": -2053,
            "net_income_4q": null,
            "revenue": 240703,
            "revenue_4q": null,
            "common_shares": 715886,
            "book_valuer_per_share": 38.14,
            "book_valuer_per_share_4q_avg": 38.71,
            "equity": 2734565,
            "current_ratio": 383.01,
            "debt_ratio": 15.97,
            "inventory_turnover_ratio": 0.19,
            "account_receivable_turnover_ratio": 1.03,
            "reinvestment_rate": 96.32,
            "research_to_sale_ratio": null,
            "price_fair": 18.4,
            "eps_avg_yearly": 6.13,
            "eps_latest_yearly": 0.52,
            "eps_growth_yearly": -33.72
        },
        "20092": {
            "year_quarter": 20092,
            "year": 2009,
            "quarter": 2,
            "eps": -1.22,
            "eps_growth_year": -310.34,
            "eps_4q": -1.28,
            "eps_4q_growth_year": -304.07,
            "roe": -4.93,
            "roe_4q": -5.11,
            "gross_profit": -68256,
            "gross_margin": -14.94,
            "gross_margin_4q_avg": 3.21,
            "net_income": -162798,
            "net_income_4q": null,
            "revenue": 456783,
            "revenue_4q": null,
            "common_shares": 715886,
            "book_valuer_per_share": 36.86,
            "book_valuer_per_share_4q_avg": 37.86,
            "equity": 3863868,
            "current_ratio": 277.67,
            "debt_ratio": 23.54,
            "inventory_turnover_ratio": 0.43,
            "account_receivable_turnover_ratio": 1.66,
            "reinvestment_rate": 320.21,
            "research_to_sale_ratio": null,
            "price_fair": 17.32,
            "eps_avg_yearly": 5.77,
            "eps_latest_yearly": 0.52,
            "eps_growth_yearly": -47.17
        },
        "20093": {
            "year_quarter": 20093,
            "year": 2009,
            "quarter": 3,
            "eps": -2.13,
            "eps_growth_year": -1738.46,
            "eps_4q": -3.52,
            "eps_4q_growth_year": -827.01,
            "roe": -4,
            "roe_4q": -9.45,
            "gross_profit": -153633,
            "gross_margin": -54.68,
            "gross_margin_4q_avg": -12.78,
            "net_income": -151420,
            "net_income_4q": null,
            "revenue": 280991,
            "revenue_4q": null,
            "common_shares": 718832,
            "book_valuer_per_share": 34.71,
            "book_valuer_per_share_4q_avg": 36.97,
            "equity": 3707440,
            "current_ratio": 384.95,
            "debt_ratio": 19.89,
            "inventory_turnover_ratio": 0.4,
            "account_receivable_turnover_ratio": 0.8,
            "reinvestment_rate": 438.05,
            "research_to_sale_ratio": null,
            "price_fair": 15.67,
            "eps_avg_yearly": 5.22,
            "eps_latest_yearly": 0.52,
            "eps_growth_yearly": -56.65
        },
        "20094": {
            "year_quarter": 20094,
            "year": 2009,
            "quarter": 4,
            "eps": -1.52,
            "eps_growth_year": null,
            "eps_4q": -4.9,
            "eps_4q_growth_year": -4232.48,
            "roe": -2.79,
            "roe_4q": -11.799999999999999,
            "gross_profit": -36501,
            "gross_margin": -13.68,
            "gross_margin_4q_avg": -19.27,
            "net_income": -101519,
            "net_income_4q": null,
            "revenue": 266918,
            "revenue_4q": null,
            "common_shares": 718832,
            "book_valuer_per_share": 33.35,
            "book_valuer_per_share_4q_avg": 35.77,
            "equity": 3579402,
            "current_ratio": 357.21,
            "debt_ratio": 20.25,
            "inventory_turnover_ratio": 0.37,
            "account_receivable_turnover_ratio": 1.31,
            "reinvestment_rate": 1463.05,
            "research_to_sale_ratio": null,
            "price_fair": 11.36,
            "eps_avg_yearly": 3.79,
            "eps_latest_yearly": 0.52,
            "eps_growth_yearly": -90.05
        },
        "20101": {
            "year_quarter": 20101,
            "year": 2010,
            "quarter": 1,
            "eps": -0.12,
            "eps_growth_year": null,
            "eps_4q": -4.99,
            "eps_4q_growth_year": -1141.89,
            "roe": -0.03,
            "roe_4q": -11.75,
            "gross_profit": 16643,
            "gross_margin": 5.55,
            "gross_margin_4q_avg": -19.44,
            "net_income": -1036,
            "net_income_4q": null,
            "revenue": 299773,
            "revenue_4q": null,
            "common_shares": 718832,
            "book_valuer_per_share": 33.22,
            "book_valuer_per_share_4q_avg": 34.54,
            "equity": 3570025,
            "current_ratio": 405.68,
            "debt_ratio": 19.59,
            "inventory_turnover_ratio": 0.37,
            "account_receivable_turnover_ratio": 0.69,
            "reinvestment_rate": 12187.89,
            "research_to_sale_ratio": 1.56,
            "price_fair": 9.44,
            "eps_avg_yearly": 3.15,
            "eps_latest_yearly": 0.52,
            "eps_growth_yearly": -75.87
        },
        "20102": {
            "year_quarter": 20102,
            "year": 2010,
            "quarter": 2,
            "eps": 0.13,
            "eps_growth_year": null,
            "eps_4q": -3.65,
            "eps_4q_growth_year": null,
            "roe": 1.12,
            "roe_4q": -5.7,
            "gross_profit": 64483,
            "gross_margin": 16.64,
            "gross_margin_4q_avg": -11.54,
            "net_income": 40210,
            "net_income_4q": null,
            "revenue": 387584,
            "revenue_4q": null,
            "common_shares": 718832,
            "book_valuer_per_share": 33.39,
            "book_valuer_per_share_4q_avg": 33.67,
            "equity": 3638701,
            "current_ratio": 299.08,
            "debt_ratio": 20.94,
            "inventory_turnover_ratio": 0.43,
            "account_receivable_turnover_ratio": 0.77,
            "reinvestment_rate": null,
            "research_to_sale_ratio": 1.3,
            "price_fair": 7.58,
            "eps_avg_yearly": 2.53,
            "eps_latest_yearly": 0.52,
            "eps_growth_yearly": -77.48
        },
        "20103": {
            "year_quarter": 20103,
            "year": 2010,
            "quarter": 3,
            "eps": -0,
            "eps_growth_year": null,
            "eps_4q": -1.52,
            "eps_4q_growth_year": null,
            "roe": 0.67,
            "roe_4q": -1.03,
            "gross_profit": 80187,
            "gross_margin": 20.86,
            "gross_margin_4q_avg": 7.34,
            "net_income": 24571,
            "net_income_4q": null,
            "revenue": 384419,
            "revenue_4q": null,
            "common_shares": 718832,
            "book_valuer_per_share": 33.38,
            "book_valuer_per_share_4q_avg": 33.34,
            "equity": 3646247,
            "current_ratio": 312.79,
            "debt_ratio": 20.24,
            "inventory_turnover_ratio": 0.4,
            "account_receivable_turnover_ratio": 0.71,
            "reinvestment_rate": null,
            "research_to_sale_ratio": 3.03,
            "price_fair": 5.72,
            "eps_avg_yearly": 1.91,
            "eps_latest_yearly": 0.52,
            "eps_growth_yearly": -79.35
        },
        "20104": {
            "year_quarter": 20104,
            "year": 2010,
            "quarter": 4,
            "eps": 0,
            "eps_growth_year": null,
            "eps_4q": 0.01,
            "eps_4q_growth_year": null,
            "roe": 0.26,
            "roe_4q": 2.0200000000000005,
            "gross_profit": 41831,
            "gross_margin": 14.67,
            "gross_margin_4q_avg": 14.43,
            "net_income": 9644,
            "net_income_4q": null,
            "revenue": 285236,
            "revenue_4q": null,
            "common_shares": 714342,
            "book_valuer_per_share": 33.37,
            "book_valuer_per_share_4q_avg": 33.34,
            "equity": 3684001,
            "current_ratio": 305.29,
            "debt_ratio": 20.38,
            "inventory_turnover_ratio": 0.33,
            "account_receivable_turnover_ratio": 0.56,
            "reinvestment_rate": null,
            "research_to_sale_ratio": -0.36,
            "price_fair": 3.74,
            "eps_avg_yearly": 1.25,
            "eps_latest_yearly": 0.52,
            "eps_growth_yearly": -81.88
        },
        "20111": {
            "year_quarter": 20111,
            "year": 2011,
            "quarter": 1,
            "eps": 0.03,
            "eps_growth_year": null,
            "eps_4q": 0.15,
            "eps_4q_growth_year": null,
            "roe": 0.25,
            "roe_4q": 2.3000000000000003,
            "gross_profit": 33864,
            "gross_margin": 8.64,
            "gross_margin_4q_avg": 15.2,
            "net_income": 9000,
            "net_income_4q": null,
            "revenue": 391781,
            "revenue_4q": null,
            "common_shares": 714342,
            "book_valuer_per_share": 33.34,
            "book_valuer_per_share_4q_avg": 33.37,
            "equity": 3653597,
            "current_ratio": 273.69,
            "debt_ratio": 21.04,
            "inventory_turnover_ratio": 0.5,
            "account_receivable_turnover_ratio": 0.77,
            "reinvestment_rate": null,
            "research_to_sale_ratio": 0.25,
            "price_fair": 2.16,
            "eps_avg_yearly": 0.72,
            "eps_latest_yearly": 0.52,
            "eps_growth_yearly": -66.97
        },
        "20112": {
            "year_quarter": 20112,
            "year": 2011,
            "quarter": 2,
            "eps": 0.1,
            "eps_growth_year": -24.28,
            "eps_4q": 0.12,
            "eps_4q_growth_year": null,
            "roe": 0.9,
            "roe_4q": 2.08,
            "gross_profit": 84183,
            "gross_margin": 19.15,
            "gross_margin_4q_avg": 15.83,
            "net_income": 32928,
            "net_income_4q": null,
            "revenue": 439649,
            "revenue_4q": null,
            "common_shares": 714342,
            "book_valuer_per_share": 33.43,
            "book_valuer_per_share_4q_avg": 33.38,
            "equity": 3674216,
            "current_ratio": 353.84,
            "debt_ratio": 16.58,
            "inventory_turnover_ratio": 0.49,
            "account_receivable_turnover_ratio": 0.84,
            "reinvestment_rate": null,
            "research_to_sale_ratio": 1.39,
            "price_fair": 24.5,
            "eps_avg_yearly": 0.7,
            "eps_latest_yearly": 0.4,
            "eps_growth_yearly": 252.08
        },
        "20113": {
            "year_quarter": 20113,
            "year": 2011,
            "quarter": 3,
            "eps": 0.01,
            "eps_growth_year": null,
            "eps_4q": 0.13,
            "eps_4q_growth_year": null,
            "roe": 0.59,
            "roe_4q": 2,
            "gross_profit": 50691,
            "gross_margin": 13.26,
            "gross_margin_4q_avg": 13.93,
            "net_income": 21796,
            "net_income_4q": null,
            "revenue": 382389,
            "revenue_4q": null,
            "common_shares": 714342,
            "book_valuer_per_share": 33.56,
            "book_valuer_per_share_4q_avg": 33.43,
            "equity": 3763183,
            "current_ratio": 349.76,
            "debt_ratio": 16.58,
            "inventory_turnover_ratio": 0.43,
            "account_receivable_turnover_ratio": 0.74,
            "reinvestment_rate": null,
            "research_to_sale_ratio": 0.79,
            "price_fair": 16.1,
            "eps_avg_yearly": 0.46,
            "eps_latest_yearly": 0.04,
            "eps_growth_yearly": 53.75
        },
        "20114": {
            "year_quarter": 20114,
            "year": 2011,
            "quarter": 4,
            "eps": -0.12,
            "eps_growth_year": -8400.36,
            "eps_4q": 0.02,
            "eps_4q_growth_year": 96.39,
            "roe": 0.23,
            "roe_4q": 1.97,
            "gross_profit": 39015,
            "gross_margin": 11.46,
            "gross_margin_4q_avg": 13.13,
            "net_income": 8502,
            "net_income_4q": null,
            "revenue": 340468,
            "revenue_4q": null,
            "common_shares": 714342,
            "book_valuer_per_share": 33.46,
            "book_valuer_per_share_4q_avg": 33.45,
            "equity": 3776741,
            "current_ratio": 406.97,
            "debt_ratio": 14.62,
            "inventory_turnover_ratio": 0.38,
            "account_receivable_turnover_ratio": 0.75,
            "reinvestment_rate": null,
            "research_to_sale_ratio": 0.39,
            "price_fair": 11.2,
            "eps_avg_yearly": 0.32,
            "eps_latest_yearly": 0.04,
            "eps_growth_yearly": 87.66
        },
        "20121": {
            "year_quarter": 20121,
            "year": 2012,
            "quarter": 1,
            "eps": 0.42,
            "eps_growth_year": 1300,
            "eps_4q": 0.41,
            "eps_4q_growth_year": 167.73,
            "roe": 0.98,
            "roe_4q": 2.6999999999999997,
            "gross_profit": 9832,
            "gross_margin": 4.45,
            "gross_margin_4q_avg": 12.08,
            "net_income": 30273,
            "net_income_4q": null,
            "revenue": 220811,
            "revenue_4q": null,
            "common_shares": 714342,
            "book_valuer_per_share": 33.8,
            "book_valuer_per_share_4q_avg": 33.56,
            "equity": 2414305,
            "current_ratio": 500.1,
            "debt_ratio": 13.47,
            "inventory_turnover_ratio": 0.33,
            "account_receivable_turnover_ratio": 0.86,
            "reinvestment_rate": null,
            "research_to_sale_ratio": 0.5,
            "price_fair": 11.2,
            "eps_avg_yearly": 0.32,
            "eps_latest_yearly": 0.04,
            "eps_growth_yearly": 87.66
        },
        "20122": {
            "year_quarter": 20122,
            "year": 2012,
            "quarter": 2,
            "eps": -0.41,
            "eps_growth_year": -520.28,
            "eps_4q": -0.09,
            "eps_4q_growth_year": -172.06,
            "roe": -1.21,
            "roe_4q": 0.59,
            "gross_profit": -30837,
            "gross_margin": -27.94,
            "gross_margin_4q_avg": 0.31,
            "net_income": -28974,
            "net_income_4q": null,
            "revenue": 110373,
            "revenue_4q": null,
            "common_shares": 714342,
            "book_valuer_per_share": 33.23,
            "book_valuer_per_share_4q_avg": 33.51,
            "equity": 2373426,
            "current_ratio": 490.63,
            "debt_ratio": 13.01,
            "inventory_turnover_ratio": 0.3,
            "account_receivable_turnover_ratio": 0.92,
            "reinvestment_rate": null,
            "research_to_sale_ratio": 1.04,
            "price_fair": 11.2,
            "eps_avg_yearly": 0.32,
            "eps_latest_yearly": 0.04,
            "eps_growth_yearly": 87.66
        },
        "20123": {
            "year_quarter": 20123,
            "year": 2012,
            "quarter": 3,
            "eps": -0.66,
            "eps_growth_year": -7361.82,
            "eps_4q": -0.76,
            "eps_4q_growth_year": -665.66,
            "roe": -2.01,
            "roe_4q": -2.01,
            "gross_profit": -27387,
            "gross_margin": -19.77,
            "gross_margin_4q_avg": -7.95,
            "net_income": -47273,
            "net_income_4q": null,
            "revenue": 138515,
            "revenue_4q": null,
            "common_shares": 714342,
            "book_valuer_per_share": 32.51,
            "book_valuer_per_share_4q_avg": 33.25,
            "equity": 2322176,
            "current_ratio": 460.71,
            "debt_ratio": 12.89,
            "inventory_turnover_ratio": 0.37,
            "account_receivable_turnover_ratio": 1.2,
            "reinvestment_rate": null,
            "research_to_sale_ratio": 2.99,
            "price_fair": 7.7,
            "eps_avg_yearly": 0.22,
            "eps_latest_yearly": 0.04,
            "eps_growth_yearly": 286.67
        },
        "20124": {
            "year_quarter": 20124,
            "year": 2012,
            "quarter": 4,
            "eps": -1.99,
            "eps_growth_year": null,
            "eps_4q": -2.63,
            "eps_4q_growth_year": -15861.17,
            "roe": -6.32,
            "roe_4q": -8.559999999999999,
            "gross_profit": -133646,
            "gross_margin": -150.99,
            "gross_margin_4q_avg": -48.56,
            "net_income": -142218,
            "net_income_4q": null,
            "revenue": 88511,
            "revenue_4q": null,
            "common_shares": 714342,
            "book_valuer_per_share": 30.49,
            "book_valuer_per_share_4q_avg": 32.51,
            "equity": 2178345,
            "current_ratio": 533.3,
            "debt_ratio": 13.15,
            "inventory_turnover_ratio": 0.6,
            "account_receivable_turnover_ratio": 0.72,
            "reinvestment_rate": null,
            "research_to_sale_ratio": 0.88,
            "price_fair": 7.7,
            "eps_avg_yearly": 0.22,
            "eps_latest_yearly": 0.04,
            "eps_growth_yearly": 286.67
        },
        "20131": {
            "year_quarter": 20131,
            "year": 2013,
            "quarter": 1,
            "eps": -0.05,
            "eps_growth_year": -111.9,
            "eps_4q": -3.11,
            "eps_4q_growth_year": -851.76,
            "roe": -0.16,
            "roe_4q": -9.7,
            "gross_profit": 9791,
            "gross_margin": 8.9,
            "gross_margin_4q_avg": -47.45,
            "net_income": -3432,
            "net_income_4q": null,
            "revenue": 109975,
            "revenue_4q": null,
            "common_shares": 714342,
            "book_valuer_per_share": 30.36,
            "book_valuer_per_share_4q_avg": 31.65,
            "equity": 2168592,
            "current_ratio": 404.02,
            "debt_ratio": 14.75,
            "inventory_turnover_ratio": 0.3,
            "account_receivable_turnover_ratio": 0.83,
            "reinvestment_rate": null,
            "research_to_sale_ratio": 0.47,
            "price_fair": 7.7,
            "eps_avg_yearly": 0.22,
            "eps_latest_yearly": 0.04,
            "eps_growth_yearly": 286.67
        },
        "20132": {
            "year_quarter": 20132,
            "year": 2013,
            "quarter": 2,
            "eps": -0.34,
            "eps_growth_year": null,
            "eps_4q": -3.04,
            "eps_4q_growth_year": null,
            "roe": -1.13,
            "roe_4q": -9.620000000000001,
            "gross_profit": -12933,
            "gross_margin": -13.58,
            "gross_margin_4q_avg": -43.86,
            "net_income": -24306,
            "net_income_4q": null,
            "revenue": 95212,
            "revenue_4q": null,
            "common_shares": 714342,
            "book_valuer_per_share": 29.85,
            "book_valuer_per_share_4q_avg": 30.8,
            "equity": 2132177,
            "current_ratio": 323.68,
            "debt_ratio": 16.69,
            "inventory_turnover_ratio": 0.28,
            "account_receivable_turnover_ratio": 0.67,
            "reinvestment_rate": null,
            "research_to_sale_ratio": 0,
            "price_fair": 7.7,
            "eps_avg_yearly": 0.22,
            "eps_latest_yearly": 0.04,
            "eps_growth_yearly": 286.67
        },
        "20133": {
            "year_quarter": 20133,
            "year": 2013,
            "quarter": 3,
            "eps": -0.58,
            "eps_growth_year": null,
            "eps_4q": -2.96,
            "eps_4q_growth_year": null,
            "roe": -1.97,
            "roe_4q": -9.58,
            "gross_profit": -39814,
            "gross_margin": -31.61,
            "gross_margin_4q_avg": -46.82,
            "net_income": -41545,
            "net_income_4q": null,
            "revenue": 125966,
            "revenue_4q": null,
            "common_shares": 714342,
            "book_valuer_per_share": 29.22,
            "book_valuer_per_share_4q_avg": 29.98,
            "equity": 2087301,
            "current_ratio": 298.73,
            "debt_ratio": 16.81,
            "inventory_turnover_ratio": 0.42,
            "account_receivable_turnover_ratio": 0.91,
            "reinvestment_rate": null,
            "research_to_sale_ratio": 0.1,
            "price_fair": 7.7,
            "eps_avg_yearly": 0.22,
            "eps_latest_yearly": 0.04,
            "eps_growth_yearly": 286.67
        },
        "20134": {
            "year_quarter": 20134,
            "year": 2013,
            "quarter": 4,
            "eps": -0.64,
            "eps_growth_year": null,
            "eps_4q": -1.61,
            "eps_4q_growth_year": null,
            "roe": -2.23,
            "roe_4q": -5.49,
            "gross_profit": -38815,
            "gross_margin": -29.89,
            "gross_margin_4q_avg": -16.55,
            "net_income": -46009,
            "net_income_4q": null,
            "revenue": 129838,
            "revenue_4q": null,
            "common_shares": 714342,
            "book_valuer_per_share": 28.65,
            "book_valuer_per_share_4q_avg": 29.52,
            "equity": 2046584,
            "current_ratio": 222.98,
            "debt_ratio": 21.6,
            "inventory_turnover_ratio": 0.43,
            "account_receivable_turnover_ratio": 0.83,
            "reinvestment_rate": null,
            "research_to_sale_ratio": 0.05,
            "price_fair": 7.7,
            "eps_avg_yearly": 0.22,
            "eps_latest_yearly": 0.04,
            "eps_growth_yearly": 286.67
        },
        "20141": {
            "year_quarter": 20141,
            "year": 2014,
            "quarter": 1,
            "eps": 0.12,
            "eps_growth_year": null,
            "eps_4q": -1.45,
            "eps_4q_growth_year": null,
            "roe": 0.41,
            "roe_4q": -4.92,
            "gross_profit": 22126,
            "gross_margin": 15.55,
            "gross_margin_4q_avg": -14.88,
            "net_income": 8459,
            "net_income_4q": null,
            "revenue": 142261,
            "revenue_4q": null,
            "common_shares": 714342,
            "book_valuer_per_share": 28.75,
            "book_valuer_per_share_4q_avg": 29.12,
            "equity": 2053392,
            "current_ratio": 231.79,
            "debt_ratio": 21,
            "inventory_turnover_ratio": 0.27,
            "account_receivable_turnover_ratio": 0.96,
            "reinvestment_rate": null,
            "research_to_sale_ratio": 0.13,
            "price_fair": 7.7,
            "eps_avg_yearly": 0.22,
            "eps_latest_yearly": 0.04,
            "eps_growth_yearly": 286.67
        },
        "20142": {
            "year_quarter": 20142,
            "year": 2014,
            "quarter": 2,
            "eps": 0.14,
            "eps_growth_year": null,
            "eps_4q": -0.96,
            "eps_4q_growth_year": null,
            "roe": 0.5,
            "roe_4q": -3.29,
            "gross_profit": 29047,
            "gross_margin": 13.02,
            "gross_margin_4q_avg": -8.23,
            "net_income": 10190,
            "net_income_4q": null,
            "revenue": 223040,
            "revenue_4q": null,
            "common_shares": 714342,
            "book_valuer_per_share": 28.67,
            "book_valuer_per_share_4q_avg": 28.82,
            "equity": 2047810,
            "current_ratio": 165.38,
            "debt_ratio": 31.88,
            "inventory_turnover_ratio": 0.35,
            "account_receivable_turnover_ratio": 1.05,
            "reinvestment_rate": null,
            "research_to_sale_ratio": 0.1,
            "price_fair": 11.67,
            "eps_avg_yearly": 0.33,
            "eps_latest_yearly": 0.56,
            "eps_growth_yearly": 213.33
        },
        "20143": {
            "year_quarter": 20143,
            "year": 2014,
            "quarter": 3,
            "eps": 0.32,
            "eps_growth_year": null,
            "eps_4q": -0.07,
            "eps_4q_growth_year": null,
            "roe": 1.09,
            "roe_4q": -0.22999999999999998,
            "gross_profit": 15212,
            "gross_margin": 5.85,
            "gross_margin_4q_avg": 1.13,
            "net_income": 22512,
            "net_income_4q": null,
            "revenue": 260162,
            "revenue_4q": null,
            "common_shares": 714342,
            "book_valuer_per_share": 29.01,
            "book_valuer_per_share_4q_avg": 28.77,
            "equity": 2072341,
            "current_ratio": 199.49,
            "debt_ratio": 24.46,
            "inventory_turnover_ratio": 0.42,
            "account_receivable_turnover_ratio": 0.96,
            "reinvestment_rate": null,
            "research_to_sale_ratio": 0.13,
            "price_fair": 19.95,
            "eps_avg_yearly": 0.57,
            "eps_latest_yearly": 1.28,
            "eps_growth_yearly": 288.57
        },
        "20144": {
            "year_quarter": 20144,
            "year": 2014,
            "quarter": 4,
            "eps": 0.46,
            "eps_growth_year": null,
            "eps_4q": 1.04,
            "eps_4q_growth_year": null,
            "roe": 1.57,
            "roe_4q": 3.5700000000000003,
            "gross_profit": 55263,
            "gross_margin": 18.13,
            "gross_margin_4q_avg": 13.14,
            "net_income": 32873,
            "net_income_4q": null,
            "revenue": 304764,
            "revenue_4q": null,
            "common_shares": 714342,
            "book_valuer_per_share": 29.51,
            "book_valuer_per_share_4q_avg": 28.99,
            "equity": 2107993,
            "current_ratio": 197.4,
            "debt_ratio": 25.86,
            "inventory_turnover_ratio": 0.43,
            "account_receivable_turnover_ratio": 1.22,
            "reinvestment_rate": null,
            "research_to_sale_ratio": 0.06,
            "price_fair": 28.84,
            "eps_avg_yearly": 0.82,
            "eps_latest_yearly": 1.84,
            "eps_growth_yearly": 265.86
        },
        "20151": {
            "year_quarter": 20151,
            "year": 2015,
            "quarter": 1,
            "eps": 0.23,
            "eps_growth_year": 91.67,
            "eps_4q": 1.15,
            "eps_4q_growth_year": null,
            "roe": 0.78,
            "roe_4q": 3.9400000000000004,
            "gross_profit": 36493,
            "gross_margin": 12.36,
            "gross_margin_4q_avg": 12.34,
            "net_income": 16427,
            "net_income_4q": null,
            "revenue": 295145,
            "revenue_4q": null,
            "common_shares": 714342,
            "book_valuer_per_share": 29.73,
            "book_valuer_per_share_4q_avg": 29.23,
            "equity": 2123541,
            "current_ratio": 242.81,
            "debt_ratio": 33.2,
            "inventory_turnover_ratio": 0.47,
            "account_receivable_turnover_ratio": 1.19,
            "reinvestment_rate": null,
            "research_to_sale_ratio": 0.13,
            "price_fair": 29.4,
            "eps_avg_yearly": 0.84,
            "eps_latest_yearly": 0.92,
            "eps_growth_yearly": 188.21
        },
        "20152": {
            "year_quarter": 20152,
            "year": 2015,
            "quarter": 2,
            "eps": 1.28,
            "eps_growth_year": 814.29,
            "eps_4q": 2.28,
            "eps_4q_growth_year": null,
            "roe": 4.27,
            "roe_4q": 7.71,
            "gross_profit": 31890,
            "gross_margin": 9.55,
            "gross_margin_4q_avg": 11.47,
            "net_income": 91257,
            "net_income_4q": null,
            "revenue": 333780,
            "revenue_4q": null,
            "common_shares": 714342,
            "book_valuer_per_share": 30.09,
            "book_valuer_per_share_4q_avg": 29.59,
            "equity": 2149526,
            "current_ratio": 279.04,
            "debt_ratio": 26.86,
            "inventory_turnover_ratio": 0.57,
            "account_receivable_turnover_ratio": 0.98,
            "reinvestment_rate": null,
            "research_to_sale_ratio": 0.08,
            "price_fair": 56.93,
            "eps_avg_yearly": 1.63,
            "eps_latest_yearly": 5.12,
            "eps_growth_yearly": 337.01
        },
        "20153": {
            "year_quarter": 20153,
            "year": 2015,
            "quarter": 3,
            "eps": 0.27,
            "eps_growth_year": -15.62,
            "eps_4q": 2.24,
            "eps_4q_growth_year": null,
            "roe": 0.89,
            "roe_4q": 7.51,
            "gross_profit": 15647,
            "gross_margin": 5.7,
            "gross_margin_4q_avg": 11.44,
            "net_income": 19253,
            "net_income_4q": null,
            "revenue": 274722,
            "revenue_4q": null,
            "common_shares": 714342,
            "book_valuer_per_share": 30.42,
            "book_valuer_per_share_4q_avg": 29.94,
            "equity": 2173026,
            "current_ratio": 326.27,
            "debt_ratio": 22.69,
            "inventory_turnover_ratio": 0.47,
            "account_receivable_turnover_ratio": 0.53,
            "reinvestment_rate": null,
            "research_to_sale_ratio": 0.09,
            "price_fair": 63,
            "eps_avg_yearly": 1.8,
            "eps_latest_yearly": 1.08,
            "eps_growth_yearly": 344.4
        },
        "20154": {
            "year_quarter": 20154,
            "year": 2015,
            "quarter": 4,
            "eps": 2.36,
            "eps_growth_year": 412.45,
            "eps_4q": 4.14,
            "eps_4q_growth_year": 299,
            "roe": 7.47,
            "roe_4q": 13.409999999999998,
            "gross_profit": -4524,
            "gross_margin": -1.88,
            "gross_margin_4q_avg": 6.43,
            "net_income": 168457,
            "net_income_4q": null,
            "revenue": 240324,
            "revenue_4q": null,
            "common_shares": 714342,
            "book_valuer_per_share": 32.71,
            "book_valuer_per_share_4q_avg": 30.74,
            "equity": 2336514,
            "current_ratio": 301.97,
            "debt_ratio": 21.82,
            "inventory_turnover_ratio": 0.5,
            "account_receivable_turnover_ratio": 0.43,
            "reinvestment_rate": -2358.28,
            "research_to_sale_ratio": 0.09,
            "price_fair": 101.2,
            "eps_avg_yearly": 2.89,
            "eps_latest_yearly": 9.44,
            "eps_growth_yearly": 737.53
        },
        "20161": {
            "year_quarter": 20161,
            "year": 2016,
            "quarter": 1,
            "eps": 0.12,
            "eps_growth_year": -47.83,
            "eps_4q": 4.03,
            "eps_4q_growth_year": 250.81,
            "roe": 0.37,
            "roe_4q": 13,
            "gross_profit": 27525,
            "gross_margin": 11.31,
            "gross_margin_4q_avg": 6.17,
            "net_income": 8702,
            "net_income_4q": null,
            "revenue": 243380,
            "revenue_4q": null,
            "common_shares": 714342,
            "book_valuer_per_share": 32.84,
            "book_valuer_per_share_4q_avg": 31.52,
            "equity": 2345705,
            "current_ratio": 350.15,
            "debt_ratio": 18.24,
            "inventory_turnover_ratio": 0.46,
            "account_receivable_turnover_ratio": 0.46,
            "reinvestment_rate": -1885.6,
            "research_to_sale_ratio": 0.09,
            "price_fair": 90.65,
            "eps_avg_yearly": 2.59,
            "eps_latest_yearly": 0.48,
            "eps_growth_yearly": 597.88
        },
        "20162": {
            "year_quarter": 20162,
            "year": 2016,
            "quarter": 2,
            "eps": -0.14,
            "eps_growth_year": -110.94,
            "eps_4q": 2.01,
            "eps_4q_growth_year": -12.04,
            "roe": -0.43,
            "roe_4q": 8.3,
            "gross_profit": 23939,
            "gross_margin": 11.69,
            "gross_margin_4q_avg": 6.71,
            "net_income": -9939,
            "net_income_4q": null,
            "revenue": 204708,
            "revenue_4q": null,
            "common_shares": 714342,
            "book_valuer_per_share": 31.67,
            "book_valuer_per_share_4q_avg": 31.91,
            "equity": 2262118,
            "current_ratio": 327.28,
            "debt_ratio": 20.08,
            "inventory_turnover_ratio": 0.39,
            "account_receivable_turnover_ratio": 0.41,
            "reinvestment_rate": -1301.51,
            "research_to_sale_ratio": 0.03,
            "price_fair": 90.65,
            "eps_avg_yearly": 2.59,
            "eps_latest_yearly": 0.48,
            "eps_growth_yearly": 597.88
        },
        "20163": {
            "year_quarter": 20163,
            "year": 2016,
            "quarter": 3,
            "eps": -0.03,
            "eps_growth_year": -111.11,
            "eps_4q": 1.77,
            "eps_4q_growth_year": -21.04,
            "roe": -0.14,
            "roe_4q": 7.27,
            "gross_profit": 11599,
            "gross_margin": 6.37,
            "gross_margin_4q_avg": 6.87,
            "net_income": -3170,
            "net_income_4q": null,
            "revenue": 182071,
            "revenue_4q": null,
            "common_shares": 928644,
            "book_valuer_per_share": 24.29,
            "book_valuer_per_share_4q_avg": 30.38,
            "equity": 2255222,
            "current_ratio": 317.51,
            "debt_ratio": 20.01,
            "inventory_turnover_ratio": 0.36,
            "account_receivable_turnover_ratio": 0.4,
            "reinvestment_rate": -734.89,
            "research_to_sale_ratio": 0.06,
            "price_fair": 90.65,
            "eps_avg_yearly": 2.59,
            "eps_latest_yearly": 0.48,
            "eps_growth_yearly": 597.88
        },
        "20164": {
            "year_quarter": 20164,
            "year": 2016,
            "quarter": 4,
            "eps": 0.11,
            "eps_growth_year": -95.18,
            "eps_4q": 0.07,
            "eps_4q_growth_year": -98.4,
            "roe": 0.47,
            "roe_4q": 0.26999999999999996,
            "gross_profit": 19625,
            "gross_margin": 13.38,
            "gross_margin_4q_avg": 10.69,
            "net_income": 10561,
            "net_income_4q": null,
            "revenue": 146696,
            "revenue_4q": null,
            "common_shares": 928644,
            "book_valuer_per_share": 24.37,
            "book_valuer_per_share_4q_avg": 28.29,
            "equity": 2263388,
            "current_ratio": 319.11,
            "debt_ratio": 19.97,
            "inventory_turnover_ratio": 0.24,
            "account_receivable_turnover_ratio": 0.38,
            "reinvestment_rate": -291.29,
            "research_to_sale_ratio": 0.06,
            "price_fair": 90.65,
            "eps_avg_yearly": 2.59,
            "eps_latest_yearly": 0.48,
            "eps_growth_yearly": 597.88
        },
        "20171": {
            "year_quarter": 20171,
            "year": 2017,
            "quarter": 1,
            "eps": -0.13,
            "eps_growth_year": -208.33,
            "eps_4q": -0.16,
            "eps_4q_growth_year": -103.92,
            "roe": -0.54,
            "roe_4q": -0.6400000000000001,
            "gross_profit": 18105,
            "gross_margin": 9.87,
            "gross_margin_4q_avg": 10.33,
            "net_income": -12119,
            "net_income_4q": null,
            "revenue": 183506,
            "revenue_4q": null,
            "common_shares": 928644,
            "book_valuer_per_share": 24.18,
            "book_valuer_per_share_4q_avg": 26.13,
            "equity": 2245360,
            "current_ratio": 339.01,
            "debt_ratio": 18.93,
            "inventory_turnover_ratio": 0.3,
            "account_receivable_turnover_ratio": 0.52,
            "reinvestment_rate": -208.72,
            "research_to_sale_ratio": 0.13,
            "price_fair": 90.65,
            "eps_avg_yearly": 2.59,
            "eps_latest_yearly": 0.48,
            "eps_growth_yearly": 597.88
        },
        "20172": {
            "year_quarter": 20172,
            "year": 2017,
            "quarter": 2,
            "eps": 0.23,
            "eps_growth_year": null,
            "eps_4q": 0.18,
            "eps_4q_growth_year": -91.04,
            "roe": 0.96,
            "roe_4q": 0.7499999999999999,
            "gross_profit": 28893,
            "gross_margin": 13.64,
            "gross_margin_4q_avg": 10.82,
            "net_income": 21445,
            "net_income_4q": null,
            "revenue": 211864,
            "revenue_4q": null,
            "common_shares": 928644,
            "book_valuer_per_share": 23.92,
            "book_valuer_per_share_4q_avg": 24.19,
            "equity": 2221544,
            "current_ratio": 306.28,
            "debt_ratio": 21.16,
            "inventory_turnover_ratio": 0.34,
            "account_receivable_turnover_ratio": 0.57,
            "reinvestment_rate": -168.52,
            "research_to_sale_ratio": 0.09,
            "price_fair": 90.65,
            "eps_avg_yearly": 2.59,
            "eps_latest_yearly": 0.48,
            "eps_growth_yearly": 597.88
        },
        "20173": {
            "year_quarter": 20173,
            "year": 2017,
            "quarter": 3,
            "eps": 0.19,
            "eps_growth_year": null,
            "eps_4q": 0.4,
            "eps_4q_growth_year": -77.4,
            "roe": 0.77,
            "roe_4q": 1.66,
            "gross_profit": 21377,
            "gross_margin": 10.06,
            "gross_margin_4q_avg": 11.74,
            "net_income": 17185,
            "net_income_4q": null,
            "revenue": 212472,
            "revenue_4q": null,
            "common_shares": 928644,
            "book_valuer_per_share": 24.12,
            "book_valuer_per_share_4q_avg": 24.15,
            "equity": 2239705,
            "current_ratio": 293.95,
            "debt_ratio": 22.28,
            "inventory_turnover_ratio": 0.37,
            "account_receivable_turnover_ratio": 0.54,
            "reinvestment_rate": -132.73,
            "research_to_sale_ratio": 0.09,
            "price_fair": 83.53,
            "eps_avg_yearly": 2.39,
            "eps_latest_yearly": 0.76,
            "eps_growth_yearly": 523.72
        },
        "20174": {
            "year_quarter": 20174,
            "year": 2017,
            "quarter": 4,
            "eps": 0.05,
            "eps_growth_year": -52.78,
            "eps_4q": 0.34,
            "eps_4q_growth_year": 411.83,
            "roe": 0.22,
            "roe_4q": 1.41,
            "gross_profit": 36059,
            "gross_margin": 17.11,
            "gross_margin_4q_avg": 12.67,
            "net_income": 4987,
            "net_income_4q": null,
            "revenue": 210733,
            "revenue_4q": null,
            "common_shares": 928644,
            "book_valuer_per_share": 24.15,
            "book_valuer_per_share_4q_avg": 24.09,
            "equity": 2242758,
            "current_ratio": 320.33,
            "debt_ratio": 20.35,
            "inventory_turnover_ratio": 0.34,
            "account_receivable_turnover_ratio": 0.57,
            "reinvestment_rate": -110.23,
            "research_to_sale_ratio": 0.18,
            "price_fair": 75.88,
            "eps_avg_yearly": 2.17,
            "eps_latest_yearly": 0.2,
            "eps_growth_yearly": 441.87
        },
        "20181": {
            "year_quarter": 20181,
            "year": 2018,
            "quarter": 1,
            "eps": 0.12,
            "eps_growth_year": null,
            "eps_4q": 0.59,
            "eps_4q_growth_year": null,
            "roe": 0.48,
            "roe_4q": 2.4299999999999997,
            "gross_profit": 23607,
            "gross_margin": 11.85,
            "gross_margin_4q_avg": 13.17,
            "net_income": 10790,
            "net_income_4q": null,
            "revenue": 199179,
            "revenue_4q": null,
            "common_shares": 928644,
            "book_valuer_per_share": 24.58,
            "book_valuer_per_share_4q_avg": 24.19,
            "equity": 2282979,
            "current_ratio": 341.26,
            "debt_ratio": 18.88,
            "inventory_turnover_ratio": 0.35,
            "account_receivable_turnover_ratio": 0.64,
            "reinvestment_rate": -146.99,
            "research_to_sale_ratio": 0.14,
            "price_fair": 70.51,
            "eps_avg_yearly": 2.01,
            "eps_latest_yearly": 0.48,
            "eps_growth_yearly": 452.61
        },
        "20182": {
            "year_quarter": 20182,
            "year": 2018,
            "quarter": 2,
            "eps": 0.23,
            "eps_growth_year": 0,
            "eps_4q": 0.58,
            "eps_4q_growth_year": 222.6,
            "roe": 0.92,
            "roe_4q": 2.3899999999999997,
            "gross_profit": 25697,
            "gross_margin": 11.97,
            "gross_margin_4q_avg": 12.75,
            "net_income": 20967,
            "net_income_4q": null,
            "revenue": 214645,
            "revenue_4q": null,
            "common_shares": 928644,
            "book_valuer_per_share": 24.49,
            "book_valuer_per_share_4q_avg": 24.34,
            "equity": 2274493,
            "current_ratio": 259.13,
            "debt_ratio": 24.92,
            "inventory_turnover_ratio": 0.36,
            "account_receivable_turnover_ratio": 0.75,
            "reinvestment_rate": -137.96,
            "research_to_sale_ratio": 0.14,
            "price_fair": 71.65,
            "eps_avg_yearly": 2.05,
            "eps_latest_yearly": 0.92,
            "eps_growth_yearly": 479.89
        },
        "20183": {
            "year_quarter": 20183,
            "year": 2018,
            "quarter": 3,
            "eps": 0.2,
            "eps_growth_year": 5.26,
            "eps_4q": 0.6,
            "eps_4q_growth_year": 49.49,
            "roe": 0.82,
            "roe_4q": 2.44,
            "gross_profit": 29775,
            "gross_margin": 13.23,
            "gross_margin_4q_avg": 13.54,
            "net_income": 18675,
            "net_income_4q": null,
            "revenue": 225057,
            "revenue_4q": null,
            "common_shares": 928644,
            "book_valuer_per_share": 24.66,
            "book_valuer_per_share_4q_avg": 24.47,
            "equity": 2290221,
            "current_ratio": 227.44,
            "debt_ratio": 29.13,
            "inventory_turnover_ratio": 0.35,
            "account_receivable_turnover_ratio": 0.83,
            "reinvestment_rate": -128.98,
            "research_to_sale_ratio": 0.08,
            "price_fair": 70.13,
            "eps_avg_yearly": 2,
            "eps_latest_yearly": 0.8,
            "eps_growth_yearly": 428.39
        },
        "20184": {
            "year_quarter": 20184,
            "year": 2018,
            "quarter": 4,
            "eps": 0.38,
            "eps_growth_year": 604.83,
            "eps_4q": 0.92,
            "eps_4q_growth_year": 171.71,
            "roe": 1.53,
            "roe_4q": 3.75,
            "gross_profit": 46816,
            "gross_margin": 16.91,
            "gross_margin_4q_avg": 13.49,
            "net_income": 35150,
            "net_income_4q": null,
            "revenue": 276802,
            "revenue_4q": null,
            "common_shares": 928644,
            "book_valuer_per_share": 24.88,
            "book_valuer_per_share_4q_avg": 24.65,
            "equity": 2310454,
            "current_ratio": 232.23,
            "debt_ratio": 29.65,
            "inventory_turnover_ratio": 0.39,
            "account_receivable_turnover_ratio": 1.03,
            "reinvestment_rate": -125.64,
            "research_to_sale_ratio": 0.06,
            "price_fair": 69.11,
            "eps_avg_yearly": 1.97,
            "eps_latest_yearly": 1.52,
            "eps_growth_yearly": 445.21
        },
        "20191": {
            "year_quarter": 20191,
            "year": 2019,
            "quarter": 1,
            "eps": 0.24,
            "eps_growth_year": 100,
            "eps_4q": 1.05,
            "eps_4q_growth_year": 78.68,
            "roe": 0.97,
            "roe_4q": 4.24,
            "gross_profit": 31197,
            "gross_margin": 11.84,
            "gross_margin_4q_avg": 13.49,
            "net_income": 22421,
            "net_income_4q": null,
            "revenue": 263446,
            "revenue_4q": null,
            "common_shares": 928644,
            "book_valuer_per_share": 25.15,
            "book_valuer_per_share_4q_avg": 24.8,
            "equity": 2335848,
            "current_ratio": 217.81,
            "debt_ratio": 32.41,
            "inventory_turnover_ratio": 0.36,
            "account_receivable_turnover_ratio": 0.94,
            "reinvestment_rate": 57.52,
            "research_to_sale_ratio": 0.19,
            "price_fair": 69.24,
            "eps_avg_yearly": 1.98,
            "eps_latest_yearly": 0.96,
            "eps_growth_yearly": 449.99
        },
        "20192": {
            "year_quarter": 20192,
            "year": 2019,
            "quarter": 2,
            "eps": 0.59,
            "eps_growth_year": 156.52,
            "eps_4q": 1.41,
            "eps_4q_growth_year": 143.21,
            "roe": 2.35,
            "roe_4q": 5.670000000000001,
            "gross_profit": 84429,
            "gross_margin": 18.7,
            "gross_margin_4q_avg": 15.17,
            "net_income": 54914,
            "net_income_4q": null,
            "revenue": 451507,
            "revenue_4q": null,
            "common_shares": 928644,
            "book_valuer_per_share": 25.14,
            "book_valuer_per_share_4q_avg": 24.96,
            "equity": 2334485,
            "current_ratio": 213.56,
            "debt_ratio": 33.57,
            "inventory_turnover_ratio": 0.54,
            "account_receivable_turnover_ratio": 1.25,
            "reinvestment_rate": 56.16,
            "research_to_sale_ratio": 0.05,
            "price_fair": 60.45,
            "eps_avg_yearly": 1.73,
            "eps_latest_yearly": 2.36,
            "eps_growth_yearly": 337.02
        },
        "20193": {
            "year_quarter": 20193,
            "year": 2019,
            "quarter": 3,
            "eps": 0.81,
            "eps_growth_year": 305,
            "eps_4q": 2.02,
            "eps_4q_growth_year": 238.82,
            "roe": 3.18,
            "roe_4q": 8.03,
            "gross_profit": 104904,
            "gross_margin": 19.86,
            "gross_margin_4q_avg": 16.83,
            "net_income": 75287,
            "net_income_4q": null,
            "revenue": 528345,
            "revenue_4q": null,
            "common_shares": 928644,
            "book_valuer_per_share": 25.92,
            "book_valuer_per_share_4q_avg": 25.27,
            "equity": 2406804,
            "current_ratio": 255.1,
            "debt_ratio": 28.87,
            "inventory_turnover_ratio": 0.69,
            "account_receivable_turnover_ratio": 1.64,
            "reinvestment_rate": 54.66,
            "research_to_sale_ratio": 0.07,
            "price_fair": 67.33,
            "eps_avg_yearly": 1.92,
            "eps_latest_yearly": 3.24,
            "eps_growth_yearly": 379.27
        },
        "20194": {
            "year_quarter": 20194,
            "year": 2019,
            "quarter": 4,
            "eps": 0.35,
            "eps_growth_year": -6.33,
            "eps_4q": 2,
            "eps_4q_growth_year": 116.81,
            "roe": 1.36,
            "roe_4q": 7.86,
            "gross_profit": 56037,
            "gross_margin": 18.22,
            "gross_margin_4q_avg": 17.16,
            "net_income": 32924,
            "net_income_4q": null,
            "revenue": 307595,
            "revenue_4q": null,
            "common_shares": 928644,
            "book_valuer_per_share": 26.38,
            "book_valuer_per_share_4q_avg": 25.65,
            "equity": 2449360,
            "current_ratio": 244.19,
            "debt_ratio": 30.36,
            "inventory_turnover_ratio": 0.43,
            "account_receivable_turnover_ratio": 1.17,
            "reinvestment_rate": -13.55,
            "research_to_sale_ratio": 0.07,
            "price_fair": 41.75,
            "eps_avg_yearly": 1.19,
            "eps_latest_yearly": 1.4,
            "eps_growth_yearly": 77.14
        },
        "20201": {
            "year_quarter": 20201,
            "year": 2020,
            "quarter": 1,
            "eps": 0.2,
            "eps_growth_year": -16.67,
            "eps_4q": 1.96,
            "eps_4q_growth_year": 86.96,
            "roe": 0.76,
            "roe_4q": 7.65,
            "gross_profit": 32524,
            "gross_margin": 15.43,
            "gross_margin_4q_avg": 18.05,
            "net_income": 18622,
            "net_income_4q": null,
            "revenue": 210851,
            "revenue_4q": null,
            "common_shares": 928644,
            "book_valuer_per_share": 26.59,
            "book_valuer_per_share_4q_avg": 26.01,
            "equity": 2468966,
            "current_ratio": 224.38,
            "debt_ratio": 33.37,
            "inventory_turnover_ratio": 0.29,
            "account_receivable_turnover_ratio": 0.66,
            "reinvestment_rate": -27.65,
            "research_to_sale_ratio": 0.04,
            "price_fair": 42.76,
            "eps_avg_yearly": 1.22,
            "eps_latest_yearly": 0.8,
            "eps_growth_yearly": 96.07
        },
        "20202": {
            "year_quarter": 20202,
            "year": 2020,
            "quarter": 2,
            "eps": 0.72,
            "eps_growth_year": 22.03,
            "eps_4q": 1.93,
            "eps_4q_growth_year": 36.62,
            "roe": 2.7,
            "roe_4q": 8,
            "gross_profit": 111814,
            "gross_margin": 18.04,
            "gross_margin_4q_avg": 17.89,
            "net_income": 66879,
            "net_income_4q": null,
            "revenue": 619686,
            "revenue_4q": null,
            "common_shares": 928644,
            "book_valuer_per_share": 26.85,
            "book_valuer_per_share_4q_avg": 26.44,
            "equity": 2493696,
            "current_ratio": 194.86,
            "debt_ratio": 39.06,
            "inventory_turnover_ratio": 0.9,
            "account_receivable_turnover_ratio": 1.16,
            "reinvestment_rate": -21.91,
            "research_to_sale_ratio": 0.04,
            "price_fair": 47.6,
            "eps_avg_yearly": 1.36,
            "eps_latest_yearly": 2.88,
            "eps_growth_yearly": 174.73
        },
        "20203": {
            "year_quarter": 20203,
            "year": 2020,
            "quarter": 3,
            "eps": 0.12,
            "eps_growth_year": -85.19,
            "eps_4q": 1.3,
            "eps_4q_growth_year": -35.76,
            "roe": 0.48,
            "roe_4q": 5.300000000000001,
            "gross_profit": 24037,
            "gross_margin": 12.46,
            "gross_margin_4q_avg": 16.04,
            "net_income": 11963,
            "net_income_4q": null,
            "revenue": 192917,
            "revenue_4q": null,
            "common_shares": 1003864,
            "book_valuer_per_share": 24.94,
            "book_valuer_per_share_4q_avg": 26.19,
            "equity": 2503154,
            "current_ratio": 202.34,
            "debt_ratio": 37.41,
            "inventory_turnover_ratio": 0.32,
            "account_receivable_turnover_ratio": 0.38,
            "reinvestment_rate": -23.72,
            "research_to_sale_ratio": 0.3,
            "price_fair": 45.23,
            "eps_avg_yearly": 1.29,
            "eps_latest_yearly": 0.48,
            "eps_growth_yearly": 135.65
        },
        "20204": {
            "year_quarter": 20204,
            "year": 2020,
            "quarter": 4,
            "eps": 0.13,
            "eps_growth_year": -62.39,
            "eps_4q": 1.1,
            "eps_4q_growth_year": -44.73,
            "roe": 0.53,
            "roe_4q": 4.47,
            "gross_profit": 26915,
            "gross_margin": 15.79,
            "gross_margin_4q_avg": 15.43,
            "net_income": 13386,
            "net_income_4q": null,
            "revenue": 170434,
            "revenue_4q": null,
            "common_shares": 1003864,
            "book_valuer_per_share": 25.03,
            "book_valuer_per_share_4q_avg": 25.85,
            "equity": 2512509,
            "current_ratio": 196.57,
            "debt_ratio": 38.93,
            "inventory_turnover_ratio": 0.24,
            "account_receivable_turnover_ratio": 0.6,
            "reinvestment_rate": -26.09,
            "research_to_sale_ratio": 0.39,
            "price_fair": 43.3,
            "eps_avg_yearly": 1.24,
            "eps_latest_yearly": 0.52,
            "eps_growth_yearly": 128.34
        },
        "20211": {
            "year_quarter": 20211,
            "year": 2021,
            "quarter": 1,
            "eps": 0.23,
            "eps_growth_year": 15,
            "eps_4q": 1.15,
            "eps_4q_growth_year": -41.3,
            "roe": 0.92,
            "roe_4q": 4.630000000000001,
            "gross_profit": 39319,
            "gross_margin": 22.77,
            "gross_margin_4q_avg": 17.27,
            "net_income": 23096,
            "net_income_4q": null,
            "revenue": 172685,
            "revenue_4q": null,
            "common_shares": 1003864,
            "book_valuer_per_share": 25.24,
            "book_valuer_per_share_4q_avg": 25.52,
            "equity": 2533781,
            "current_ratio": 196.48,
            "debt_ratio": 39.11,
            "inventory_turnover_ratio": 0.2,
            "account_receivable_turnover_ratio": 0.62,
            "reinvestment_rate": -24.17,
            "research_to_sale_ratio": 0.06,
            "price_fair": 42.56,
            "eps_avg_yearly": 1.22,
            "eps_latest_yearly": 0.92,
            "eps_growth_yearly": 140.29
        },
        "20212": {
            "year_quarter": 20212,
            "year": 2021,
            "quarter": 2,
            "eps": 0.69,
            "eps_growth_year": -4.17,
            "eps_4q": 1.17,
            "eps_4q_growth_year": -39.19,
            "roe": 2.7,
            "roe_4q": 4.630000000000001,
            "gross_profit": 112349,
            "gross_margin": 16.56,
            "gross_margin_4q_avg": 16.9,
            "net_income": 69358,
            "net_income_4q": null,
            "revenue": 678436,
            "revenue_4q": null,
            "common_shares": 1003864,
            "book_valuer_per_share": 25.9,
            "book_valuer_per_share_4q_avg": 25.28,
            "equity": 2600077,
            "current_ratio": 197.62,
            "debt_ratio": 32.8,
            "inventory_turnover_ratio": 0.89,
            "account_receivable_turnover_ratio": 2.87,
            "reinvestment_rate": -23.41,
            "research_to_sale_ratio": 0.04,
            "price_fair": 45.94,
            "eps_avg_yearly": 1.31,
            "eps_latest_yearly": 2.76,
            "eps_growth_yearly": 181.53
        },
        "20213": {
            "year_quarter": 20213,
            "year": 2021,
            "quarter": 3,
            "eps": 0.19,
            "eps_growth_year": 58.33,
            "eps_4q": 1.24,
            "eps_4q_growth_year": -4.5,
            "roe": 0.72,
            "roe_4q": 4.87,
            "gross_profit": 34378,
            "gross_margin": 16.67,
            "gross_margin_4q_avg": 17.95,
            "net_income": 18681,
            "net_income_4q": null,
            "revenue": 206184,
            "revenue_4q": null,
            "common_shares": 1003864,
            "book_valuer_per_share": 25.49,
            "book_valuer_per_share_4q_avg": 25.42,
            "equity": 2558370,
            "current_ratio": 198.56,
            "debt_ratio": 33.47,
            "inventory_turnover_ratio": 0.28,
            "account_receivable_turnover_ratio": 0.9,
            "reinvestment_rate": -24.17,
            "research_to_sale_ratio": 0.6,
            "price_fair": 45.94,
            "eps_avg_yearly": 1.31,
            "eps_latest_yearly": 0.76,
            "eps_growth_yearly": 167.76
        },
        "20214": {
            "year_quarter": 20214,
            "year": 2021,
            "quarter": 4,
            "eps": 0.14,
            "eps_growth_year": 3.17,
            "eps_4q": 1.24,
            "eps_4q_growth_year": 12.72,
            "roe": 0.54,
            "roe_4q": 4.88,
            "gross_profit": 25288,
            "gross_margin": 14.08,
            "gross_margin_4q_avg": 17.52,
            "net_income": 13811,
            "net_income_4q": null,
            "revenue": 179653,
            "revenue_4q": null,
            "common_shares": 1003864,
            "book_valuer_per_share": 25.7,
            "book_valuer_per_share_4q_avg": 25.58,
            "equity": 2580341,
            "current_ratio": 188.09,
            "debt_ratio": 35.63,
            "inventory_turnover_ratio": 0.23,
            "account_receivable_turnover_ratio": 0.73,
            "reinvestment_rate": -21.57,
            "research_to_sale_ratio": 0.2,
            "price_fair": 46.73,
            "eps_avg_yearly": 1.34,
            "eps_latest_yearly": 0.56,
            "eps_growth_yearly": 179.6
        },
        "20221": {
            "year_quarter": 20221,
            "year": 2022,
            "quarter": 1,
            "eps": 1.09,
            "eps_growth_year": 373.91,
            "eps_4q": 2.11,
            "eps_4q_growth_year": 83.26,
            "roe": 4.15,
            "roe_4q": 8.11,
            "gross_profit": 122339,
            "gross_margin": 16.81,
            "gross_margin_4q_avg": 16.03,
            "net_income": 109489,
            "net_income_4q": null,
            "revenue": 727752,
            "revenue_4q": null,
            "common_shares": 1003864,
            "book_valuer_per_share": 26.92,
            "book_valuer_per_share_4q_avg": 26,
            "equity": 2702536,
            "current_ratio": 178.24,
            "debt_ratio": 39.81,
            "inventory_turnover_ratio": 1.06,
            "account_receivable_turnover_ratio": 1.39,
            "reinvestment_rate": 4.7,
            "research_to_sale_ratio": 0.04,
            "price_fair": 55.21,
            "eps_avg_yearly": 1.58,
            "eps_latest_yearly": 4.36,
            "eps_growth_yearly": 314.24
        },
        "20222": {
            "year_quarter": 20222,
            "year": 2022,
            "quarter": 2,
            "eps": 0.17,
            "eps_growth_year": -75.36,
            "eps_4q": 1.59,
            "eps_4q_growth_year": 35.15,
            "roe": 0.64,
            "roe_4q": 6.05,
            "gross_profit": 25485,
            "gross_margin": 15.29,
            "gross_margin_4q_avg": 15.71,
            "net_income": 17226,
            "net_income_4q": null,
            "revenue": 166644,
            "revenue_4q": null,
            "common_shares": 1003864,
            "book_valuer_per_share": 26.29,
            "book_valuer_per_share_4q_avg": 26.1,
            "equity": 2639200,
            "current_ratio": 187.58,
            "debt_ratio": 36.62,
            "inventory_turnover_ratio": 0.26,
            "account_receivable_turnover_ratio": 0.32,
            "reinvestment_rate": 4.68,
            "research_to_sale_ratio": 0.07,
            "price_fair": 54.69,
            "eps_avg_yearly": 1.56,
            "eps_latest_yearly": 0.68,
            "eps_growth_yearly": 270.22
        },
        "20223": {
            "year_quarter": 20223,
            "year": 2022,
            "quarter": 3,
            "eps": 0.43,
            "eps_growth_year": 126.32,
            "eps_4q": 1.83,
            "eps_4q_growth_year": 47.61,
            "roe": 1.63,
            "roe_4q": 6.96,
            "gross_profit": 30904,
            "gross_margin": 16.27,
            "gross_margin_4q_avg": 15.61,
            "net_income": 43282,
            "net_income_4q": null,
            "revenue": 189992,
            "revenue_4q": null,
            "common_shares": 1003864,
            "book_valuer_per_share": 26.77,
            "book_valuer_per_share_4q_avg": 26.42,
            "equity": 2687014,
            "current_ratio": 212.2,
            "debt_ratio": 35.06,
            "inventory_turnover_ratio": 0.22,
            "account_receivable_turnover_ratio": 0.77,
            "reinvestment_rate": -0,
            "research_to_sale_ratio": 0.17,
            "price_fair": 56.7,
            "eps_avg_yearly": 1.62,
            "eps_latest_yearly": 1.72,
            "eps_growth_yearly": 311.72
        },
        "20224": {
            "year_quarter": 20224,
            "year": 2022,
            "quarter": 4,
            "eps": 0.14,
            "eps_growth_year": -1.25,
            "eps_4q": 1.83,
            "eps_4q_growth_year": 46.97,
            "roe": 0.51,
            "roe_4q": 6.93,
            "gross_profit": 43934,
            "gross_margin": 17.52,
            "gross_margin_4q_avg": 16.47,
            "net_income": 13638,
            "net_income_4q": null,
            "revenue": 250780,
            "revenue_4q": null,
            "common_shares": 1003864,
            "book_valuer_per_share": 26.79,
            "book_valuer_per_share_4q_avg": 26.69,
            "equity": 2689781,
            "current_ratio": 195.41,
            "debt_ratio": 37.56,
            "inventory_turnover_ratio": 0.26,
            "account_receivable_turnover_ratio": 0.91,
            "reinvestment_rate": 2.48,
            "research_to_sale_ratio": 0.1,
            "price_fair": 54.6,
            "eps_avg_yearly": 1.56,
            "eps_latest_yearly": 0.56,
            "eps_growth_yearly": 272.36
        },
        "20231": {
            "year_quarter": 20231,
            "year": 2023,
            "quarter": 1,
            "eps": 0.14,
            "eps_growth_year": -87.16,
            "eps_4q": 0.88,
            "eps_4q_growth_year": -58.37,
            "roe": 0.51,
            "roe_4q": 3.29,
            "gross_profit": 23676,
            "gross_margin": 15.23,
            "gross_margin_4q_avg": 16.08,
            "net_income": 13824,
            "net_income_4q": null,
            "revenue": 155469,
            "revenue_4q": null,
            "common_shares": 1003864,
            "book_valuer_per_share": 26.98,
            "book_valuer_per_share_4q_avg": 26.71,
            "equity": 2708605,
            "current_ratio": 196.96,
            "debt_ratio": 37.29,
            "inventory_turnover_ratio": 0.17,
            "account_receivable_turnover_ratio": 0.59,
            "reinvestment_rate": 2.32,
            "research_to_sale_ratio": 0.19,
            "price_fair": 53.73,
            "eps_avg_yearly": 1.54,
            "eps_latest_yearly": 0.56,
            "eps_growth_yearly": 281.57
        },
        "20232": {
            "year_quarter": 20232,
            "year": 2023,
            "quarter": 2,
            "eps": 0.76,
            "eps_growth_year": 347.06,
            "eps_4q": 1.46,
            "eps_4q_growth_year": -7.73,
            "roe": 2.82,
            "roe_4q": 5.47,
            "gross_profit": 101599,
            "gross_margin": 21.78,
            "gross_margin_4q_avg": 17.7,
            "net_income": 76157,
            "net_income_4q": null,
            "revenue": 466501,
            "revenue_4q": null,
            "common_shares": 1003864,
            "book_valuer_per_share": 26.79,
            "book_valuer_per_share_4q_avg": 26.83,
            "equity": 2689441,
            "current_ratio": 183.79,
            "debt_ratio": 40.92,
            "inventory_turnover_ratio": 0.49,
            "account_receivable_turnover_ratio": 1.54,
            "reinvestment_rate": 4.3,
            "research_to_sale_ratio": 0.04,
            "price_fair": 55.21,
            "eps_avg_yearly": 1.58,
            "eps_latest_yearly": 3.04,
            "eps_growth_yearly": 355.83
        },
        "20233": {
            "year_quarter": 20233,
            "year": 2023,
            "quarter": 3,
            "eps": 0.37,
            "eps_growth_year": -13.95,
            "eps_4q": 1.41,
            "eps_4q_growth_year": -23.25,
            "roe": 1.38,
            "roe_4q": 5.219999999999999,
            "gross_profit": 24403,
            "gross_margin": 10.55,
            "gross_margin_4q_avg": 16.27,
            "net_income": 37456,
            "net_income_4q": null,
            "revenue": 231363,
            "revenue_4q": null,
            "common_shares": 1003864,
            "book_valuer_per_share": 27.27,
            "book_valuer_per_share_4q_avg": 26.96,
            "equity": 2737564,
            "current_ratio": 181.66,
            "debt_ratio": 36.74,
            "inventory_turnover_ratio": 0.32,
            "account_receivable_turnover_ratio": 0.77,
            "reinvestment_rate": 0.75,
            "research_to_sale_ratio": 0.16,
            "price_fair": 51.36,
            "eps_avg_yearly": 1.47,
            "eps_latest_yearly": 1.48,
            "eps_growth_yearly": 333.68
        },
        "20234": {
            "year_quarter": 20234,
            "year": 2023,
            "quarter": 4,
            "eps": 0,
            "eps_growth_year": -97.64,
            "eps_4q": 1.27,
            "eps_4q_growth_year": -30.43,
            "roe": 0.01,
            "roe_4q": 4.72,
            "gross_profit": 50041,
            "gross_margin": 23.02,
            "gross_margin_4q_avg": 17.65,
            "net_income": 322,
            "net_income_4q": null,
            "revenue": 217414,
            "revenue_4q": null,
            "common_shares": 1003864,
            "book_valuer_per_share": 27.51,
            "book_valuer_per_share_4q_avg": 27.14,
            "equity": 2761880,
            "current_ratio": 188.45,
            "debt_ratio": 34.97,
            "inventory_turnover_ratio": 0.31,
            "account_receivable_turnover_ratio": 1.02,
            "reinvestment_rate": 1.47,
            "research_to_sale_ratio": 0.08,
            "price_fair": 51.52,
            "eps_avg_yearly": 1.47,
            "eps_latest_yearly": 1.48,
            "eps_growth_yearly": 371.07
        }
    },
    "months": {
        "2003-03": {
            "month": "2003-03",
            "price": "29.14",
            "revenue": 41430
        },
        "2003-04": {
            "month": "2003-04",
            "price": "29.90",
            "revenue": 41336
        },
        "2003-05": {
            "month": "2003-05",
            "price": "32.13",
            "revenue": 51234
        },
        "2003-06": {
            "month": "2003-06",
            "price": "38.92",
            "revenue": 72104
        },
        "2003-07": {
            "month": "2003-07",
            "price": "45.62",
            "revenue": 77702
        },
        "2003-08": {
            "month": "2003-08",
            "price": "62.76",
            "revenue": 71758
        },
        "2003-09": {
            "month": "2003-09",
            "price": "61.36",
            "revenue": 83322
        },
        "2003-10": {
            "month": "2003-10",
            "price": "59.30",
            "revenue": 94238
        },
        "2003-11": {
            "month": "2003-11",
            "price": "68.85",
            "revenue": 104750
        },
        "2003-12": {
            "month": "2003-12",
            "price": "80.93",
            "revenue": 123570
        },
        "2004-01": {
            "month": "2004-01",
            "price": "88.00",
            "revenue": 59613
        },
        "2004-02": {
            "month": "2004-02",
            "price": "84.30",
            "revenue": 58950
        },
        "2004-03": {
            "month": "2004-03",
            "price": "81.09",
            "revenue": 110598
        },
        "2004-04": {
            "month": "2004-04",
            "price": "88.57",
            "revenue": 116037
        },
        "2004-05": {
            "month": "2004-05",
            "price": "85.86",
            "revenue": 130199
        },
        "2004-06": {
            "month": "2004-06",
            "price": "80.00",
            "revenue": 139242
        },
        "2004-07": {
            "month": "2004-07",
            "price": "69.59",
            "revenue": 56811
        },
        "2004-08": {
            "month": "2004-08",
            "price": "66.72",
            "revenue": 158064
        },
        "2004-09": {
            "month": "2004-09",
            "price": "72.19",
            "revenue": 251577
        },
        "2004-10": {
            "month": "2004-10",
            "price": "76.15",
            "revenue": 133208
        },
        "2004-11": {
            "month": "2004-11",
            "price": "80.36",
            "revenue": 165639
        },
        "2004-12": {
            "month": "2004-12",
            "price": "79.09",
            "revenue": 253857
        },
        "2005-01": {
            "month": "2005-01",
            "price": "79.33",
            "revenue": 69972
        },
        "2005-02": {
            "month": "2005-02",
            "price": "97.23",
            "revenue": 72108
        },
        "2005-03": {
            "month": "2005-03",
            "price": "119.59",
            "revenue": 216509
        },
        "2005-04": {
            "month": "2005-04",
            "price": "118.42",
            "revenue": 206606
        },
        "2005-05": {
            "month": "2005-05",
            "price": "121.31",
            "revenue": 100307
        },
        "2005-06": {
            "month": "2005-06",
            "price": "117.25",
            "revenue": 187227
        },
        "2005-07": {
            "month": "2005-07",
            "price": "131.72",
            "revenue": 182414
        },
        "2005-08": {
            "month": "2005-08",
            "price": "130.00",
            "revenue": 210492
        },
        "2005-09": {
            "month": "2005-09",
            "price": "109.95",
            "revenue": 177590
        },
        "2005-10": {
            "month": "2005-10",
            "price": "104.66",
            "revenue": 255206
        },
        "2005-11": {
            "month": "2005-11",
            "price": "95.33",
            "revenue": 268799
        },
        "2005-12": {
            "month": "2005-12",
            "price": "101.90",
            "revenue": 328053
        },
        "2006-01": {
            "month": "2006-01",
            "price": "115.64",
            "revenue": 162348
        },
        "2006-02": {
            "month": "2006-02",
            "price": "122.35",
            "revenue": 165120
        },
        "2006-03": {
            "month": "2006-03",
            "price": "131.33",
            "revenue": 200493
        },
        "2006-04": {
            "month": "2006-04",
            "price": "127.21",
            "revenue": 177417
        },
        "2006-05": {
            "month": "2006-05",
            "price": "108.93",
            "revenue": 175464
        },
        "2006-06": {
            "month": "2006-06",
            "price": "85.58",
            "revenue": 187300
        },
        "2006-07": {
            "month": "2006-07",
            "price": "82.26",
            "revenue": 179117
        },
        "2006-08": {
            "month": "2006-08",
            "price": "80.60",
            "revenue": 185609
        },
        "2006-09": {
            "month": "2006-09",
            "price": "66.23",
            "revenue": 192100
        },
        "2006-10": {
            "month": "2006-10",
            "price": "63.56",
            "revenue": 200159
        },
        "2006-11": {
            "month": "2006-11",
            "price": "62.65",
            "revenue": 200791
        },
        "2006-12": {
            "month": "2006-12",
            "price": "68.36",
            "revenue": 228792
        },
        "2007-01": {
            "month": "2007-01",
            "price": "68.66",
            "revenue": 156555
        },
        "2007-02": {
            "month": "2007-02",
            "price": "64.16",
            "revenue": 137071
        },
        "2007-03": {
            "month": "2007-03",
            "price": "63.01",
            "revenue": 101703
        },
        "2007-04": {
            "month": "2007-04",
            "price": "59.98",
            "revenue": 99144
        },
        "2007-05": {
            "month": "2007-05",
            "price": "52.54",
            "revenue": 109524
        },
        "2007-06": {
            "month": "2007-06",
            "price": "54.46",
            "revenue": 136639
        },
        "2007-07": {
            "month": "2007-07",
            "price": "60.86",
            "revenue": 111444
        },
        "2007-08": {
            "month": "2007-08",
            "price": "52.83",
            "revenue": 100317
        },
        "2007-09": {
            "month": "2007-09",
            "price": "39.72",
            "revenue": 106058
        },
        "2007-10": {
            "month": "2007-10",
            "price": "39.80",
            "revenue": 113421
        },
        "2007-11": {
            "month": "2007-11",
            "price": "32.82",
            "revenue": 100113
        },
        "2007-12": {
            "month": "2007-12",
            "price": "29.39",
            "revenue": 98847
        },
        "2008-01": {
            "month": "2008-01",
            "price": "26.39",
            "revenue": 54125
        },
        "2008-02": {
            "month": "2008-02",
            "price": "25.36",
            "revenue": 46919
        },
        "2008-03": {
            "month": "2008-03",
            "price": "30.39",
            "revenue": 132150
        },
        "2008-04": {
            "month": "2008-04",
            "price": "32.92",
            "revenue": 117581
        },
        "2008-05": {
            "month": "2008-05",
            "price": "31.76",
            "revenue": 113521
        },
        "2008-06": {
            "month": "2008-06",
            "price": "27.50",
            "revenue": 117671
        },
        "2008-07": {
            "month": "2008-07",
            "price": "22.59",
            "revenue": 117335
        },
        "2008-08": {
            "month": "2008-08",
            "price": "22.15",
            "revenue": 119015
        },
        "2008-09": {
            "month": "2008-09",
            "price": "18.53",
            "revenue": 124714
        },
        "2008-10": {
            "month": "2008-10",
            "price": "16.39",
            "revenue": 120688
        },
        "2008-11": {
            "month": "2008-11",
            "price": "12.79",
            "revenue": 72427
        },
        "2008-12": {
            "month": "2008-12",
            "price": "10.77",
            "revenue": 62818
        },
        "2009-01": {
            "month": "2009-01",
            "price": "9.95",
            "revenue": 55870
        },
        "2009-02": {
            "month": "2009-02",
            "price": "10.42",
            "revenue": 58140
        },
        "2009-03": {
            "month": "2009-03",
            "price": "13.61",
            "revenue": 125665
        },
        "2009-04": {
            "month": "2009-04",
            "price": "16.35",
            "revenue": 98412
        },
        "2009-05": {
            "month": "2009-05",
            "price": "17.17",
            "revenue": 94847
        },
        "2009-06": {
            "month": "2009-06",
            "price": "16.31",
            "revenue": 98775
        },
        "2009-07": {
            "month": "2009-07",
            "price": "17.20",
            "revenue": 51668
        },
        "2009-08": {
            "month": "2009-08",
            "price": "16.76",
            "revenue": 39176
        },
        "2009-09": {
            "month": "2009-09",
            "price": "16.02",
            "revenue": 40672
        },
        "2009-10": {
            "month": "2009-10",
            "price": "17.78",
            "revenue": 50823
        },
        "2009-11": {
            "month": "2009-11",
            "price": "17.51",
            "revenue": 69298
        },
        "2009-12": {
            "month": "2009-12",
            "price": "26.05",
            "revenue": 61784
        },
        "2010-01": {
            "month": "2010-01",
            "price": "28.00",
            "revenue": 86246
        },
        "2010-02": {
            "month": "2010-02",
            "price": "25.98",
            "revenue": 42377
        },
        "2010-03": {
            "month": "2010-03",
            "price": "27.95",
            "revenue": 60338
        },
        "2010-04": {
            "month": "2010-04",
            "price": "27.12",
            "revenue": 77934
        },
        "2010-05": {
            "month": "2010-05",
            "price": "23.69",
            "revenue": 63773
        },
        "2010-06": {
            "month": "2010-06",
            "price": "21.88",
            "revenue": 100344
        },
        "2010-07": {
            "month": "2010-07",
            "price": "21.65",
            "revenue": 54495
        },
        "2010-08": {
            "month": "2010-08",
            "price": "20.52",
            "revenue": 93382
        },
        "2010-09": {
            "month": "2010-09",
            "price": "19.71",
            "revenue": 69563
        },
        "2010-10": {
            "month": "2010-10",
            "price": "19.69",
            "revenue": 68798
        },
        "2010-11": {
            "month": "2010-11",
            "price": "18.97",
            "revenue": 75663
        },
        "2010-12": {
            "month": "2010-12",
            "price": "20.40",
            "revenue": 43003
        },
        "2011-01": {
            "month": "2011-01",
            "price": "21.07",
            "revenue": 77632
        },
        "2011-02": {
            "month": "2011-02",
            "price": "24.75",
            "revenue": 85991
        },
        "2011-03": {
            "month": "2011-03",
            "price": "29.09",
            "revenue": 113428
        },
        "2011-04": {
            "month": "2011-04",
            "price": "28.88",
            "revenue": 80442
        },
        "2011-05": {
            "month": "2011-05",
            "price": "23.56",
            "revenue": 110016
        },
        "2011-06": {
            "month": "2011-06",
            "price": "22.08",
            "revenue": 112434
        },
        "2011-07": {
            "month": "2011-07",
            "price": "20.64",
            "revenue": 92185
        },
        "2011-08": {
            "month": "2011-08",
            "price": "16.60",
            "revenue": 66932
        },
        "2011-09": {
            "month": "2011-09",
            "price": "14.38",
            "revenue": 94682
        },
        "2011-10": {
            "month": "2011-10",
            "price": "14.17",
            "revenue": 94800
        },
        "2011-11": {
            "month": "2011-11",
            "price": "13.22",
            "revenue": 45195
        },
        "2011-12": {
            "month": "2011-12",
            "price": "11.44",
            "revenue": 64229
        },
        "2012-01": {
            "month": "2012-01",
            "price": "12.05",
            "revenue": 64975
        },
        "2012-02": {
            "month": "2012-02",
            "price": "14.58",
            "revenue": 84589
        },
        "2012-03": {
            "month": "2012-03",
            "price": "15.46",
            "revenue": 70314
        },
        "2012-04": {
            "month": "2012-04",
            "price": "13.83",
            "revenue": 27357
        },
        "2012-05": {
            "month": "2012-05",
            "price": "14.59",
            "revenue": 42651
        },
        "2012-06": {
            "month": "2012-06",
            "price": "13.95",
            "revenue": 40360
        },
        "2012-07": {
            "month": "2012-07",
            "price": "14.03",
            "revenue": 57377
        },
        "2012-08": {
            "month": "2012-08",
            "price": "13.71",
            "revenue": 49721
        },
        "2012-09": {
            "month": "2012-09",
            "price": "13.54",
            "revenue": 31248
        },
        "2012-10": {
            "month": "2012-10",
            "price": "12.24",
            "revenue": 27858
        },
        "2012-11": {
            "month": "2012-11",
            "price": "10.62",
            "revenue": 38897
        },
        "2012-12": {
            "month": "2012-12",
            "price": "11.95",
            "revenue": 21711
        },
        "2013-01": {
            "month": "2013-01",
            "price": "12.36",
            "revenue": 44094
        },
        "2013-02": {
            "month": "2013-02",
            "price": "12.14",
            "revenue": 30392
        },
        "2013-03": {
            "month": "2013-03",
            "price": "13.70",
            "revenue": 35489
        },
        "2013-04": {
            "month": "2013-04",
            "price": "13.46",
            "revenue": 33241
        },
        "2013-05": {
            "month": "2013-05",
            "price": "13.46",
            "revenue": 33614
        },
        "2013-06": {
            "month": "2013-06",
            "price": "14.35",
            "revenue": 28356
        },
        "2013-07": {
            "month": "2013-07",
            "price": "16.45",
            "revenue": 35407
        },
        "2013-08": {
            "month": "2013-08",
            "price": "16.84",
            "revenue": 50186
        },
        "2013-09": {
            "month": "2013-09",
            "price": "18.18",
            "revenue": 40373
        },
        "2013-10": {
            "month": "2013-10",
            "price": "17.81",
            "revenue": 46503
        },
        "2013-11": {
            "month": "2013-11",
            "price": "15.91",
            "revenue": 40307
        },
        "2013-12": {
            "month": "2013-12",
            "price": "16.55",
            "revenue": 43028
        },
        "2014-01": {
            "month": "2014-01",
            "price": "16.68",
            "revenue": 44391
        },
        "2014-02": {
            "month": "2014-02",
            "price": "18.10",
            "revenue": 45970
        },
        "2014-03": {
            "month": "2014-03",
            "price": "19.71",
            "revenue": 51900
        },
        "2014-04": {
            "month": "2014-04",
            "price": "18.71",
            "revenue": 60243
        },
        "2014-05": {
            "month": "2014-05",
            "price": "19.70",
            "revenue": 80137
        },
        "2014-06": {
            "month": "2014-06",
            "price": "23.18",
            "revenue": 82660
        },
        "2014-07": {
            "month": "2014-07",
            "price": "29.75",
            "revenue": 82955
        },
        "2014-08": {
            "month": "2014-08",
            "price": "31.99",
            "revenue": 83595
        },
        "2014-09": {
            "month": "2014-09",
            "price": "27.29",
            "revenue": 93612
        },
        "2014-10": {
            "month": "2014-10",
            "price": "29.00",
            "revenue": 97568
        },
        "2014-11": {
            "month": "2014-11",
            "price": "28.35",
            "revenue": 101813
        },
        "2014-12": {
            "month": "2014-12",
            "price": "28.91",
            "revenue": 105383
        },
        "2015-01": {
            "month": "2015-01",
            "price": "29.26",
            "revenue": 105718
        },
        "2015-02": {
            "month": "2015-02",
            "price": "29.12",
            "revenue": 81647
        },
        "2015-03": {
            "month": "2015-03",
            "price": "32.07",
            "revenue": 107779
        },
        "2015-04": {
            "month": "2015-04",
            "price": "32.26",
            "revenue": 110077
        },
        "2015-05": {
            "month": "2015-05",
            "price": "29.55",
            "revenue": 111457
        },
        "2015-06": {
            "month": "2015-06",
            "price": "25.46",
            "revenue": 112245
        },
        "2015-07": {
            "month": "2015-07",
            "price": "23.41",
            "revenue": 114189
        },
        "2015-08": {
            "month": "2015-08",
            "price": "19.83",
            "revenue": 80377
        },
        "2015-09": {
            "month": "2015-09",
            "price": "19.46",
            "revenue": 80155
        },
        "2015-10": {
            "month": "2015-10",
            "price": "20.79",
            "revenue": 80132
        },
        "2015-11": {
            "month": "2015-11",
            "price": "19.89",
            "revenue": 80034
        },
        "2015-12": {
            "month": "2015-12",
            "price": "18.79",
            "revenue": 80153
        },
        "2016-01": {
            "month": "2016-01",
            "price": "16.91",
            "revenue": 82600
        },
        "2016-02": {
            "month": "2016-02",
            "price": "17.74",
            "revenue": 77806
        },
        "2016-03": {
            "month": "2016-03",
            "price": "23.24",
            "revenue": 82965
        },
        "2016-04": {
            "month": "2016-04",
            "price": "27.32",
            "revenue": 83028
        },
        "2016-05": {
            "month": "2016-05",
            "price": "24.58",
            "revenue": 60781
        },
        "2016-06": {
            "month": "2016-06",
            "price": "25.45",
            "revenue": 60894
        },
        "2016-07": {
            "month": "2016-07",
            "price": "25.78",
            "revenue": 60828
        },
        "2016-08": {
            "month": "2016-08",
            "price": "25.71",
            "revenue": 61142
        },
        "2016-09": {
            "month": "2016-09",
            "price": "21.19",
            "revenue": 60100
        },
        "2016-10": {
            "month": "2016-10",
            "price": "17.98",
            "revenue": 45886
        },
        "2016-11": {
            "month": "2016-11",
            "price": "16.32",
            "revenue": 45018
        },
        "2016-12": {
            "month": "2016-12",
            "price": "16.38",
            "revenue": 55409
        },
        "2017-01": {
            "month": "2017-01",
            "price": "16.72",
            "revenue": 60250
        },
        "2017-02": {
            "month": "2017-02",
            "price": "18.31",
            "revenue": 61180
        },
        "2017-03": {
            "month": "2017-03",
            "price": "18.87",
            "revenue": 62075
        },
        "2017-04": {
            "month": "2017-04",
            "price": "17.39",
            "revenue": 70148
        },
        "2017-05": {
            "month": "2017-05",
            "price": "17.00",
            "revenue": 71649
        },
        "2017-06": {
            "month": "2017-06",
            "price": "19.95",
            "revenue": 70070
        },
        "2017-07": {
            "month": "2017-07",
            "price": "19.13",
            "revenue": 70618
        },
        "2017-08": {
            "month": "2017-08",
            "price": "19.43",
            "revenue": 71227
        },
        "2017-09": {
            "month": "2017-09",
            "price": "18.71",
            "revenue": 72976
        },
        "2017-10": {
            "month": "2017-10",
            "price": "18.24",
            "revenue": 70102
        },
        "2017-11": {
            "month": "2017-11",
            "price": "17.70",
            "revenue": 70396
        },
        "2017-12": {
            "month": "2017-12",
            "price": "16.63",
            "revenue": 70425
        },
        "2018-01": {
            "month": "2018-01",
            "price": "16.70",
            "revenue": 70588
        },
        "2018-02": {
            "month": "2018-02",
            "price": "16.27",
            "revenue": 58095
        },
        "2018-03": {
            "month": "2018-03",
            "price": "16.41",
            "revenue": 70500
        },
        "2018-04": {
            "month": "2018-04",
            "price": "16.16",
            "revenue": 70511
        },
        "2018-05": {
            "month": "2018-05",
            "price": "16.88",
            "revenue": 72025
        },
        "2018-06": {
            "month": "2018-06",
            "price": "18.39",
            "revenue": 72109
        },
        "2018-07": {
            "month": "2018-07",
            "price": "17.60",
            "revenue": 72118
        },
        "2018-08": {
            "month": "2018-08",
            "price": "17.40",
            "revenue": 74059
        },
        "2018-09": {
            "month": "2018-09",
            "price": "16.28",
            "revenue": 78854
        },
        "2018-10": {
            "month": "2018-10",
            "price": "16.24",
            "revenue": 80214
        },
        "2018-11": {
            "month": "2018-11",
            "price": "17.12",
            "revenue": 92703
        },
        "2018-12": {
            "month": "2018-12",
            "price": "17.72",
            "revenue": 103903
        },
        "2019-01": {
            "month": "2019-01",
            "price": "18.34",
            "revenue": 82546
        },
        "2019-02": {
            "month": "2019-02",
            "price": "19.82",
            "revenue": 95043
        },
        "2019-03": {
            "month": "2019-03",
            "price": "24.53",
            "revenue": 85857
        },
        "2019-04": {
            "month": "2019-04",
            "price": "24.44",
            "revenue": 85477
        },
        "2019-05": {
            "month": "2019-05",
            "price": "25.09",
            "revenue": 82740
        },
        "2019-06": {
            "month": "2019-06",
            "price": "26.66",
            "revenue": 283286
        },
        "2019-07": {
            "month": "2019-07",
            "price": "27.70",
            "revenue": 86002
        },
        "2019-08": {
            "month": "2019-08",
            "price": "25.38",
            "revenue": 88972
        },
        "2019-09": {
            "month": "2019-09",
            "price": "27.55",
            "revenue": 353103
        },
        "2019-10": {
            "month": "2019-10",
            "price": "27.75",
            "revenue": 94986
        },
        "2019-11": {
            "month": "2019-11",
            "price": "27.66",
            "revenue": 96509
        },
        "2019-12": {
            "month": "2019-12",
            "price": "30.70",
            "revenue": 112818
        },
        "2020-01": {
            "month": "2020-01",
            "price": "31.84",
            "revenue": 68065
        },
        "2020-02": {
            "month": "2020-02",
            "price": "29.11",
            "revenue": 74407
        },
        "2020-03": {
            "month": "2020-03",
            "price": "22.12",
            "revenue": 68379
        },
        "2020-04": {
            "month": "2020-04",
            "price": "21.56",
            "revenue": 70125
        },
        "2020-05": {
            "month": "2020-05",
            "price": "24.80",
            "revenue": 68703
        },
        "2020-06": {
            "month": "2020-06",
            "price": "26.24",
            "revenue": 480732
        },
        "2020-07": {
            "month": "2020-07",
            "price": "28.34",
            "revenue": 70114
        },
        "2020-08": {
            "month": "2020-08",
            "price": "26.92",
            "revenue": 61100
        },
        "2020-09": {
            "month": "2020-09",
            "price": "23.20",
            "revenue": 61704
        },
        "2020-10": {
            "month": "2020-10",
            "price": "21.64",
            "revenue": 60490
        },
        "2020-11": {
            "month": "2020-11",
            "price": "22.88",
            "revenue": 55019
        },
        "2020-12": {
            "month": "2020-12",
            "price": "22.25",
            "revenue": 54987
        },
        "2021-01": {
            "month": "2021-01",
            "price": "22.24",
            "revenue": 55942
        },
        "2021-02": {
            "month": "2021-02",
            "price": "22.95",
            "revenue": 46681
        },
        "2021-03": {
            "month": "2021-03",
            "price": "23.15",
            "revenue": 70170
        },
        "2021-04": {
            "month": "2021-04",
            "price": "23.41",
            "revenue": 75072
        },
        "2021-05": {
            "month": "2021-05",
            "price": "22.31",
            "revenue": 541842
        },
        "2021-06": {
            "month": "2021-06",
            "price": "23.24",
            "revenue": 61669
        },
        "2021-07": {
            "month": "2021-07",
            "price": "21.92",
            "revenue": 70496
        },
        "2021-08": {
            "month": "2021-08",
            "price": "21.08",
            "revenue": 70008
        },
        "2021-09": {
            "month": "2021-09",
            "price": "20.59",
            "revenue": 65790
        },
        "2021-10": {
            "month": "2021-10",
            "price": "20.33",
            "revenue": 67617
        },
        "2021-11": {
            "month": "2021-11",
            "price": "20.74",
            "revenue": 55963
        },
        "2021-12": {
            "month": "2021-12",
            "price": "20.90",
            "revenue": 56053
        },
        "2022-01": {
            "month": "2022-01",
            "price": "21.06",
            "revenue": 55852
        },
        "2022-02": {
            "month": "2022-02",
            "price": "20.34",
            "revenue": 47488
        },
        "2022-03": {
            "month": "2022-03",
            "price": "19.85",
            "revenue": 624416
        },
        "2022-04": {
            "month": "2022-04",
            "price": "20.33",
            "revenue": 50982
        },
        "2022-05": {
            "month": "2022-05",
            "price": "20.09",
            "revenue": 46980
        },
        "2022-06": {
            "month": "2022-06",
            "price": "19.69",
            "revenue": 68640
        },
        "2022-07": {
            "month": "2022-07",
            "price": "18.27",
            "revenue": 57016
        },
        "2022-08": {
            "month": "2022-08",
            "price": "19.00",
            "revenue": 60966
        },
        "2022-09": {
            "month": "2022-09",
            "price": "18.73",
            "revenue": 71999
        },
        "2022-10": {
            "month": "2022-10",
            "price": "17.68",
            "revenue": 71335
        },
        "2022-11": {
            "month": "2022-11",
            "price": "17.92",
            "revenue": 113461
        },
        "2022-12": {
            "month": "2022-12",
            "price": "22.72",
            "revenue": 66037
        },
        "2023-01": {
            "month": "2023-01",
            "price": "21.93",
            "revenue": 44463
        },
        "2023-02": {
            "month": "2023-02",
            "price": "22.53",
            "revenue": 50571
        },
        "2023-03": {
            "month": "2023-03",
            "price": "24.53",
            "revenue": 60435
        },
        "2023-04": {
            "month": "2023-04",
            "price": "29.39",
            "revenue": 195675
        },
        "2023-05": {
            "month": "2023-05",
            "price": "36.65",
            "revenue": 70596
        },
        "2023-06": {
            "month": "2023-06",
            "price": "33.28",
            "revenue": 200230
        },
        "2023-07": {
            "month": "2023-07",
            "price": "32.19",
            "revenue": 73433
        },
        "2023-08": {
            "month": "2023-08",
            "price": "32.25",
            "revenue": 75428
        },
        "2023-09": {
            "month": "2023-09",
            "price": "31.52",
            "revenue": 81646
        },
        "2023-10": {
            "month": "2023-10",
            "price": "28.57",
            "revenue": 116040
        },
        "2023-11": {
            "month": "2023-11",
            "price": "29.02",
            "revenue": 50867
        },
        "2023-12": {
            "month": "2023-12",
            "price": "27.63",
            "revenue": 50504
        }
    }
}
