{
    "summary": {
        "stock_name": "華孚",
        "stock_id": "6235",
        "category": "電腦及週邊設備",
        "main_business": "鎂合金射出成型及鋁合金壓鑄之各類零組件或成品<br>各類模治具之設計開發<br>塑膠射出成型，主要包含流程箱及工業用棧板等。",
        "website_url": "http://www.waffer.com.tw",
        "ceo": "甘錦添",
        "pe_ratio": 29,
        "report_year_from": 2001,
        "report_year_to": 2023,
        "age": 23,
        "eps_negative_percentage": 36,
        "eps_growth_avg": {
            "last_all": -11.4,
            "last_2y": 31.01,
            "last_4y": -1.74,
            "last_8y": 14.17,
            "last_12y": 14.17,
            "last_16y": -9.99,
            "last_20y": -11.4,
            "at_2006_last_3y": -14.56,
            "at_2007_last_3y": -56.13,
            "at_2008_last_3y": -80.1,
            "at_2009_last_3y": -83.7,
            "at_2010_last_3y": -94.57,
            "at_2011_last_3y": -100,
            "at_2012_last_3y": null,
            "at_2013_last_3y": null,
            "at_2014_last_3y": null,
            "at_2015_last_3y": null,
            "at_2016_last_3y": 100,
            "at_2017_last_3y": 3.08,
            "at_2018_last_3y": 35.39,
            "at_2019_last_3y": 1.54,
            "at_2020_last_3y": -31.28,
            "at_2021_last_3y": -25,
            "at_2022_last_3y": -29.51,
            "at_2023_last_3y": 31.01,
            "at_2024_last_3y": 31.01,
            "at_2006_last_all": -14.56,
            "at_2007_last_all": -29.48,
            "at_2008_last_all": -41.23,
            "at_2009_last_all": -41.23,
            "at_2010_last_all": -41.23,
            "at_2011_last_all": -41.23,
            "at_2012_last_all": -41.23,
            "at_2013_last_all": -41.23,
            "at_2014_last_all": -41.23,
            "at_2015_last_all": -41.23,
            "at_2016_last_all": -21.05,
            "at_2017_last_all": -30.15,
            "at_2018_last_all": -15.69,
            "at_2019_last_all": -24.12,
            "at_2020_last_all": -24.12,
            "at_2021_last_all": -28.75,
            "at_2022_last_all": -19.15,
            "at_2023_last_all": -11.4,
            "at_2024_last_all": -11.4
        },
        "latest_eps": 3.9,
        "latest_price": 112.5,
        "latest_roe": 22.57,
        "latest_gross_margin": 31.57,
        "latest_equity": 3915343,
        "latest_revenue": 1450013,
        "latest_gross_profit": 457839,
        "latest_net_income": 199937,
        "latest_debt_ratio": 50.64,
        "latest_current_ratio": 119.74,
        "latest_account_receivable_turnover_ratio": 0.88,
        "latest_inventory_turnover_ratio": 1.13,
        "latest_reinvestment_rate": 118.78,
        "latest_research_to_sale_ratio": 4.92
    },
    "eps_dividends": {
        "2001": {
            "cash": 0,
            "stock": 3.5,
            "eps": 0
        },
        "2002": {
            "cash": 0,
            "stock": 2,
            "eps": 2.32
        },
        "2003": {
            "cash": 0.5,
            "stock": 2,
            "eps": 4.11
        },
        "2004": {
            "cash": 1.4,
            "stock": 1.5,
            "eps": 3.94
        },
        "2005": {
            "cash": 2,
            "stock": 1,
            "eps": 1.21
        },
        "2006": {
            "cash": 0.8,
            "stock": 0.4,
            "eps": 0.46
        },
        "2007": {
            "cash": 0.3,
            "stock": 0.1,
            "eps": 0.05
        },
        "2008": {
            "cash": 0,
            "stock": 0,
            "eps": -7.16
        },
        "2009": {
            "cash": 0,
            "stock": 0,
            "eps": -4.19
        },
        "2010": {
            "cash": 0,
            "stock": 0,
            "eps": -0.68
        },
        "2011": {
            "cash": 0,
            "stock": 0,
            "eps": -0.02
        },
        "2012": {
            "cash": 0,
            "stock": 0,
            "eps": -1.29
        },
        "2013": {
            "cash": 0,
            "stock": 0,
            "eps": -0.58
        },
        "2014": {
            "cash": 0,
            "stock": 0,
            "eps": -1.25
        },
        "2015": {
            "cash": 0,
            "stock": 0,
            "eps": 0.29
        },
        "2016": {
            "cash": 0,
            "stock": 0,
            "eps": 8.11
        },
        "2017": {
            "cash": 2,
            "stock": 0,
            "eps": 0.5
        },
        "2018": {
            "cash": 0.3,
            "stock": 0,
            "eps": 1.02
        },
        "2019": {
            "cash": 0.5,
            "stock": 0,
            "eps": -3
        },
        "2020": {
            "cash": 0,
            "stock": 0,
            "eps": 3.84
        },
        "2021": {
            "cash": 0.6,
            "stock": 0,
            "eps": 0.96
        },
        "2022": {
            "cash": 0.3,
            "stock": 0,
            "eps": 1.79
        },
        "2023": {
            "cash": 0.7,
            "stock": 0,
            "eps": 3.25
        },
        "2024": {
            "cash": 1.68,
            "stock": 0,
            "eps": 0
        }
    },
    "dividends": {
        "2001-05-31": {
            "cash": 0,
            "stock": 3.5
        },
        "2002-06-28": {
            "cash": 0,
            "stock": 2
        },
        "2003-04-17": {
            "cash": 0.5,
            "stock": 2
        },
        "2004-04-16": {
            "cash": 1.4,
            "stock": 1.5
        },
        "2005-03-31": {
            "cash": 2,
            "stock": 1
        },
        "2006-03-10": {
            "cash": 0.8,
            "stock": 0.4
        },
        "2007-03-19": {
            "cash": 0.3,
            "stock": 0.1
        },
        "2017-08-22": {
            "cash": 2,
            "stock": 0
        },
        "2018-09-28": {
            "cash": 0.3,
            "stock": 0
        },
        "2019-10-18": {
            "cash": 0.5,
            "stock": 0
        },
        "2021-05-21": {
            "cash": 0.6,
            "stock": 0
        },
        "2022-05-19": {
            "cash": 0.3,
            "stock": 0
        },
        "2023-04-26": {
            "cash": 0.7,
            "stock": 0
        },
        "2024-02-29": {
            "cash": 1.68,
            "stock": 0
        }
    },
    "prices": {
        "200101": "無",
        "200102": "無",
        "200103": "無",
        "200104": "無",
        "200105": "無",
        "200106": "無",
        "200107": "無",
        "200108": "無",
        "200109": "無",
        "200110": "無",
        "200111": "無",
        "200112": "無",
        "200201": "無",
        "200202": "無",
        "200203": "無",
        "200204": "無",
        "200205": "無",
        "200206": "無",
        "200207": "無",
        "200208": "無",
        "200209": "無",
        "200210": "無",
        "200211": "無",
        "200212": "無",
        "200301": "無",
        "200302": "無",
        "200303": "42.17",
        "200304": "58.55",
        "200305": "70.79",
        "200306": "75.12",
        "200307": "78.20",
        "200308": "81.43",
        "200309": "84.90",
        "200310": "76.43",
        "200311": "84.52",
        "200312": "104.89",
        "200401": "100.10",
        "200402": "100.25",
        "200403": "94.65",
        "200404": "95.25",
        "200405": "87.36",
        "200406": "70.98",
        "200407": "60.70",
        "200408": "58.50",
        "200409": "55.64",
        "200410": "54.70",
        "200411": "45.38",
        "200412": "39.12",
        "200501": "36.22",
        "200502": "38.12",
        "200503": "38.33",
        "200504": "43.10",
        "200505": "41.00",
        "200506": "39.90",
        "200507": "45.33",
        "200508": "50.66",
        "200509": "45.23",
        "200510": "37.02",
        "200511": "30.77",
        "200512": "34.14",
        "200601": "36.06",
        "200602": "32.70",
        "200603": "34.28",
        "200604": "36.49",
        "200605": "33.09",
        "200606": "27.07",
        "200607": "25.00",
        "200608": "28.47",
        "200609": "30.75",
        "200610": "29.42",
        "200611": "27.41",
        "200612": "27.88",
        "200701": "31.47",
        "200702": "33.31",
        "200703": "31.98",
        "200704": "34.05",
        "200705": "31.50",
        "200706": "33.03",
        "200707": "35.97",
        "200708": "25.19",
        "200709": "20.67",
        "200710": "23.70",
        "200711": "25.85",
        "200712": "24.43",
        "200801": "19.99",
        "200802": "19.70",
        "200803": "19.95",
        "200804": "20.83",
        "200805": "19.59",
        "200806": "15.00",
        "200807": "9.72",
        "200808": "11.25",
        "200809": "9.22",
        "200810": "9.34",
        "200811": "6.20",
        "200812": "5.78",
        "200901": "5.38",
        "200902": "5.32",
        "200903": "8.19",
        "200904": "9.30",
        "200905": "11.25",
        "200906": "11.71",
        "200907": "12.56",
        "200908": "13.29",
        "200909": "13.04",
        "200910": "12.20",
        "200911": "10.62",
        "200912": "10.86",
        "201001": "11.00",
        "201002": "8.65",
        "201003": "8.72",
        "201004": "8.74",
        "201005": "7.02",
        "201006": "7.94",
        "201007": "7.65",
        "201008": "8.03",
        "201009": "7.26",
        "201010": "6.98",
        "201011": "6.13",
        "201012": "6.82",
        "201101": "7.16",
        "201102": "6.66",
        "201103": "6.48",
        "201104": "6.46",
        "201105": "6.56",
        "201106": "6.57",
        "201107": "6.02",
        "201108": "6.40",
        "201109": "11.64",
        "201110": "12.48",
        "201111": "13.23",
        "201112": "9.93",
        "201201": "10.10",
        "201202": "13.18",
        "201203": "15.07",
        "201204": "12.78",
        "201205": "11.53",
        "201206": "11.27",
        "201207": "11.32",
        "201208": "12.92",
        "201209": "12.87",
        "201210": "11.64",
        "201211": "10.41",
        "201212": "10.91",
        "201301": "11.28",
        "201302": "10.78",
        "201303": "10.83",
        "201304": "10.25",
        "201305": "11.00",
        "201306": "10.75",
        "201307": "10.08",
        "201308": "9.08",
        "201309": "8.80",
        "201310": "8.92",
        "201311": "8.01",
        "201312": "7.63",
        "201401": "8.29",
        "201402": "8.08",
        "201403": "8.26",
        "201404": "8.13",
        "201405": "7.30",
        "201406": "7.38",
        "201407": "7.32",
        "201408": "7.21",
        "201409": "6.78",
        "201410": "5.58",
        "201411": "5.13",
        "201412": "5.77",
        "201501": "6.00",
        "201502": "6.06",
        "201503": "6.62",
        "201504": "6.42",
        "201505": "8.78",
        "201506": "10.15",
        "201507": "9.36",
        "201508": "6.65",
        "201509": "8.11",
        "201510": "9.13",
        "201511": "8.93",
        "201512": "8.54",
        "201601": "8.56",
        "201602": "9.09",
        "201603": "10.54",
        "201604": "10.96",
        "201605": "10.40",
        "201606": "13.06",
        "201607": "14.86",
        "201608": "15.52",
        "201609": "18.28",
        "201610": "19.99",
        "201611": "18.93",
        "201612": "19.63",
        "201701": "20.17",
        "201702": "21.14",
        "201703": "21.80",
        "201704": "21.72",
        "201705": "19.82",
        "201706": "20.18",
        "201707": "20.52",
        "201708": "16.77",
        "201709": "16.98",
        "201710": "17.31",
        "201711": "17.49",
        "201712": "19.57",
        "201801": "19.95",
        "201802": "19.82",
        "201803": "19.43",
        "201804": "18.02",
        "201805": "17.35",
        "201806": "17.42",
        "201807": "17.53",
        "201808": "18.21",
        "201809": "17.57",
        "201810": "15.96",
        "201811": "17.63",
        "201812": "17.88",
        "201901": "17.80",
        "201902": "17.01",
        "201903": "17.81",
        "201904": "15.04",
        "201905": "12.23",
        "201906": "11.75",
        "201907": "12.81",
        "201908": "12.23",
        "201909": "13.11",
        "201910": "13.57",
        "201911": "12.98",
        "201912": "13.02",
        "202001": "13.19",
        "202002": "11.72",
        "202003": "9.12",
        "202004": "9.82",
        "202005": "10.66",
        "202006": "13.33",
        "202007": "14.60",
        "202008": "15.52",
        "202009": "16.30",
        "202010": "16.05",
        "202011": "16.17",
        "202012": "17.83",
        "202101": "20.71",
        "202102": "21.18",
        "202103": "21.52",
        "202104": "23.11",
        "202105": "18.27",
        "202106": "18.66",
        "202107": "19.50",
        "202108": "18.01",
        "202109": "17.51",
        "202110": "17.92",
        "202111": "19.34",
        "202112": "31.60",
        "202201": "33.97",
        "202202": "32.08",
        "202203": "33.80",
        "202204": "38.66",
        "202205": "38.80",
        "202206": "43.62",
        "202207": "39.83",
        "202208": "38.85",
        "202209": "38.26",
        "202210": "31.91",
        "202211": "34.47",
        "202212": "37.29",
        "202301": "36.80",
        "202302": "47.16",
        "202303": "67.34",
        "202304": "90.03",
        "202305": "105.56",
        "202306": "144.90",
        "202307": "142.79",
        "202308": "131.57",
        "202309": "140.42",
        "202310": "131.78",
        "202311": "120.93",
        "202312": "113.31"
    },
    "quarters": {
        "20011": {
            "year_quarter": 20011,
            "year": 2001,
            "quarter": 1,
            "eps": null,
            "eps_growth_year": null,
            "eps_4q": null,
            "eps_4q_growth_year": null,
            "roe": null,
            "roe_4q": 0,
            "gross_profit": null,
            "gross_margin": null,
            "gross_margin_4q_avg": 0,
            "net_income": null,
            "net_income_4q": null,
            "revenue": null,
            "revenue_4q": null,
            "common_shares": null,
            "book_valuer_per_share": null,
            "book_valuer_per_share_4q_avg": 0,
            "equity": null,
            "current_ratio": null,
            "debt_ratio": null,
            "inventory_turnover_ratio": null,
            "account_receivable_turnover_ratio": null,
            "reinvestment_rate": null,
            "research_to_sale_ratio": null,
            "price_fair": 0,
            "eps_avg_yearly": 0,
            "eps_latest_yearly": 0,
            "eps_growth_yearly": 0
        },
        "20012": {
            "year_quarter": 20012,
            "year": 2001,
            "quarter": 2,
            "eps": null,
            "eps_growth_year": null,
            "eps_4q": null,
            "eps_4q_growth_year": null,
            "roe": null,
            "roe_4q": 0,
            "gross_profit": null,
            "gross_margin": null,
            "gross_margin_4q_avg": 0,
            "net_income": null,
            "net_income_4q": null,
            "revenue": null,
            "revenue_4q": null,
            "common_shares": null,
            "book_valuer_per_share": null,
            "book_valuer_per_share_4q_avg": 0,
            "equity": null,
            "current_ratio": null,
            "debt_ratio": null,
            "inventory_turnover_ratio": null,
            "account_receivable_turnover_ratio": null,
            "reinvestment_rate": null,
            "research_to_sale_ratio": null,
            "price_fair": 0,
            "eps_avg_yearly": 0,
            "eps_latest_yearly": 0,
            "eps_growth_yearly": 0
        },
        "20013": {
            "year_quarter": 20013,
            "year": 2001,
            "quarter": 3,
            "eps": null,
            "eps_growth_year": null,
            "eps_4q": null,
            "eps_4q_growth_year": null,
            "roe": null,
            "roe_4q": 0,
            "gross_profit": null,
            "gross_margin": null,
            "gross_margin_4q_avg": 0,
            "net_income": null,
            "net_income_4q": null,
            "revenue": null,
            "revenue_4q": null,
            "common_shares": null,
            "book_valuer_per_share": null,
            "book_valuer_per_share_4q_avg": 0,
            "equity": null,
            "current_ratio": null,
            "debt_ratio": null,
            "inventory_turnover_ratio": null,
            "account_receivable_turnover_ratio": null,
            "reinvestment_rate": null,
            "research_to_sale_ratio": null,
            "price_fair": 0,
            "eps_avg_yearly": 0,
            "eps_latest_yearly": 0,
            "eps_growth_yearly": 0
        },
        "20014": {
            "year_quarter": 20014,
            "year": 2001,
            "quarter": 4,
            "eps": null,
            "eps_growth_year": null,
            "eps_4q": null,
            "eps_4q_growth_year": null,
            "roe": null,
            "roe_4q": 0,
            "gross_profit": null,
            "gross_margin": null,
            "gross_margin_4q_avg": 0,
            "net_income": null,
            "net_income_4q": null,
            "revenue": null,
            "revenue_4q": null,
            "common_shares": 854796,
            "book_valuer_per_share": 21.21,
            "book_valuer_per_share_4q_avg": 5.3,
            "equity": 1813375,
            "current_ratio": 285.99,
            "debt_ratio": 30.47,
            "inventory_turnover_ratio": null,
            "account_receivable_turnover_ratio": null,
            "reinvestment_rate": null,
            "research_to_sale_ratio": null,
            "price_fair": 0,
            "eps_avg_yearly": 0,
            "eps_latest_yearly": 0,
            "eps_growth_yearly": 0
        },
        "20021": {
            "year_quarter": 20021,
            "year": 2002,
            "quarter": 1,
            "eps": 0.49,
            "eps_growth_year": null,
            "eps_4q": null,
            "eps_4q_growth_year": null,
            "roe": 2.35,
            "roe_4q": 2.35,
            "gross_profit": 78308,
            "gross_margin": 30.29,
            "gross_margin_4q_avg": 7.57,
            "net_income": 41705,
            "net_income_4q": null,
            "revenue": 258541,
            "revenue_4q": null,
            "common_shares": 854796,
            "book_valuer_per_share": 20.33,
            "book_valuer_per_share_4q_avg": 10.39,
            "equity": 1737546,
            "current_ratio": 178.14,
            "debt_ratio": 37.86,
            "inventory_turnover_ratio": 0.59,
            "account_receivable_turnover_ratio": null,
            "reinvestment_rate": null,
            "research_to_sale_ratio": null,
            "price_fair": 0,
            "eps_avg_yearly": 0,
            "eps_latest_yearly": 0,
            "eps_growth_yearly": 0
        },
        "20022": {
            "year_quarter": 20022,
            "year": 2002,
            "quarter": 2,
            "eps": 0.62,
            "eps_growth_year": null,
            "eps_4q": null,
            "eps_4q_growth_year": null,
            "roe": 2.9,
            "roe_4q": 5.25,
            "gross_profit": 139540,
            "gross_margin": 34.54,
            "gross_margin_4q_avg": 16.21,
            "net_income": 53120,
            "net_income_4q": null,
            "revenue": 404040,
            "revenue_4q": null,
            "common_shares": 854796,
            "book_valuer_per_share": 22.55,
            "book_valuer_per_share_4q_avg": 16.02,
            "equity": 1927277,
            "current_ratio": 170.39,
            "debt_ratio": 33.75,
            "inventory_turnover_ratio": 0.99,
            "account_receivable_turnover_ratio": null,
            "reinvestment_rate": null,
            "research_to_sale_ratio": null,
            "price_fair": 86.8,
            "eps_avg_yearly": 2.48,
            "eps_latest_yearly": 2.48,
            "eps_growth_yearly": 106.12
        },
        "20023": {
            "year_quarter": 20023,
            "year": 2002,
            "quarter": 3,
            "eps": 0.26,
            "eps_growth_year": null,
            "eps_4q": null,
            "eps_4q_growth_year": null,
            "roe": 1.39,
            "roe_4q": 6.640000000000001,
            "gross_profit": 85027,
            "gross_margin": 30.81,
            "gross_margin_4q_avg": 23.91,
            "net_income": 26963,
            "net_income_4q": null,
            "revenue": 276007,
            "revenue_4q": null,
            "common_shares": 1045817,
            "book_valuer_per_share": 18.79,
            "book_valuer_per_share_4q_avg": 20.72,
            "equity": 1965496,
            "current_ratio": 147.18,
            "debt_ratio": 33.63,
            "inventory_turnover_ratio": 0.84,
            "account_receivable_turnover_ratio": null,
            "reinvestment_rate": null,
            "research_to_sale_ratio": null,
            "price_fair": 5.28,
            "eps_avg_yearly": 1.76,
            "eps_latest_yearly": 1.04,
            "eps_growth_yearly": -63.07
        },
        "20024": {
            "year_quarter": 20024,
            "year": 2002,
            "quarter": 4,
            "eps": 0.95,
            "eps_growth_year": null,
            "eps_4q": 2.12,
            "eps_4q_growth_year": null,
            "roe": 4.92,
            "roe_4q": 11.559999999999999,
            "gross_profit": 182856,
            "gross_margin": 41.38,
            "gross_margin_4q_avg": 34.26,
            "net_income": 99303,
            "net_income_4q": null,
            "revenue": 441864,
            "revenue_4q": null,
            "common_shares": 1045817,
            "book_valuer_per_share": 19.79,
            "book_valuer_per_share_4q_avg": 20.37,
            "equity": 2069164,
            "current_ratio": 109.07,
            "debt_ratio": 38.37,
            "inventory_turnover_ratio": 1.06,
            "account_receivable_turnover_ratio": null,
            "reinvestment_rate": null,
            "research_to_sale_ratio": null,
            "price_fair": 85.4,
            "eps_avg_yearly": 2.44,
            "eps_latest_yearly": 3.8,
            "eps_growth_yearly": 311.8
        },
        "20031": {
            "year_quarter": 20031,
            "year": 2003,
            "quarter": 1,
            "eps": 1.13,
            "eps_growth_year": 130.61,
            "eps_4q": 2.81,
            "eps_4q_growth_year": null,
            "roe": 5.24,
            "roe_4q": 14.450000000000001,
            "gross_profit": 220919,
            "gross_margin": 44.4,
            "gross_margin_4q_avg": 37.78,
            "net_income": 120834,
            "net_income_4q": null,
            "revenue": 497603,
            "revenue_4q": null,
            "common_shares": 1149218,
            "book_valuer_per_share": 22.09,
            "book_valuer_per_share_4q_avg": 20.81,
            "equity": 2539187,
            "current_ratio": 191.7,
            "debt_ratio": 26.37,
            "inventory_turnover_ratio": 1.05,
            "account_receivable_turnover_ratio": null,
            "reinvestment_rate": null,
            "research_to_sale_ratio": null,
            "price_fair": 103.6,
            "eps_avg_yearly": 2.96,
            "eps_latest_yearly": 4.52,
            "eps_growth_yearly": 252.8
        },
        "20032": {
            "year_quarter": 20032,
            "year": 2003,
            "quarter": 2,
            "eps": 1.02,
            "eps_growth_year": 64.52,
            "eps_4q": 2.84,
            "eps_4q_growth_year": null,
            "roe": 5.38,
            "roe_4q": 16.93,
            "gross_profit": 225785,
            "gross_margin": 38.76,
            "gross_margin_4q_avg": 38.84,
            "net_income": 138669,
            "net_income_4q": null,
            "revenue": 582568,
            "revenue_4q": null,
            "common_shares": 1149217,
            "book_valuer_per_share": 22.8,
            "book_valuer_per_share_4q_avg": 20.87,
            "equity": 2620068,
            "current_ratio": 189.67,
            "debt_ratio": 28.02,
            "inventory_turnover_ratio": 1.27,
            "account_receivable_turnover_ratio": null,
            "reinvestment_rate": null,
            "research_to_sale_ratio": null,
            "price_fair": 111.44,
            "eps_avg_yearly": 3.18,
            "eps_latest_yearly": 4.08,
            "eps_growth_yearly": 194.45
        },
        "20033": {
            "year_quarter": 20033,
            "year": 2003,
            "quarter": 3,
            "eps": 0.72,
            "eps_growth_year": 176.92,
            "eps_4q": 3.34,
            "eps_4q_growth_year": null,
            "roe": 3.69,
            "roe_4q": 19.23,
            "gross_profit": 197414,
            "gross_margin": 36.92,
            "gross_margin_4q_avg": 40.37,
            "net_income": 98463,
            "net_income_4q": null,
            "revenue": 534711,
            "revenue_4q": null,
            "common_shares": 1402938,
            "book_valuer_per_share": 19.32,
            "book_valuer_per_share_4q_avg": 21,
            "equity": 2710282,
            "current_ratio": 168.53,
            "debt_ratio": 27.2,
            "inventory_turnover_ratio": 1.09,
            "account_receivable_turnover_ratio": null,
            "reinvestment_rate": null,
            "research_to_sale_ratio": null,
            "price_fair": 109.67,
            "eps_avg_yearly": 3.13,
            "eps_latest_yearly": 2.88,
            "eps_growth_yearly": 142.43
        },
        "20034": {
            "year_quarter": 20034,
            "year": 2003,
            "quarter": 4,
            "eps": 1.24,
            "eps_growth_year": 30.53,
            "eps_4q": 3.84,
            "eps_4q_growth_year": 81.39,
            "roe": 6.1,
            "roe_4q": 20.409999999999997,
            "gross_profit": 308488,
            "gross_margin": 45.76,
            "gross_margin_4q_avg": 41.46,
            "net_income": 170941,
            "net_income_4q": null,
            "revenue": 674160,
            "revenue_4q": null,
            "common_shares": 1402938,
            "book_valuer_per_share": 20.61,
            "book_valuer_per_share_4q_avg": 21.21,
            "equity": 2892008,
            "current_ratio": 107.37,
            "debt_ratio": 40.41,
            "inventory_turnover_ratio": 0.76,
            "account_receivable_turnover_ratio": null,
            "reinvestment_rate": null,
            "research_to_sale_ratio": null,
            "price_fair": 118.8,
            "eps_avg_yearly": 3.39,
            "eps_latest_yearly": 4.96,
            "eps_growth_yearly": 163.36
        },
        "20041": {
            "year_quarter": 20041,
            "year": 2004,
            "quarter": 1,
            "eps": 1.15,
            "eps_growth_year": 1.77,
            "eps_4q": 4.06,
            "eps_4q_growth_year": 44.7,
            "roe": 5.43,
            "roe_4q": 20.599999999999998,
            "gross_profit": 292179,
            "gross_margin": 43.24,
            "gross_margin_4q_avg": 41.17,
            "net_income": 161122,
            "net_income_4q": null,
            "revenue": 675754,
            "revenue_4q": null,
            "common_shares": 1402938,
            "book_valuer_per_share": 21.67,
            "book_valuer_per_share_4q_avg": 21.1,
            "equity": 3040411,
            "current_ratio": 172.99,
            "debt_ratio": 33.17,
            "inventory_turnover_ratio": 0.73,
            "account_receivable_turnover_ratio": null,
            "reinvestment_rate": null,
            "research_to_sale_ratio": null,
            "price_fair": 124.08,
            "eps_avg_yearly": 3.55,
            "eps_latest_yearly": 4.6,
            "eps_growth_yearly": 139.31
        },
        "20042": {
            "year_quarter": 20042,
            "year": 2004,
            "quarter": 2,
            "eps": 1.19,
            "eps_growth_year": 16.67,
            "eps_4q": 3.79,
            "eps_4q_growth_year": 33.6,
            "roe": 6.46,
            "roe_4q": 21.680000000000003,
            "gross_profit": 260865,
            "gross_margin": 44.84,
            "gross_margin_4q_avg": 42.69,
            "net_income": 196972,
            "net_income_4q": null,
            "revenue": 581790,
            "revenue_4q": null,
            "common_shares": 1402938,
            "book_valuer_per_share": 21.81,
            "book_valuer_per_share_4q_avg": 20.85,
            "equity": 3059214,
            "current_ratio": 129.65,
            "debt_ratio": 46.96,
            "inventory_turnover_ratio": 0.74,
            "account_receivable_turnover_ratio": null,
            "reinvestment_rate": null,
            "research_to_sale_ratio": null,
            "price_fair": 128.8,
            "eps_avg_yearly": 3.68,
            "eps_latest_yearly": 4.76,
            "eps_growth_yearly": 125.38
        },
        "20043": {
            "year_quarter": 20043,
            "year": 2004,
            "quarter": 3,
            "eps": 1.15,
            "eps_growth_year": 59.72,
            "eps_4q": 4.33,
            "eps_4q_growth_year": 29.57,
            "roe": 6,
            "roe_4q": 23.990000000000002,
            "gross_profit": 225154,
            "gross_margin": 33.12,
            "gross_margin_4q_avg": 41.74,
            "net_income": 191162,
            "net_income_4q": null,
            "revenue": 679885,
            "revenue_4q": null,
            "common_shares": 1659638,
            "book_valuer_per_share": 19.98,
            "book_valuer_per_share_4q_avg": 21.02,
            "equity": 3316631,
            "current_ratio": 135.39,
            "debt_ratio": 44.33,
            "inventory_turnover_ratio": 0.99,
            "account_receivable_turnover_ratio": null,
            "reinvestment_rate": null,
            "research_to_sale_ratio": null,
            "price_fair": 132.02,
            "eps_avg_yearly": 3.77,
            "eps_latest_yearly": 4.6,
            "eps_growth_yearly": 111.49
        },
        "20044": {
            "year_quarter": 20044,
            "year": 2004,
            "quarter": 4,
            "eps": 0.45,
            "eps_growth_year": -63.71,
            "eps_4q": 3.71,
            "eps_4q_growth_year": -3.32,
            "roe": 2.28,
            "roe_4q": 20.169999999999998,
            "gross_profit": 156089,
            "gross_margin": 26.19,
            "gross_margin_4q_avg": 36.85,
            "net_income": 75838,
            "net_income_4q": null,
            "revenue": 596045,
            "revenue_4q": null,
            "common_shares": 1727799,
            "book_valuer_per_share": 19.37,
            "book_valuer_per_share_4q_avg": 20.71,
            "equity": 3347790,
            "current_ratio": 100.78,
            "debt_ratio": 54.16,
            "inventory_turnover_ratio": 0.7,
            "account_receivable_turnover_ratio": null,
            "reinvestment_rate": null,
            "research_to_sale_ratio": null,
            "price_fair": 125.75,
            "eps_avg_yearly": 3.59,
            "eps_latest_yearly": 1.8,
            "eps_growth_yearly": 79.22
        },
        "20051": {
            "year_quarter": 20051,
            "year": 2005,
            "quarter": 1,
            "eps": 0.02,
            "eps_growth_year": -98.26,
            "eps_4q": 2.44,
            "eps_4q_growth_year": -39.99,
            "roe": 0.11,
            "roe_4q": 14.850000000000001,
            "gross_profit": 106349,
            "gross_margin": 23.43,
            "gross_margin_4q_avg": 31.9,
            "net_income": 3838,
            "net_income_4q": null,
            "revenue": 453857,
            "revenue_4q": null,
            "common_shares": 1846798,
            "book_valuer_per_share": 20.8,
            "book_valuer_per_share_4q_avg": 20.49,
            "equity": 3840784,
            "current_ratio": 257.34,
            "debt_ratio": 21.91,
            "inventory_turnover_ratio": 0.58,
            "account_receivable_turnover_ratio": null,
            "reinvestment_rate": null,
            "research_to_sale_ratio": null,
            "price_fair": 115.5,
            "eps_avg_yearly": 3.3,
            "eps_latest_yearly": 0.08,
            "eps_growth_yearly": 40.77
        },
        "20052": {
            "year_quarter": 20052,
            "year": 2005,
            "quarter": 2,
            "eps": 0.35,
            "eps_growth_year": -70.59,
            "eps_4q": 1.7,
            "eps_4q_growth_year": -55.23,
            "roe": 1.91,
            "roe_4q": 10.3,
            "gross_profit": 68939,
            "gross_margin": 15.78,
            "gross_margin_4q_avg": 24.63,
            "net_income": 70362,
            "net_income_4q": null,
            "revenue": 436959,
            "revenue_4q": null,
            "common_shares": 1846798,
            "book_valuer_per_share": 19.04,
            "book_valuer_per_share_4q_avg": 19.8,
            "equity": 3515861,
            "current_ratio": 213.78,
            "debt_ratio": 24.39,
            "inventory_turnover_ratio": 1.03,
            "account_receivable_turnover_ratio": null,
            "reinvestment_rate": null,
            "research_to_sale_ratio": null,
            "price_fair": 110.38,
            "eps_avg_yearly": 3.15,
            "eps_latest_yearly": 1.4,
            "eps_growth_yearly": 545.33
        },
        "20053": {
            "year_quarter": 20053,
            "year": 2005,
            "quarter": 3,
            "eps": 0.51,
            "eps_growth_year": -55.65,
            "eps_4q": 1.26,
            "eps_4q_growth_year": -70.91,
            "roe": 2.84,
            "roe_4q": 7.140000000000001,
            "gross_profit": 70107,
            "gross_margin": 18.29,
            "gross_margin_4q_avg": 20.92,
            "net_income": 101966,
            "net_income_4q": null,
            "revenue": 383265,
            "revenue_4q": null,
            "common_shares": 2044471,
            "book_valuer_per_share": 17.87,
            "book_valuer_per_share_4q_avg": 19.27,
            "equity": 3653575,
            "current_ratio": 235.71,
            "debt_ratio": 19.03,
            "inventory_turnover_ratio": 1.02,
            "account_receivable_turnover_ratio": null,
            "reinvestment_rate": null,
            "research_to_sale_ratio": null,
            "price_fair": 107.6,
            "eps_avg_yearly": 3.07,
            "eps_latest_yearly": 2.04,
            "eps_growth_yearly": 519.43
        },
        "20054": {
            "year_quarter": 20054,
            "year": 2005,
            "quarter": 4,
            "eps": 0.33,
            "eps_growth_year": -26.67,
            "eps_4q": 1.19,
            "eps_4q_growth_year": -67.93,
            "roe": 1.81,
            "roe_4q": 6.670000000000001,
            "gross_profit": 60157,
            "gross_margin": 17.12,
            "gross_margin_4q_avg": 18.66,
            "net_income": 67651,
            "net_income_4q": null,
            "revenue": 351444,
            "revenue_4q": null,
            "common_shares": 2102604,
            "book_valuer_per_share": 18.12,
            "book_valuer_per_share_4q_avg": 18.96,
            "equity": 3811027,
            "current_ratio": 195.68,
            "debt_ratio": 41.88,
            "inventory_turnover_ratio": 0.57,
            "account_receivable_turnover_ratio": null,
            "reinvestment_rate": 113.49,
            "research_to_sale_ratio": null,
            "price_fair": 103.51,
            "eps_avg_yearly": 2.96,
            "eps_latest_yearly": 1.32,
            "eps_growth_yearly": 475.39
        },
        "20061": {
            "year_quarter": 20061,
            "year": 2006,
            "quarter": 1,
            "eps": 0.17,
            "eps_growth_year": 750,
            "eps_4q": 1.33,
            "eps_4q_growth_year": -45.26,
            "roe": 0.86,
            "roe_4q": 7.42,
            "gross_profit": 53791,
            "gross_margin": 17.42,
            "gross_margin_4q_avg": 17.15,
            "net_income": 35034,
            "net_income_4q": null,
            "revenue": 308711,
            "revenue_4q": null,
            "common_shares": 2265070,
            "book_valuer_per_share": 18.98,
            "book_valuer_per_share_4q_avg": 18.5,
            "equity": 4299646,
            "current_ratio": 336.41,
            "debt_ratio": 15.95,
            "inventory_turnover_ratio": 0.52,
            "account_receivable_turnover_ratio": null,
            "reinvestment_rate": -22.37,
            "research_to_sale_ratio": null,
            "price_fair": 98.53,
            "eps_avg_yearly": 2.82,
            "eps_latest_yearly": 0.68,
            "eps_growth_yearly": 433.56
        },
        "20062": {
            "year_quarter": 20062,
            "year": 2006,
            "quarter": 2,
            "eps": 0.16,
            "eps_growth_year": -54.29,
            "eps_4q": 1.08,
            "eps_4q_growth_year": -36.31,
            "roe": 0.84,
            "roe_4q": 6.35,
            "gross_profit": 37954,
            "gross_margin": 11.47,
            "gross_margin_4q_avg": 16.08,
            "net_income": 35554,
            "net_income_4q": null,
            "revenue": 331036,
            "revenue_4q": null,
            "common_shares": 2265070,
            "book_valuer_per_share": 18.31,
            "book_valuer_per_share_4q_avg": 18.32,
            "equity": 4147671,
            "current_ratio": 476.04,
            "debt_ratio": 11.32,
            "inventory_turnover_ratio": 1.28,
            "account_receivable_turnover_ratio": null,
            "reinvestment_rate": -27.67,
            "research_to_sale_ratio": null,
            "price_fair": 94.5,
            "eps_avg_yearly": 2.7,
            "eps_latest_yearly": 0.64,
            "eps_growth_yearly": 425.46
        },
        "20063": {
            "year_quarter": 20063,
            "year": 2006,
            "quarter": 3,
            "eps": 0.14,
            "eps_growth_year": -72.55,
            "eps_4q": 0.72,
            "eps_4q_growth_year": -43.04,
            "roe": 0.8,
            "roe_4q": 4.3100000000000005,
            "gross_profit": 33309,
            "gross_margin": 7.48,
            "gross_margin_4q_avg": 13.37,
            "net_income": 33490,
            "net_income_4q": null,
            "revenue": 445472,
            "revenue_4q": null,
            "common_shares": 2368875,
            "book_valuer_per_share": 17.91,
            "book_valuer_per_share_4q_avg": 18.33,
            "equity": 4241514,
            "current_ratio": 733.01,
            "debt_ratio": 8.21,
            "inventory_turnover_ratio": 2.08,
            "account_receivable_turnover_ratio": null,
            "reinvestment_rate": -25.38,
            "research_to_sale_ratio": null,
            "price_fair": 93.45,
            "eps_avg_yearly": 2.67,
            "eps_latest_yearly": 0.56,
            "eps_growth_yearly": 436.85
        },
        "20064": {
            "year_quarter": 20064,
            "year": 2006,
            "quarter": 4,
            "eps": -0.01,
            "eps_growth_year": -103.03,
            "eps_4q": 0.44,
            "eps_4q_growth_year": -63.01,
            "roe": -0.03,
            "roe_4q": 2.4699999999999998,
            "gross_profit": 76539,
            "gross_margin": 20.61,
            "gross_margin_4q_avg": 14.25,
            "net_income": -1275,
            "net_income_4q": null,
            "revenue": 371341,
            "revenue_4q": null,
            "common_shares": 2368875,
            "book_valuer_per_share": 17.88,
            "book_valuer_per_share_4q_avg": 18.27,
            "equity": 4236001,
            "current_ratio": 147,
            "debt_ratio": 44.9,
            "inventory_turnover_ratio": 0.62,
            "account_receivable_turnover_ratio": null,
            "reinvestment_rate": 143.56,
            "research_to_sale_ratio": null,
            "price_fair": 90.81,
            "eps_avg_yearly": 2.59,
            "eps_latest_yearly": 0.56,
            "eps_growth_yearly": 395.2
        },
        "20071": {
            "year_quarter": 20071,
            "year": 2007,
            "quarter": 1,
            "eps": 0.01,
            "eps_growth_year": -94.12,
            "eps_4q": 0.26,
            "eps_4q_growth_year": -80.68,
            "roe": 0.06,
            "roe_4q": 1.67,
            "gross_profit": 39842,
            "gross_margin": 13.03,
            "gross_margin_4q_avg": 13.15,
            "net_income": 2734,
            "net_income_4q": null,
            "revenue": 305696,
            "revenue_4q": null,
            "common_shares": 2368875,
            "book_valuer_per_share": 18.11,
            "book_valuer_per_share_4q_avg": 18.05,
            "equity": 4289976,
            "current_ratio": 676.54,
            "debt_ratio": 8.15,
            "inventory_turnover_ratio": 0.54,
            "account_receivable_turnover_ratio": null,
            "reinvestment_rate": -24.48,
            "research_to_sale_ratio": null,
            "price_fair": 86,
            "eps_avg_yearly": 2.46,
            "eps_latest_yearly": 0.56,
            "eps_growth_yearly": 418.02
        },
        "20072": {
            "year_quarter": 20072,
            "year": 2007,
            "quarter": 2,
            "eps": -0.1,
            "eps_growth_year": -162.5,
            "eps_4q": 0.05,
            "eps_4q_growth_year": -95.44,
            "roe": -0.55,
            "roe_4q": 0.28,
            "gross_profit": 49474,
            "gross_margin": 15.56,
            "gross_margin_4q_avg": 14.17,
            "net_income": -23279,
            "net_income_4q": null,
            "revenue": 317882,
            "revenue_4q": null,
            "common_shares": 2368875,
            "book_valuer_per_share": 17.77,
            "book_valuer_per_share_4q_avg": 17.92,
            "equity": 4209261,
            "current_ratio": 472.41,
            "debt_ratio": 9.68,
            "inventory_turnover_ratio": 1.42,
            "account_receivable_turnover_ratio": null,
            "reinvestment_rate": -30.15,
            "research_to_sale_ratio": null,
            "price_fair": 81.63,
            "eps_avg_yearly": 2.33,
            "eps_latest_yearly": 0.56,
            "eps_growth_yearly": 453.17
        },
        "20073": {
            "year_quarter": 20073,
            "year": 2007,
            "quarter": 3,
            "eps": -0.1,
            "eps_growth_year": -171.43,
            "eps_4q": -0.19,
            "eps_4q_growth_year": -127.14,
            "roe": -0.59,
            "roe_4q": -1.11,
            "gross_profit": 24211,
            "gross_margin": 8.89,
            "gross_margin_4q_avg": 14.52,
            "net_income": -24908,
            "net_income_4q": null,
            "revenue": 272354,
            "revenue_4q": null,
            "common_shares": 2398192,
            "book_valuer_per_share": 17.51,
            "book_valuer_per_share_4q_avg": 17.82,
            "equity": 4200048,
            "current_ratio": 707.75,
            "debt_ratio": 7.87,
            "inventory_turnover_ratio": 1.48,
            "account_receivable_turnover_ratio": null,
            "reinvestment_rate": -44.36,
            "research_to_sale_ratio": null,
            "price_fair": 80.03,
            "eps_avg_yearly": 2.29,
            "eps_latest_yearly": 0.56,
            "eps_growth_yearly": 500.74
        },
        "20074": {
            "year_quarter": 20074,
            "year": 2007,
            "quarter": 4,
            "eps": 0.24,
            "eps_growth_year": null,
            "eps_4q": 0.05,
            "eps_4q_growth_year": -88.97,
            "roe": 1.34,
            "roe_4q": 0.26000000000000006,
            "gross_profit": 12825,
            "gross_margin": 4.07,
            "gross_margin_4q_avg": 10.39,
            "net_income": 56966,
            "net_income_4q": null,
            "revenue": 315466,
            "revenue_4q": null,
            "common_shares": 2398192,
            "book_valuer_per_share": 18,
            "book_valuer_per_share_4q_avg": 17.85,
            "equity": 4317890,
            "current_ratio": 105.08,
            "debt_ratio": 50.37,
            "inventory_turnover_ratio": 0.52,
            "account_receivable_turnover_ratio": null,
            "reinvestment_rate": 190.51,
            "research_to_sale_ratio": null,
            "price_fair": 71.53,
            "eps_avg_yearly": 2.04,
            "eps_latest_yearly": 0.56,
            "eps_growth_yearly": 520
        },
        "20081": {
            "year_quarter": 20081,
            "year": 2008,
            "quarter": 1,
            "eps": -0.41,
            "eps_growth_year": -4200,
            "eps_4q": -0.37,
            "eps_4q_growth_year": -244.78,
            "roe": -2.31,
            "roe_4q": -2.1100000000000003,
            "gross_profit": 184697,
            "gross_margin": 14.64,
            "gross_margin_4q_avg": 10.79,
            "net_income": -98224,
            "net_income_4q": null,
            "revenue": 1261879,
            "revenue_4q": null,
            "common_shares": 2398192,
            "book_valuer_per_share": 17.4,
            "book_valuer_per_share_4q_avg": 17.67,
            "equity": 4172951,
            "current_ratio": 106.79,
            "debt_ratio": 49.43,
            "inventory_turnover_ratio": 1.09,
            "account_receivable_turnover_ratio": null,
            "reinvestment_rate": 396.46,
            "research_to_sale_ratio": null,
            "price_fair": 62.58,
            "eps_avg_yearly": 1.79,
            "eps_latest_yearly": 0.56,
            "eps_growth_yearly": 574.9
        },
        "20082": {
            "year_quarter": 20082,
            "year": 2008,
            "quarter": 2,
            "eps": -0.64,
            "eps_growth_year": null,
            "eps_4q": -0.92,
            "eps_4q_growth_year": -1958.26,
            "roe": -3.75,
            "roe_4q": -5.3100000000000005,
            "gross_profit": -91472,
            "gross_margin": -7.49,
            "gross_margin_4q_avg": 5.03,
            "net_income": -153377,
            "net_income_4q": null,
            "revenue": 1221043,
            "revenue_4q": null,
            "common_shares": 2398192,
            "book_valuer_per_share": 16.68,
            "book_valuer_per_share_4q_avg": 17.4,
            "equity": 4000507,
            "current_ratio": 92.02,
            "debt_ratio": 54.61,
            "inventory_turnover_ratio": 1.4,
            "account_receivable_turnover_ratio": null,
            "reinvestment_rate": 783.84,
            "research_to_sale_ratio": null,
            "price_fair": 51.02,
            "eps_avg_yearly": 1.46,
            "eps_latest_yearly": 0.56,
            "eps_growth_yearly": 637.23
        },
        "20083": {
            "year_quarter": 20083,
            "year": 2008,
            "quarter": 3,
            "eps": -0.27,
            "eps_growth_year": null,
            "eps_4q": -1.07,
            "eps_4q_growth_year": null,
            "roe": -1.57,
            "roe_4q": -6.290000000000001,
            "gross_profit": 98950,
            "gross_margin": 6.68,
            "gross_margin_4q_avg": 4.48,
            "net_income": -63034,
            "net_income_4q": null,
            "revenue": 1480657,
            "revenue_4q": null,
            "common_shares": 2398192,
            "book_valuer_per_share": 16.76,
            "book_valuer_per_share_4q_avg": 17.21,
            "equity": 4019886,
            "current_ratio": 85.49,
            "debt_ratio": 55.32,
            "inventory_turnover_ratio": 1.52,
            "account_receivable_turnover_ratio": null,
            "reinvestment_rate": 2724.97,
            "research_to_sale_ratio": null,
            "price_fair": 37.28,
            "eps_avg_yearly": 1.07,
            "eps_latest_yearly": 0.56,
            "eps_growth_yearly": 718.56
        },
        "20084": {
            "year_quarter": 20084,
            "year": 2008,
            "quarter": 4,
            "eps": -5.84,
            "eps_growth_year": -2533.33,
            "eps_4q": -7.17,
            "eps_4q_growth_year": -14881.98,
            "roe": -41.63,
            "roe_4q": -49.260000000000005,
            "gross_profit": -162169,
            "gross_margin": -13.2,
            "gross_margin_4q_avg": 0.16,
            "net_income": -1381929,
            "net_income_4q": null,
            "revenue": 1228769,
            "revenue_4q": null,
            "common_shares": 2329052,
            "book_valuer_per_share": 11.25,
            "book_valuer_per_share_4q_avg": 15.52,
            "equity": 2619473,
            "current_ratio": 70.16,
            "debt_ratio": 62.7,
            "inventory_turnover_ratio": 1.74,
            "account_receivable_turnover_ratio": 1.59,
            "reinvestment_rate": null,
            "research_to_sale_ratio": null,
            "price_fair": 33.6,
            "eps_avg_yearly": 0.96,
            "eps_latest_yearly": 0.56,
            "eps_growth_yearly": 856
        },
        "20091": {
            "year_quarter": 20091,
            "year": 2009,
            "quarter": 1,
            "eps": -0.97,
            "eps_growth_year": null,
            "eps_4q": -6.49,
            "eps_4q_growth_year": null,
            "roe": -8.95,
            "roe_4q": -55.9,
            "gross_profit": 22056,
            "gross_margin": 2.53,
            "gross_margin_4q_avg": -2.87,
            "net_income": -236597,
            "net_income_4q": null,
            "revenue": 870416,
            "revenue_4q": null,
            "common_shares": 2829052,
            "book_valuer_per_share": 9.43,
            "book_valuer_per_share_4q_avg": 13.53,
            "equity": 2667959,
            "current_ratio": 89.01,
            "debt_ratio": 62.37,
            "inventory_turnover_ratio": 1.34,
            "account_receivable_turnover_ratio": 0.65,
            "reinvestment_rate": null,
            "research_to_sale_ratio": null,
            "price_fair": 38.73,
            "eps_avg_yearly": 1.11,
            "eps_latest_yearly": 0.56,
            "eps_growth_yearly": 1062.37
        },
        "20092": {
            "year_quarter": 20092,
            "year": 2009,
            "quarter": 2,
            "eps": -1.24,
            "eps_growth_year": null,
            "eps_4q": -7.09,
            "eps_4q_growth_year": null,
            "roe": -13.15,
            "roe_4q": -65.3,
            "gross_profit": -211106,
            "gross_margin": -32.02,
            "gross_margin_4q_avg": -9,
            "net_income": -325053,
            "net_income_4q": null,
            "revenue": 659379,
            "revenue_4q": null,
            "common_shares": 2829052,
            "book_valuer_per_share": 8.04,
            "book_valuer_per_share_4q_avg": 11.37,
            "equity": 2274573,
            "current_ratio": 94.15,
            "debt_ratio": 59.31,
            "inventory_turnover_ratio": 1.98,
            "account_receivable_turnover_ratio": 0.59,
            "reinvestment_rate": null,
            "research_to_sale_ratio": null,
            "price_fair": 3.14,
            "eps_avg_yearly": 1.05,
            "eps_latest_yearly": 0.56,
            "eps_growth_yearly": -45.16
        },
        "20093": {
            "year_quarter": 20093,
            "year": 2009,
            "quarter": 3,
            "eps": -1.2,
            "eps_growth_year": null,
            "eps_4q": -8.01,
            "eps_4q_growth_year": null,
            "roe": -15.41,
            "roe_4q": -79.14000000000001,
            "gross_profit": -84920,
            "gross_margin": -17.66,
            "gross_margin_4q_avg": -15.09,
            "net_income": -323826,
            "net_income_4q": null,
            "revenue": 480775,
            "revenue_4q": null,
            "common_shares": 2829052,
            "book_valuer_per_share": 6.81,
            "book_valuer_per_share_4q_avg": 8.88,
            "equity": 1927610,
            "current_ratio": 84.07,
            "debt_ratio": 56.91,
            "inventory_turnover_ratio": 1.89,
            "account_receivable_turnover_ratio": 0.55,
            "reinvestment_rate": null,
            "research_to_sale_ratio": null,
            "price_fair": 2.4,
            "eps_avg_yearly": 0.8,
            "eps_latest_yearly": 0.56,
            "eps_growth_yearly": -102.16
        },
        "20094": {
            "year_quarter": 20094,
            "year": 2009,
            "quarter": 4,
            "eps": -0.78,
            "eps_growth_year": null,
            "eps_4q": -3.88,
            "eps_4q_growth_year": null,
            "roe": -11.62,
            "roe_4q": -49.129999999999995,
            "gross_profit": -107700,
            "gross_margin": -28.49,
            "gross_margin_4q_avg": -18.91,
            "net_income": -211676,
            "net_income_4q": null,
            "revenue": 378090,
            "revenue_4q": null,
            "common_shares": 2829052,
            "book_valuer_per_share": 6.06,
            "book_valuer_per_share_4q_avg": 7.59,
            "equity": 1714988,
            "current_ratio": 74.17,
            "debt_ratio": 57.33,
            "inventory_turnover_ratio": 1.92,
            "account_receivable_turnover_ratio": 1.63,
            "reinvestment_rate": null,
            "research_to_sale_ratio": null,
            "price_fair": 1.88,
            "eps_avg_yearly": 0.63,
            "eps_latest_yearly": 0.56,
            "eps_growth_yearly": -89.16
        },
        "20101": {
            "year_quarter": 20101,
            "year": 2010,
            "quarter": 1,
            "eps": -0.28,
            "eps_growth_year": null,
            "eps_4q": -3.32,
            "eps_4q_growth_year": null,
            "roe": -4.65,
            "roe_4q": -44.83,
            "gross_profit": 3423,
            "gross_margin": 0.92,
            "gross_margin_4q_avg": -19.31,
            "net_income": -77837,
            "net_income_4q": null,
            "revenue": 372604,
            "revenue_4q": null,
            "common_shares": 2829052,
            "book_valuer_per_share": 5.77,
            "book_valuer_per_share_4q_avg": 6.67,
            "equity": 1631633,
            "current_ratio": 87.5,
            "debt_ratio": 57.05,
            "inventory_turnover_ratio": 1.95,
            "account_receivable_turnover_ratio": 0.8,
            "reinvestment_rate": null,
            "research_to_sale_ratio": 8.79,
            "price_fair": 1.8,
            "eps_avg_yearly": 0.6,
            "eps_latest_yearly": 0.56,
            "eps_growth_yearly": -36.76
        },
        "20102": {
            "year_quarter": 20102,
            "year": 2010,
            "quarter": 2,
            "eps": -0.1,
            "eps_growth_year": null,
            "eps_4q": -2.27,
            "eps_4q_growth_year": null,
            "roe": -1.78,
            "roe_4q": -33.46,
            "gross_profit": 15018,
            "gross_margin": 4.24,
            "gross_margin_4q_avg": -10.25,
            "net_income": -28980,
            "net_income_4q": null,
            "revenue": 353786,
            "revenue_4q": null,
            "common_shares": 2829052,
            "book_valuer_per_share": 5.71,
            "book_valuer_per_share_4q_avg": 6.09,
            "equity": 1615832,
            "current_ratio": 90.33,
            "debt_ratio": 51.98,
            "inventory_turnover_ratio": 1.76,
            "account_receivable_turnover_ratio": 0.77,
            "reinvestment_rate": null,
            "research_to_sale_ratio": 5.71,
            "price_fair": 1.68,
            "eps_avg_yearly": 0.56,
            "eps_latest_yearly": 0.56,
            "eps_growth_yearly": -50
        },
        "20103": {
            "year_quarter": 20103,
            "year": 2010,
            "quarter": 3,
            "eps": -0.18,
            "eps_growth_year": null,
            "eps_4q": -1.31,
            "eps_4q_growth_year": null,
            "roe": -3.27,
            "roe_4q": -21.32,
            "gross_profit": 12690,
            "gross_margin": 3.32,
            "gross_margin_4q_avg": -5,
            "net_income": -51557,
            "net_income_4q": null,
            "revenue": 382327,
            "revenue_4q": null,
            "common_shares": 2829052,
            "book_valuer_per_share": 5.43,
            "book_valuer_per_share_4q_avg": 5.74,
            "equity": 1537554,
            "current_ratio": 81.85,
            "debt_ratio": 51.62,
            "inventory_turnover_ratio": 1.8,
            "account_receivable_turnover_ratio": 0.86,
            "reinvestment_rate": null,
            "research_to_sale_ratio": 6.72,
            "price_fair": 0,
            "eps_avg_yearly": 0,
            "eps_latest_yearly": 0,
            "eps_growth_yearly": 0
        },
        "20104": {
            "year_quarter": 20104,
            "year": 2010,
            "quarter": 4,
            "eps": -0.12,
            "eps_growth_year": null,
            "eps_4q": -0.68,
            "eps_4q_growth_year": null,
            "roe": -2.24,
            "roe_4q": -11.940000000000001,
            "gross_profit": 48483,
            "gross_margin": 12.28,
            "gross_margin_4q_avg": 5.19,
            "net_income": -33238,
            "net_income_4q": null,
            "revenue": 394774,
            "revenue_4q": null,
            "common_shares": 2829052,
            "book_valuer_per_share": 5.06,
            "book_valuer_per_share_4q_avg": 5.49,
            "equity": 1432117,
            "current_ratio": 85.59,
            "debt_ratio": 51.96,
            "inventory_turnover_ratio": 1.76,
            "account_receivable_turnover_ratio": 0.89,
            "reinvestment_rate": null,
            "research_to_sale_ratio": 6.07,
            "price_fair": 0,
            "eps_avg_yearly": 0,
            "eps_latest_yearly": 0,
            "eps_growth_yearly": 0
        },
        "20111": {
            "year_quarter": 20111,
            "year": 2011,
            "quarter": 1,
            "eps": -0.1,
            "eps_growth_year": null,
            "eps_4q": -0.51,
            "eps_4q_growth_year": null,
            "roe": -2.04,
            "roe_4q": -9.33,
            "gross_profit": 27257,
            "gross_margin": 8.25,
            "gross_margin_4q_avg": 7.02,
            "net_income": -29704,
            "net_income_4q": null,
            "revenue": 330275,
            "revenue_4q": null,
            "common_shares": 2829052,
            "book_valuer_per_share": 5.24,
            "book_valuer_per_share_4q_avg": 5.36,
            "equity": 1482669,
            "current_ratio": 69.88,
            "debt_ratio": 51.28,
            "inventory_turnover_ratio": 1.56,
            "account_receivable_turnover_ratio": 0.75,
            "reinvestment_rate": null,
            "research_to_sale_ratio": 6.38,
            "price_fair": 0,
            "eps_avg_yearly": 0,
            "eps_latest_yearly": 0,
            "eps_growth_yearly": 0
        },
        "20112": {
            "year_quarter": 20112,
            "year": 2011,
            "quarter": 2,
            "eps": 0.07,
            "eps_growth_year": null,
            "eps_4q": -0.74,
            "eps_4q_growth_year": null,
            "roe": 0.64,
            "roe_4q": -6.91,
            "gross_profit": 63567,
            "gross_margin": 14.23,
            "gross_margin_4q_avg": 9.52,
            "net_income": 9451,
            "net_income_4q": null,
            "revenue": 446669,
            "revenue_4q": null,
            "common_shares": 1414526,
            "book_valuer_per_share": 10.43,
            "book_valuer_per_share_4q_avg": 6.54,
            "equity": 1474728,
            "current_ratio": 75.29,
            "debt_ratio": 50.94,
            "inventory_turnover_ratio": 1.92,
            "account_receivable_turnover_ratio": 0.95,
            "reinvestment_rate": null,
            "research_to_sale_ratio": 5.23,
            "price_fair": 0,
            "eps_avg_yearly": 0,
            "eps_latest_yearly": 0,
            "eps_growth_yearly": 0
        },
        "20113": {
            "year_quarter": 20113,
            "year": 2011,
            "quarter": 3,
            "eps": 0.02,
            "eps_growth_year": null,
            "eps_4q": -0.32,
            "eps_4q_growth_year": null,
            "roe": 0.15,
            "roe_4q": -3.49,
            "gross_profit": 66090,
            "gross_margin": 14.92,
            "gross_margin_4q_avg": 12.42,
            "net_income": 2426,
            "net_income_4q": null,
            "revenue": 443015,
            "revenue_4q": null,
            "common_shares": 1614526,
            "book_valuer_per_share": 10.62,
            "book_valuer_per_share_4q_avg": 7.84,
            "equity": 1715290,
            "current_ratio": 91.79,
            "debt_ratio": 50.23,
            "inventory_turnover_ratio": 1.88,
            "account_receivable_turnover_ratio": 0.82,
            "reinvestment_rate": null,
            "research_to_sale_ratio": 6.35,
            "price_fair": 0.24,
            "eps_avg_yearly": 0.08,
            "eps_latest_yearly": 0.08,
            "eps_growth_yearly": -285.71
        },
        "20114": {
            "year_quarter": 20114,
            "year": 2011,
            "quarter": 4,
            "eps": -0.01,
            "eps_growth_year": null,
            "eps_4q": -0.12,
            "eps_4q_growth_year": null,
            "roe": -0.13,
            "roe_4q": -1.38,
            "gross_profit": 47866,
            "gross_margin": 11.5,
            "gross_margin_4q_avg": 12.23,
            "net_income": -2176,
            "net_income_4q": null,
            "revenue": 416270,
            "revenue_4q": null,
            "common_shares": 1614526,
            "book_valuer_per_share": 10.58,
            "book_valuer_per_share_4q_avg": 9.22,
            "equity": 1707456,
            "current_ratio": 94.17,
            "debt_ratio": 48.64,
            "inventory_turnover_ratio": 1.78,
            "account_receivable_turnover_ratio": 0.76,
            "reinvestment_rate": null,
            "research_to_sale_ratio": 6.81,
            "price_fair": 0.24,
            "eps_avg_yearly": 0.08,
            "eps_latest_yearly": 0.08,
            "eps_growth_yearly": -285.71
        },
        "20121": {
            "year_quarter": 20121,
            "year": 2012,
            "quarter": 1,
            "eps": -0.06,
            "eps_growth_year": null,
            "eps_4q": -0,
            "eps_4q_growth_year": null,
            "roe": -0.59,
            "roe_4q": 0.07000000000000006,
            "gross_profit": 57504,
            "gross_margin": 13.79,
            "gross_margin_4q_avg": 13.61,
            "net_income": -10024,
            "net_income_4q": null,
            "revenue": 416988,
            "revenue_4q": null,
            "common_shares": 1614526,
            "book_valuer_per_share": 10.35,
            "book_valuer_per_share_4q_avg": 10.5,
            "equity": 1670237,
            "current_ratio": 96.85,
            "debt_ratio": 46.01,
            "inventory_turnover_ratio": 1.61,
            "account_receivable_turnover_ratio": 0.84,
            "reinvestment_rate": null,
            "research_to_sale_ratio": 5.19,
            "price_fair": 0.24,
            "eps_avg_yearly": 0.08,
            "eps_latest_yearly": 0.08,
            "eps_growth_yearly": -285.71
        },
        "20122": {
            "year_quarter": 20122,
            "year": 2012,
            "quarter": 2,
            "eps": -0.21,
            "eps_growth_year": -414.09,
            "eps_4q": -0.27,
            "eps_4q_growth_year": null,
            "roe": -2.04,
            "roe_4q": -2.61,
            "gross_profit": 47319,
            "gross_margin": 10.36,
            "gross_margin_4q_avg": 12.64,
            "net_income": -33882,
            "net_income_4q": null,
            "revenue": 456909,
            "revenue_4q": null,
            "common_shares": 1614526,
            "book_valuer_per_share": 10.2,
            "book_valuer_per_share_4q_avg": 10.44,
            "equity": 1647388,
            "current_ratio": 96.98,
            "debt_ratio": 46.6,
            "inventory_turnover_ratio": 1.64,
            "account_receivable_turnover_ratio": 0.88,
            "reinvestment_rate": null,
            "research_to_sale_ratio": 7.1,
            "price_fair": 0.24,
            "eps_avg_yearly": 0.08,
            "eps_latest_yearly": 0.08,
            "eps_growth_yearly": -285.71
        },
        "20123": {
            "year_quarter": 20123,
            "year": 2012,
            "quarter": 3,
            "eps": -0.4,
            "eps_growth_year": -2776.69,
            "eps_4q": -0.69,
            "eps_4q_growth_year": null,
            "roe": -4.05,
            "roe_4q": -6.81,
            "gross_profit": 19678,
            "gross_margin": 3.83,
            "gross_margin_4q_avg": 9.87,
            "net_income": -64936,
            "net_income_4q": null,
            "revenue": 513183,
            "revenue_4q": null,
            "common_shares": 1614526,
            "book_valuer_per_share": 9.68,
            "book_valuer_per_share_4q_avg": 10.2,
            "equity": 1562132,
            "current_ratio": 93.74,
            "debt_ratio": 48.61,
            "inventory_turnover_ratio": 1.97,
            "account_receivable_turnover_ratio": 0.91,
            "reinvestment_rate": null,
            "research_to_sale_ratio": 6.98,
            "price_fair": 0.24,
            "eps_avg_yearly": 0.08,
            "eps_latest_yearly": 0.08,
            "eps_growth_yearly": -285.71
        },
        "20124": {
            "year_quarter": 20124,
            "year": 2012,
            "quarter": 4,
            "eps": -0.62,
            "eps_growth_year": null,
            "eps_4q": -1.3,
            "eps_4q_growth_year": null,
            "roe": -6.64,
            "roe_4q": -13.32,
            "gross_profit": 104458,
            "gross_margin": 13.58,
            "gross_margin_4q_avg": 10.39,
            "net_income": -100249,
            "net_income_4q": null,
            "revenue": 769128,
            "revenue_4q": null,
            "common_shares": 1614526,
            "book_valuer_per_share": 9.04,
            "book_valuer_per_share_4q_avg": 9.82,
            "equity": 1459197,
            "current_ratio": 95.35,
            "debt_ratio": 51.97,
            "inventory_turnover_ratio": 2.88,
            "account_receivable_turnover_ratio": 1.1,
            "reinvestment_rate": null,
            "research_to_sale_ratio": 3.86,
            "price_fair": 0.24,
            "eps_avg_yearly": 0.08,
            "eps_latest_yearly": 0.08,
            "eps_growth_yearly": -285.71
        },
        "20131": {
            "year_quarter": 20131,
            "year": 2013,
            "quarter": 1,
            "eps": 0.14,
            "eps_growth_year": null,
            "eps_4q": -1.1,
            "eps_4q_growth_year": null,
            "roe": 1.5,
            "roe_4q": -11.23,
            "gross_profit": 68013,
            "gross_margin": 10.9,
            "gross_margin_4q_avg": 9.67,
            "net_income": 22233,
            "net_income_4q": null,
            "revenue": 624199,
            "revenue_4q": null,
            "common_shares": 1614526,
            "book_valuer_per_share": 9.32,
            "book_valuer_per_share_4q_avg": 9.56,
            "equity": 1505090,
            "current_ratio": 100.04,
            "debt_ratio": 50.62,
            "inventory_turnover_ratio": 2.57,
            "account_receivable_turnover_ratio": 0.77,
            "reinvestment_rate": null,
            "research_to_sale_ratio": 2.56,
            "price_fair": 0.24,
            "eps_avg_yearly": 0.08,
            "eps_latest_yearly": 0.08,
            "eps_growth_yearly": -285.71
        },
        "20132": {
            "year_quarter": 20132,
            "year": 2013,
            "quarter": 2,
            "eps": -0.19,
            "eps_growth_year": null,
            "eps_4q": -1.08,
            "eps_4q_growth_year": null,
            "roe": -2.07,
            "roe_4q": -11.259999999999998,
            "gross_profit": 28376,
            "gross_margin": 5.26,
            "gross_margin_4q_avg": 8.39,
            "net_income": -30989,
            "net_income_4q": null,
            "revenue": 539351,
            "revenue_4q": null,
            "common_shares": 1614526,
            "book_valuer_per_share": 9.22,
            "book_valuer_per_share_4q_avg": 9.32,
            "equity": 1488004,
            "current_ratio": 100.57,
            "debt_ratio": 49.11,
            "inventory_turnover_ratio": 2.75,
            "account_receivable_turnover_ratio": 0.74,
            "reinvestment_rate": null,
            "research_to_sale_ratio": 2.65,
            "price_fair": 0.24,
            "eps_avg_yearly": 0.08,
            "eps_latest_yearly": 0.08,
            "eps_growth_yearly": -285.71
        },
        "20133": {
            "year_quarter": 20133,
            "year": 2013,
            "quarter": 3,
            "eps": -0.67,
            "eps_growth_year": null,
            "eps_4q": -1.34,
            "eps_4q_growth_year": null,
            "roe": -7.54,
            "roe_4q": -14.75,
            "gross_profit": -26862,
            "gross_margin": -5.87,
            "gross_margin_4q_avg": 5.97,
            "net_income": -107650,
            "net_income_4q": null,
            "revenue": 457883,
            "revenue_4q": null,
            "common_shares": 1614526,
            "book_valuer_per_share": 8.47,
            "book_valuer_per_share_4q_avg": 9.01,
            "equity": 1368154,
            "current_ratio": 97.43,
            "debt_ratio": 48.47,
            "inventory_turnover_ratio": 3.2,
            "account_receivable_turnover_ratio": 0.74,
            "reinvestment_rate": null,
            "research_to_sale_ratio": 4.89,
            "price_fair": 0.24,
            "eps_avg_yearly": 0.08,
            "eps_latest_yearly": 0.08,
            "eps_growth_yearly": -285.71
        },
        "20134": {
            "year_quarter": 20134,
            "year": 2013,
            "quarter": 4,
            "eps": 0.14,
            "eps_growth_year": null,
            "eps_4q": -0.58,
            "eps_4q_growth_year": null,
            "roe": 1.6,
            "roe_4q": -6.51,
            "gross_profit": 110643,
            "gross_margin": 16.52,
            "gross_margin_4q_avg": 6.7,
            "net_income": 22163,
            "net_income_4q": null,
            "revenue": 669797,
            "revenue_4q": null,
            "common_shares": 1614526,
            "book_valuer_per_share": 8.69,
            "book_valuer_per_share_4q_avg": 8.93,
            "equity": 1402557,
            "current_ratio": 101.94,
            "debt_ratio": 50.87,
            "inventory_turnover_ratio": 4.74,
            "account_receivable_turnover_ratio": 1.01,
            "reinvestment_rate": null,
            "research_to_sale_ratio": 2.27,
            "price_fair": 0.24,
            "eps_avg_yearly": 0.08,
            "eps_latest_yearly": 0.08,
            "eps_growth_yearly": -285.71
        },
        "20141": {
            "year_quarter": 20141,
            "year": 2014,
            "quarter": 1,
            "eps": -0.31,
            "eps_growth_year": -321.43,
            "eps_4q": -1.03,
            "eps_4q_growth_year": null,
            "roe": -3.64,
            "roe_4q": -11.65,
            "gross_profit": 28032,
            "gross_margin": 6.44,
            "gross_margin_4q_avg": 5.59,
            "net_income": -50466,
            "net_income_4q": null,
            "revenue": 435190,
            "revenue_4q": null,
            "common_shares": 1614526,
            "book_valuer_per_share": 8.47,
            "book_valuer_per_share_4q_avg": 8.71,
            "equity": 1367922,
            "current_ratio": 102.89,
            "debt_ratio": 48.25,
            "inventory_turnover_ratio": 4.54,
            "account_receivable_turnover_ratio": 0.63,
            "reinvestment_rate": null,
            "research_to_sale_ratio": 3.28,
            "price_fair": 0.24,
            "eps_avg_yearly": 0.08,
            "eps_latest_yearly": 0.08,
            "eps_growth_yearly": -285.71
        },
        "20142": {
            "year_quarter": 20142,
            "year": 2014,
            "quarter": 2,
            "eps": -0.47,
            "eps_growth_year": null,
            "eps_4q": -1.31,
            "eps_4q_growth_year": null,
            "roe": -5.71,
            "roe_4q": -15.29,
            "gross_profit": -5979,
            "gross_margin": -2.19,
            "gross_margin_4q_avg": 3.73,
            "net_income": -75601,
            "net_income_4q": null,
            "revenue": 272973,
            "revenue_4q": null,
            "common_shares": 1614526,
            "book_valuer_per_share": 7.92,
            "book_valuer_per_share_4q_avg": 8.39,
            "equity": 1278106,
            "current_ratio": 107.29,
            "debt_ratio": 46.26,
            "inventory_turnover_ratio": 3.33,
            "account_receivable_turnover_ratio": 0.53,
            "reinvestment_rate": null,
            "research_to_sale_ratio": 5.78,
            "price_fair": 0.24,
            "eps_avg_yearly": 0.08,
            "eps_latest_yearly": 0.08,
            "eps_growth_yearly": -285.71
        },
        "20143": {
            "year_quarter": 20143,
            "year": 2014,
            "quarter": 3,
            "eps": -0.44,
            "eps_growth_year": null,
            "eps_4q": -1.08,
            "eps_4q_growth_year": null,
            "roe": -5.65,
            "roe_4q": -13.4,
            "gross_profit": 12770,
            "gross_margin": 4.18,
            "gross_margin_4q_avg": 6.24,
            "net_income": -70699,
            "net_income_4q": null,
            "revenue": 305300,
            "revenue_4q": null,
            "common_shares": 1614526,
            "book_valuer_per_share": 7.57,
            "book_valuer_per_share_4q_avg": 8.16,
            "equity": 1222806,
            "current_ratio": 106.22,
            "debt_ratio": 47.32,
            "inventory_turnover_ratio": 3.05,
            "account_receivable_turnover_ratio": 0.77,
            "reinvestment_rate": null,
            "research_to_sale_ratio": 4.79,
            "price_fair": 0.24,
            "eps_avg_yearly": 0.08,
            "eps_latest_yearly": 0.08,
            "eps_growth_yearly": -285.71
        },
        "20144": {
            "year_quarter": 20144,
            "year": 2014,
            "quarter": 4,
            "eps": -0.03,
            "eps_growth_year": -119.04,
            "eps_4q": -1.24,
            "eps_4q_growth_year": null,
            "roe": -0.34,
            "roe_4q": -15.34,
            "gross_profit": 52762,
            "gross_margin": 13.73,
            "gross_margin_4q_avg": 5.54,
            "net_income": -4220,
            "net_income_4q": null,
            "revenue": 384341,
            "revenue_4q": null,
            "common_shares": 1614526,
            "book_valuer_per_share": 7.77,
            "book_valuer_per_share_4q_avg": 7.93,
            "equity": 1254590,
            "current_ratio": 111.83,
            "debt_ratio": 46.91,
            "inventory_turnover_ratio": 2.86,
            "account_receivable_turnover_ratio": 0.87,
            "reinvestment_rate": null,
            "research_to_sale_ratio": 4.01,
            "price_fair": 0.24,
            "eps_avg_yearly": 0.08,
            "eps_latest_yearly": 0.08,
            "eps_growth_yearly": -285.71
        },
        "20151": {
            "year_quarter": 20151,
            "year": 2015,
            "quarter": 1,
            "eps": -0.08,
            "eps_growth_year": null,
            "eps_4q": -1.01,
            "eps_4q_growth_year": null,
            "roe": -1.05,
            "roe_4q": -12.75,
            "gross_profit": 42652,
            "gross_margin": 10.44,
            "gross_margin_4q_avg": 6.54,
            "net_income": -13049,
            "net_income_4q": null,
            "revenue": 408503,
            "revenue_4q": null,
            "common_shares": 1614526,
            "book_valuer_per_share": 7.65,
            "book_valuer_per_share_4q_avg": 7.73,
            "equity": 1235138,
            "current_ratio": 116.74,
            "debt_ratio": 46.33,
            "inventory_turnover_ratio": 3.12,
            "account_receivable_turnover_ratio": 0.78,
            "reinvestment_rate": null,
            "research_to_sale_ratio": 3.69,
            "price_fair": 0.24,
            "eps_avg_yearly": 0.08,
            "eps_latest_yearly": 0.08,
            "eps_growth_yearly": -285.71
        },
        "20152": {
            "year_quarter": 20152,
            "year": 2015,
            "quarter": 2,
            "eps": 0.12,
            "eps_growth_year": null,
            "eps_4q": -0.43,
            "eps_4q_growth_year": null,
            "roe": 1.52,
            "roe_4q": -5.5200000000000005,
            "gross_profit": 70373,
            "gross_margin": 18.28,
            "gross_margin_4q_avg": 11.66,
            "net_income": 18927,
            "net_income_4q": null,
            "revenue": 384931,
            "revenue_4q": null,
            "common_shares": 1614526,
            "book_valuer_per_share": 7.73,
            "book_valuer_per_share_4q_avg": 7.68,
            "equity": 1247846,
            "current_ratio": 126.17,
            "debt_ratio": 45.34,
            "inventory_turnover_ratio": 2.78,
            "account_receivable_turnover_ratio": 0.75,
            "reinvestment_rate": null,
            "research_to_sale_ratio": 4.5,
            "price_fair": 0.24,
            "eps_avg_yearly": 0.08,
            "eps_latest_yearly": 0.08,
            "eps_growth_yearly": -285.71
        },
        "20153": {
            "year_quarter": 20153,
            "year": 2015,
            "quarter": 3,
            "eps": -0.09,
            "eps_growth_year": null,
            "eps_4q": -0.08,
            "eps_4q_growth_year": null,
            "roe": -1.11,
            "roe_4q": -0.9800000000000002,
            "gross_profit": 57590,
            "gross_margin": 13.4,
            "gross_margin_4q_avg": 13.96,
            "net_income": -14033,
            "net_income_4q": null,
            "revenue": 429649,
            "revenue_4q": null,
            "common_shares": 1614526,
            "book_valuer_per_share": 7.9,
            "book_valuer_per_share_4q_avg": 7.76,
            "equity": 1275938,
            "current_ratio": 133.86,
            "debt_ratio": 46.81,
            "inventory_turnover_ratio": 2.56,
            "account_receivable_turnover_ratio": 0.8,
            "reinvestment_rate": null,
            "research_to_sale_ratio": 4.06,
            "price_fair": 0,
            "eps_avg_yearly": 0,
            "eps_latest_yearly": 0,
            "eps_growth_yearly": 0
        },
        "20154": {
            "year_quarter": 20154,
            "year": 2015,
            "quarter": 4,
            "eps": 0.34,
            "eps_growth_year": null,
            "eps_4q": 0.29,
            "eps_4q_growth_year": null,
            "roe": 4.29,
            "roe_4q": 3.6499999999999995,
            "gross_profit": 125322,
            "gross_margin": 23.4,
            "gross_margin_4q_avg": 16.38,
            "net_income": 55635,
            "net_income_4q": null,
            "revenue": 535501,
            "revenue_4q": null,
            "common_shares": 1614526,
            "book_valuer_per_share": 8.16,
            "book_valuer_per_share_4q_avg": 7.86,
            "equity": 1318003,
            "current_ratio": 142.56,
            "debt_ratio": 46.42,
            "inventory_turnover_ratio": 2.41,
            "account_receivable_turnover_ratio": 0.9,
            "reinvestment_rate": null,
            "research_to_sale_ratio": 3.02,
            "price_fair": 0,
            "eps_avg_yearly": 0,
            "eps_latest_yearly": 0,
            "eps_growth_yearly": 0
        },
        "20161": {
            "year_quarter": 20161,
            "year": 2016,
            "quarter": 1,
            "eps": 0.23,
            "eps_growth_year": null,
            "eps_4q": 0.61,
            "eps_4q_growth_year": null,
            "roe": 2.83,
            "roe_4q": 7.529999999999999,
            "gross_profit": 103921,
            "gross_margin": 20.55,
            "gross_margin_4q_avg": 18.91,
            "net_income": 37682,
            "net_income_4q": null,
            "revenue": 505665,
            "revenue_4q": null,
            "common_shares": 1614526,
            "book_valuer_per_share": 8.3,
            "book_valuer_per_share_4q_avg": 8.02,
            "equity": 1340626,
            "current_ratio": 150.65,
            "debt_ratio": 43.78,
            "inventory_turnover_ratio": 2.15,
            "account_receivable_turnover_ratio": 0.8,
            "reinvestment_rate": null,
            "research_to_sale_ratio": 2.95,
            "price_fair": 2.76,
            "eps_avg_yearly": 0.92,
            "eps_latest_yearly": 0.92,
            "eps_growth_yearly": -129.41
        },
        "20162": {
            "year_quarter": 20162,
            "year": 2016,
            "quarter": 2,
            "eps": 0.21,
            "eps_growth_year": 75,
            "eps_4q": 0.69,
            "eps_4q_growth_year": null,
            "roe": 2.43,
            "roe_4q": 8.440000000000001,
            "gross_profit": 109994,
            "gross_margin": 20.37,
            "gross_margin_4q_avg": 19.43,
            "net_income": 32933,
            "net_income_4q": null,
            "revenue": 539936,
            "revenue_4q": null,
            "common_shares": 1614526,
            "book_valuer_per_share": 8.47,
            "book_valuer_per_share_4q_avg": 8.21,
            "equity": 1369838,
            "current_ratio": 146.52,
            "debt_ratio": 46.87,
            "inventory_turnover_ratio": 1.93,
            "account_receivable_turnover_ratio": 0.81,
            "reinvestment_rate": null,
            "research_to_sale_ratio": 2.67,
            "price_fair": 2.64,
            "eps_avg_yearly": 0.88,
            "eps_latest_yearly": 0.84,
            "eps_growth_yearly": -82.1
        },
        "20163": {
            "year_quarter": 20163,
            "year": 2016,
            "quarter": 3,
            "eps": 0.19,
            "eps_growth_year": null,
            "eps_4q": 0.96,
            "eps_4q_growth_year": null,
            "roe": 2.24,
            "roe_4q": 11.79,
            "gross_profit": 106103,
            "gross_margin": 18.86,
            "gross_margin_4q_avg": 20.8,
            "net_income": 30884,
            "net_income_4q": null,
            "revenue": 562656,
            "revenue_4q": null,
            "common_shares": 1617426,
            "book_valuer_per_share": 8.51,
            "book_valuer_per_share_4q_avg": 8.36,
            "equity": 1392238,
            "current_ratio": 167.58,
            "debt_ratio": 47.92,
            "inventory_turnover_ratio": 1.73,
            "account_receivable_turnover_ratio": 0.76,
            "reinvestment_rate": null,
            "research_to_sale_ratio": 2.8,
            "price_fair": 2.52,
            "eps_avg_yearly": 0.84,
            "eps_latest_yearly": 0.76,
            "eps_growth_yearly": -67.43
        },
        "20164": {
            "year_quarter": 20164,
            "year": 2016,
            "quarter": 4,
            "eps": 7.48,
            "eps_growth_year": 2070.22,
            "eps_4q": 8.1,
            "eps_4q_growth_year": 2653.04,
            "roe": 63.57,
            "roe_4q": 71.07000000000001,
            "gross_profit": 83499,
            "gross_margin": 12.55,
            "gross_margin_4q_avg": 18.08,
            "net_income": 1228663,
            "net_income_4q": null,
            "revenue": 665322,
            "revenue_4q": null,
            "common_shares": 1635921,
            "book_valuer_per_share": 15.06,
            "book_valuer_per_share_4q_avg": 10.09,
            "equity": 2473597,
            "current_ratio": 279.54,
            "debt_ratio": 30.31,
            "inventory_turnover_ratio": 1.93,
            "account_receivable_turnover_ratio": 0.79,
            "reinvestment_rate": -214.25,
            "research_to_sale_ratio": 2.39,
            "price_fair": 283.85,
            "eps_avg_yearly": 8.11,
            "eps_latest_yearly": 29.92,
            "eps_growth_yearly": 3786.27
        },
        "20171": {
            "year_quarter": 20171,
            "year": 2017,
            "quarter": 1,
            "eps": -0.05,
            "eps_growth_year": -121.74,
            "eps_4q": 7.81,
            "eps_4q_growth_year": 1184.52,
            "roe": -0.31,
            "roe_4q": 67.93,
            "gross_profit": 151252,
            "gross_margin": 22.35,
            "gross_margin_4q_avg": 18.53,
            "net_income": -7497,
            "net_income_4q": null,
            "revenue": 676627,
            "revenue_4q": null,
            "common_shares": 1643021,
            "book_valuer_per_share": 14.71,
            "book_valuer_per_share_4q_avg": 11.69,
            "equity": 2418744,
            "current_ratio": 232.38,
            "debt_ratio": 35.09,
            "inventory_turnover_ratio": 1.57,
            "account_receivable_turnover_ratio": 0.76,
            "reinvestment_rate": -83.43,
            "research_to_sale_ratio": 2.46,
            "price_fair": 283.85,
            "eps_avg_yearly": 8.11,
            "eps_latest_yearly": 29.92,
            "eps_growth_yearly": 3786.27
        },
        "20172": {
            "year_quarter": 20172,
            "year": 2017,
            "quarter": 2,
            "eps": -0.06,
            "eps_growth_year": -128.57,
            "eps_4q": 7.52,
            "eps_4q_growth_year": 983.27,
            "roe": -0.47,
            "roe_4q": 65.03,
            "gross_profit": 127612,
            "gross_margin": 18.02,
            "gross_margin_4q_avg": 17.95,
            "net_income": -10579,
            "net_income_4q": null,
            "revenue": 708221,
            "revenue_4q": null,
            "common_shares": 1644538,
            "book_valuer_per_share": 12.68,
            "book_valuer_per_share_4q_avg": 12.74,
            "equity": 2094356,
            "current_ratio": 182.16,
            "debt_ratio": 43.11,
            "inventory_turnover_ratio": 1.52,
            "account_receivable_turnover_ratio": 0.77,
            "reinvestment_rate": -39.23,
            "research_to_sale_ratio": 2.71,
            "price_fair": 283.85,
            "eps_avg_yearly": 8.11,
            "eps_latest_yearly": 29.92,
            "eps_growth_yearly": 3786.27
        },
        "20173": {
            "year_quarter": 20173,
            "year": 2017,
            "quarter": 3,
            "eps": 0.17,
            "eps_growth_year": -10.53,
            "eps_4q": 7.49,
            "eps_4q_growth_year": 679.86,
            "roe": 1.35,
            "roe_4q": 64.14,
            "gross_profit": 131258,
            "gross_margin": 16.37,
            "gross_margin_4q_avg": 17.32,
            "net_income": 28434,
            "net_income_4q": null,
            "revenue": 801666,
            "revenue_4q": null,
            "common_shares": 1651871,
            "book_valuer_per_share": 12.83,
            "book_valuer_per_share_4q_avg": 13.82,
            "equity": 2121420,
            "current_ratio": 165.96,
            "debt_ratio": 44.4,
            "inventory_turnover_ratio": 1.55,
            "account_receivable_turnover_ratio": 0.78,
            "reinvestment_rate": -28.73,
            "research_to_sale_ratio": 2.57,
            "price_fair": 283.85,
            "eps_avg_yearly": 8.11,
            "eps_latest_yearly": 29.92,
            "eps_growth_yearly": 3786.27
        },
        "20174": {
            "year_quarter": 20174,
            "year": 2017,
            "quarter": 4,
            "eps": 0.44,
            "eps_growth_year": -94.15,
            "eps_4q": 0.5,
            "eps_4q_growth_year": -93.82,
            "roe": 3.36,
            "roe_4q": 3.93,
            "gross_profit": 211125,
            "gross_margin": 22.92,
            "gross_margin_4q_avg": 19.92,
            "net_income": 72391,
            "net_income_4q": null,
            "revenue": 921166,
            "revenue_4q": null,
            "common_shares": 1654101,
            "book_valuer_per_share": 13.2,
            "book_valuer_per_share_4q_avg": 13.36,
            "equity": 2183544,
            "current_ratio": 159.5,
            "debt_ratio": 45.1,
            "inventory_turnover_ratio": 1.49,
            "account_receivable_turnover_ratio": 0.79,
            "reinvestment_rate": -14.49,
            "research_to_sale_ratio": 3.75,
            "price_fair": 239.4,
            "eps_avg_yearly": 6.84,
            "eps_latest_yearly": 1.76,
            "eps_growth_yearly": 3156.07
        },
        "20181": {
            "year_quarter": 20181,
            "year": 2018,
            "quarter": 1,
            "eps": -0.07,
            "eps_growth_year": null,
            "eps_4q": 0.47,
            "eps_4q_growth_year": -93.93,
            "roe": -0.54,
            "roe_4q": 3.7,
            "gross_profit": 134347,
            "gross_margin": 16.16,
            "gross_margin_4q_avg": 18.37,
            "net_income": -11772,
            "net_income_4q": null,
            "revenue": 831249,
            "revenue_4q": null,
            "common_shares": 1654211,
            "book_valuer_per_share": 13.1,
            "book_valuer_per_share_4q_avg": 12.95,
            "equity": 2168003,
            "current_ratio": 149.17,
            "debt_ratio": 45.32,
            "inventory_turnover_ratio": 1.43,
            "account_receivable_turnover_ratio": 0.7,
            "reinvestment_rate": -1.15,
            "research_to_sale_ratio": 5.47,
            "price_fair": 239.4,
            "eps_avg_yearly": 6.84,
            "eps_latest_yearly": 1.76,
            "eps_growth_yearly": 3156.07
        },
        "20182": {
            "year_quarter": 20182,
            "year": 2018,
            "quarter": 2,
            "eps": 0.26,
            "eps_growth_year": null,
            "eps_4q": 0.79,
            "eps_4q_growth_year": -89.46,
            "roe": 1.95,
            "roe_4q": 6.119999999999999,
            "gross_profit": 176461,
            "gross_margin": 19.64,
            "gross_margin_4q_avg": 18.77,
            "net_income": 42672,
            "net_income_4q": null,
            "revenue": 898354,
            "revenue_4q": null,
            "common_shares": 1655001,
            "book_valuer_per_share": 13.22,
            "book_valuer_per_share_4q_avg": 13.09,
            "equity": 2198609,
            "current_ratio": 143.21,
            "debt_ratio": 45.07,
            "inventory_turnover_ratio": 1.65,
            "account_receivable_turnover_ratio": 0.76,
            "reinvestment_rate": 15.53,
            "research_to_sale_ratio": 5.23,
            "price_fair": 239.4,
            "eps_avg_yearly": 6.84,
            "eps_latest_yearly": 1.76,
            "eps_growth_yearly": 3156.07
        },
        "20183": {
            "year_quarter": 20183,
            "year": 2018,
            "quarter": 3,
            "eps": 0.47,
            "eps_growth_year": 176.47,
            "eps_4q": 1.09,
            "eps_4q_growth_year": -85.51,
            "roe": 3.5,
            "roe_4q": 8.27,
            "gross_profit": 246673,
            "gross_margin": 22.39,
            "gross_margin_4q_avg": 20.28,
            "net_income": 77689,
            "net_income_4q": null,
            "revenue": 1101693,
            "revenue_4q": null,
            "common_shares": 1662826,
            "book_valuer_per_share": 13.47,
            "book_valuer_per_share_4q_avg": 13.25,
            "equity": 2245585,
            "current_ratio": 125.89,
            "debt_ratio": 48.66,
            "inventory_turnover_ratio": 2.24,
            "account_receivable_turnover_ratio": 0.83,
            "reinvestment_rate": 30.59,
            "research_to_sale_ratio": 4.51,
            "price_fair": 210.47,
            "eps_avg_yearly": 6.01,
            "eps_latest_yearly": 1.88,
            "eps_growth_yearly": 2683.91
        },
        "20184": {
            "year_quarter": 20184,
            "year": 2018,
            "quarter": 4,
            "eps": 0.36,
            "eps_growth_year": -18.4,
            "eps_4q": 1.01,
            "eps_4q_growth_year": 101.29,
            "roe": 2.61,
            "roe_4q": 7.519999999999999,
            "gross_profit": 213769,
            "gross_margin": 21.69,
            "gross_margin_4q_avg": 19.97,
            "net_income": 59674,
            "net_income_4q": null,
            "revenue": 985579,
            "revenue_4q": null,
            "common_shares": 1667676,
            "book_valuer_per_share": 13.93,
            "book_valuer_per_share_4q_avg": 13.43,
            "equity": 2328322,
            "current_ratio": 118.81,
            "debt_ratio": 50.12,
            "inventory_turnover_ratio": 2.13,
            "account_receivable_turnover_ratio": 0.69,
            "reinvestment_rate": 40.6,
            "research_to_sale_ratio": 5.69,
            "price_fair": 187.6,
            "eps_avg_yearly": 5.36,
            "eps_latest_yearly": 1.44,
            "eps_growth_yearly": 2287.12
        },
        "20191": {
            "year_quarter": 20191,
            "year": 2019,
            "quarter": 1,
            "eps": 0.04,
            "eps_growth_year": null,
            "eps_4q": 1.12,
            "eps_4q_growth_year": 135.24,
            "roe": 0.3,
            "roe_4q": 8.36,
            "gross_profit": 128073,
            "gross_margin": 16.61,
            "gross_margin_4q_avg": 20.08,
            "net_income": 7129,
            "net_income_4q": null,
            "revenue": 771018,
            "revenue_4q": null,
            "common_shares": 1671396,
            "book_valuer_per_share": 14.13,
            "book_valuer_per_share_4q_avg": 13.69,
            "equity": 2371120,
            "current_ratio": 111.94,
            "debt_ratio": 50.58,
            "inventory_turnover_ratio": 1.77,
            "account_receivable_turnover_ratio": 0.61,
            "reinvestment_rate": 51.91,
            "research_to_sale_ratio": 6.81,
            "price_fair": 164.85,
            "eps_avg_yearly": 4.71,
            "eps_latest_yearly": 0.16,
            "eps_growth_yearly": 1956.78
        },
        "20192": {
            "year_quarter": 20192,
            "year": 2019,
            "quarter": 2,
            "eps": -2.1,
            "eps_growth_year": -907.69,
            "eps_4q": -1.24,
            "eps_4q_growth_year": -256.26,
            "roe": -16.39,
            "roe_4q": -9.98,
            "gross_profit": -99066,
            "gross_margin": -25.81,
            "gross_margin_4q_avg": 8.72,
            "net_income": -352806,
            "net_income_4q": null,
            "revenue": 383851,
            "revenue_4q": null,
            "common_shares": 1678466,
            "book_valuer_per_share": 11.5,
            "book_valuer_per_share_4q_avg": 13.26,
            "equity": 1935052,
            "current_ratio": 98.15,
            "debt_ratio": 59.62,
            "inventory_turnover_ratio": 1.52,
            "account_receivable_turnover_ratio": 0.4,
            "reinvestment_rate": 72.92,
            "research_to_sale_ratio": 10.39,
            "price_fair": 164.85,
            "eps_avg_yearly": 4.71,
            "eps_latest_yearly": 0.16,
            "eps_growth_yearly": 1956.78
        },
        "20193": {
            "year_quarter": 20193,
            "year": 2019,
            "quarter": 3,
            "eps": -0.93,
            "eps_growth_year": -297.87,
            "eps_4q": -2.63,
            "eps_4q_growth_year": -342.28,
            "roe": -8.49,
            "roe_4q": -21.970000000000002,
            "gross_profit": 33962,
            "gross_margin": 6.83,
            "gross_margin_4q_avg": 4.83,
            "net_income": -156968,
            "net_income_4q": null,
            "revenue": 497487,
            "revenue_4q": null,
            "common_shares": 1682691,
            "book_valuer_per_share": 10.47,
            "book_valuer_per_share_4q_avg": 12.51,
            "equity": 1764458,
            "current_ratio": 92.69,
            "debt_ratio": 59.86,
            "inventory_turnover_ratio": 1.66,
            "account_receivable_turnover_ratio": 0.69,
            "reinvestment_rate": 90.74,
            "research_to_sale_ratio": 0.53,
            "price_fair": 164.85,
            "eps_avg_yearly": 4.71,
            "eps_latest_yearly": 0.16,
            "eps_growth_yearly": 1956.78
        },
        "20194": {
            "year_quarter": 20194,
            "year": 2019,
            "quarter": 4,
            "eps": -0.01,
            "eps_growth_year": -102.31,
            "eps_4q": -2.99,
            "eps_4q_growth_year": -397.03,
            "roe": -0.08,
            "roe_4q": -24.66,
            "gross_profit": 93110,
            "gross_margin": 17.39,
            "gross_margin_4q_avg": 3.76,
            "net_income": -1392,
            "net_income_4q": null,
            "revenue": 535494,
            "revenue_4q": null,
            "common_shares": 1684613,
            "book_valuer_per_share": 10.25,
            "book_valuer_per_share_4q_avg": 11.59,
            "equity": 1727329,
            "current_ratio": 92.21,
            "debt_ratio": 55.38,
            "inventory_turnover_ratio": 1.6,
            "account_receivable_turnover_ratio": 0.85,
            "reinvestment_rate": 100.71,
            "research_to_sale_ratio": 0.41,
            "price_fair": 164.85,
            "eps_avg_yearly": 4.71,
            "eps_latest_yearly": 0.16,
            "eps_growth_yearly": 1956.78
        },
        "20201": {
            "year_quarter": 20201,
            "year": 2020,
            "quarter": 1,
            "eps": -0.14,
            "eps_growth_year": -450,
            "eps_4q": -3.17,
            "eps_4q_growth_year": -384.21,
            "roe": -1.37,
            "roe_4q": -26.330000000000002,
            "gross_profit": 88598,
            "gross_margin": 19.72,
            "gross_margin_4q_avg": 4.53,
            "net_income": -23468,
            "net_income_4q": null,
            "revenue": 449285,
            "revenue_4q": null,
            "common_shares": 1685313,
            "book_valuer_per_share": 10.12,
            "book_valuer_per_share_4q_avg": 10.59,
            "equity": 1707089,
            "current_ratio": 90.05,
            "debt_ratio": 56.14,
            "inventory_turnover_ratio": 1.41,
            "account_receivable_turnover_ratio": 0.73,
            "reinvestment_rate": 112.51,
            "research_to_sale_ratio": 4.49,
            "price_fair": 183.8,
            "eps_avg_yearly": 5.25,
            "eps_latest_yearly": 0.16,
            "eps_growth_yearly": 2254.81
        },
        "20202": {
            "year_quarter": 20202,
            "year": 2020,
            "quarter": 2,
            "eps": 3.49,
            "eps_growth_year": null,
            "eps_4q": 2.41,
            "eps_4q_growth_year": null,
            "roe": 29.58,
            "roe_4q": 19.64,
            "gross_profit": 67878,
            "gross_margin": 17.88,
            "gross_margin_4q_avg": 15.46,
            "net_income": 588948,
            "net_income_4q": null,
            "revenue": 379527,
            "revenue_4q": null,
            "common_shares": 1686501,
            "book_valuer_per_share": 13.47,
            "book_valuer_per_share_4q_avg": 11.08,
            "equity": 2275560,
            "current_ratio": 142.02,
            "debt_ratio": 40.97,
            "inventory_turnover_ratio": 1.31,
            "account_receivable_turnover_ratio": 0.7,
            "reinvestment_rate": 64.6,
            "research_to_sale_ratio": 5.81,
            "price_fair": 209.53,
            "eps_avg_yearly": 5.99,
            "eps_latest_yearly": 0.16,
            "eps_growth_yearly": 2636.41
        },
        "20203": {
            "year_quarter": 20203,
            "year": 2020,
            "quarter": 3,
            "eps": 0.06,
            "eps_growth_year": null,
            "eps_4q": 3.39,
            "eps_4q_growth_year": null,
            "roe": 0.47,
            "roe_4q": 28.599999999999998,
            "gross_profit": 128604,
            "gross_margin": 25.7,
            "gross_margin_4q_avg": 20.17,
            "net_income": 10665,
            "net_income_4q": null,
            "revenue": 500448,
            "revenue_4q": null,
            "common_shares": 1689466,
            "book_valuer_per_share": 13.56,
            "book_valuer_per_share_4q_avg": 11.85,
            "equity": 2296526,
            "current_ratio": 133.14,
            "debt_ratio": 41.06,
            "inventory_turnover_ratio": 1.39,
            "account_receivable_turnover_ratio": 0.93,
            "reinvestment_rate": 70.8,
            "research_to_sale_ratio": 4.85,
            "price_fair": 206.5,
            "eps_avg_yearly": 5.9,
            "eps_latest_yearly": 0.24,
            "eps_growth_yearly": 2577.24
        },
        "20204": {
            "year_quarter": 20204,
            "year": 2020,
            "quarter": 4,
            "eps": 0.43,
            "eps_growth_year": null,
            "eps_4q": 3.84,
            "eps_4q_growth_year": null,
            "roe": 3.15,
            "roe_4q": 31.829999999999995,
            "gross_profit": 193685,
            "gross_margin": 28.99,
            "gross_margin_4q_avg": 23.07,
            "net_income": 73689,
            "net_income_4q": null,
            "revenue": 668167,
            "revenue_4q": null,
            "common_shares": 1693646,
            "book_valuer_per_share": 14.03,
            "book_valuer_per_share_4q_avg": 12.8,
            "equity": 2377601,
            "current_ratio": 121.47,
            "debt_ratio": 46.69,
            "inventory_turnover_ratio": 1.38,
            "account_receivable_turnover_ratio": 0.98,
            "reinvestment_rate": 308.01,
            "research_to_sale_ratio": 4.2,
            "price_fair": 42,
            "eps_avg_yearly": 1.2,
            "eps_latest_yearly": 1.72,
            "eps_growth_yearly": 430.46
        },
        "20211": {
            "year_quarter": 20211,
            "year": 2021,
            "quarter": 1,
            "eps": 0.16,
            "eps_growth_year": null,
            "eps_4q": 4.12,
            "eps_4q_growth_year": null,
            "roe": 1.13,
            "roe_4q": 34.33,
            "gross_profit": 148911,
            "gross_margin": 23.35,
            "gross_margin_4q_avg": 23.98,
            "net_income": 27071,
            "net_income_4q": null,
            "revenue": 637650,
            "revenue_4q": null,
            "common_shares": 1694496,
            "book_valuer_per_share": 14.16,
            "book_valuer_per_share_4q_avg": 13.81,
            "equity": 2409634,
            "current_ratio": 110.13,
            "debt_ratio": 49.08,
            "inventory_turnover_ratio": 1.15,
            "account_receivable_turnover_ratio": 0.8,
            "reinvestment_rate": 324.32,
            "research_to_sale_ratio": 4.55,
            "price_fair": 39.2,
            "eps_avg_yearly": 1.12,
            "eps_latest_yearly": 0.64,
            "eps_growth_yearly": 333.08
        },
        "20212": {
            "year_quarter": 20212,
            "year": 2021,
            "quarter": 2,
            "eps": 0.18,
            "eps_growth_year": -94.84,
            "eps_4q": 0.83,
            "eps_4q_growth_year": -65.46,
            "roe": 1.3,
            "roe_4q": 6.05,
            "gross_profit": 167458,
            "gross_margin": 25.27,
            "gross_margin_4q_avg": 25.83,
            "net_income": 30848,
            "net_income_4q": null,
            "revenue": 662700,
            "revenue_4q": null,
            "common_shares": 1701425,
            "book_valuer_per_share": 13.64,
            "book_valuer_per_share_4q_avg": 13.85,
            "equity": 2327766,
            "current_ratio": 101.11,
            "debt_ratio": 50.32,
            "inventory_turnover_ratio": 1.04,
            "account_receivable_turnover_ratio": 0.87,
            "reinvestment_rate": 304.74,
            "research_to_sale_ratio": 5.53,
            "price_fair": 37.45,
            "eps_avg_yearly": 1.07,
            "eps_latest_yearly": 0.72,
            "eps_growth_yearly": 297.7
        },
        "20213": {
            "year_quarter": 20213,
            "year": 2021,
            "quarter": 3,
            "eps": 0.1,
            "eps_growth_year": 66.67,
            "eps_4q": 0.87,
            "eps_4q_growth_year": -74.44,
            "roe": 0.74,
            "roe_4q": 6.32,
            "gross_profit": 166591,
            "gross_margin": 25.3,
            "gross_margin_4q_avg": 25.73,
            "net_income": 17419,
            "net_income_4q": null,
            "revenue": 658555,
            "revenue_4q": null,
            "common_shares": 1706795,
            "book_valuer_per_share": 13.71,
            "book_valuer_per_share_4q_avg": 13.89,
            "equity": 2352429,
            "current_ratio": 99.66,
            "debt_ratio": 51.45,
            "inventory_turnover_ratio": 0.91,
            "account_receivable_turnover_ratio": 0.89,
            "reinvestment_rate": 370.06,
            "research_to_sale_ratio": 7.46,
            "price_fair": 34.84,
            "eps_avg_yearly": 1,
            "eps_latest_yearly": 0.4,
            "eps_growth_yearly": 244.87
        },
        "20214": {
            "year_quarter": 20214,
            "year": 2021,
            "quarter": 4,
            "eps": 0.52,
            "eps_growth_year": 18.44,
            "eps_4q": 0.95,
            "eps_4q_growth_year": -75.25,
            "roe": 3.71,
            "roe_4q": 6.88,
            "gross_profit": 250764,
            "gross_margin": 28.98,
            "gross_margin_4q_avg": 25.73,
            "net_income": 89397,
            "net_income_4q": null,
            "revenue": 865402,
            "revenue_4q": null,
            "common_shares": 1716335,
            "book_valuer_per_share": 14.29,
            "book_valuer_per_share_4q_avg": 13.95,
            "equity": 2470356,
            "current_ratio": 98.89,
            "debt_ratio": 51.81,
            "inventory_turnover_ratio": 0.98,
            "account_receivable_turnover_ratio": 0.99,
            "reinvestment_rate": 364.85,
            "research_to_sale_ratio": 9.57,
            "price_fair": 36.09,
            "eps_avg_yearly": 1.03,
            "eps_latest_yearly": 2.08,
            "eps_growth_yearly": 360.95
        },
        "20221": {
            "year_quarter": 20221,
            "year": 2022,
            "quarter": 1,
            "eps": 0.52,
            "eps_growth_year": 225,
            "eps_4q": 1.31,
            "eps_4q_growth_year": -68.06,
            "roe": 3.59,
            "roe_4q": 9.34,
            "gross_profit": 214447,
            "gross_margin": 23.13,
            "gross_margin_4q_avg": 25.67,
            "net_income": 90322,
            "net_income_4q": null,
            "revenue": 927146,
            "revenue_4q": null,
            "common_shares": 1729213,
            "book_valuer_per_share": 14.79,
            "book_valuer_per_share_4q_avg": 14.11,
            "equity": 2563626,
            "current_ratio": 100.2,
            "debt_ratio": 50.12,
            "inventory_turnover_ratio": 1.07,
            "account_receivable_turnover_ratio": 0.91,
            "reinvestment_rate": 280.49,
            "research_to_sale_ratio": 5.68,
            "price_fair": 39.76,
            "eps_avg_yearly": 1.14,
            "eps_latest_yearly": 2.08,
            "eps_growth_yearly": 324.85
        },
        "20222": {
            "year_quarter": 20222,
            "year": 2022,
            "quarter": 2,
            "eps": 0.09,
            "eps_growth_year": -50,
            "eps_4q": 1.23,
            "eps_4q_growth_year": 47.29,
            "roe": 0.6,
            "roe_4q": 8.639999999999999,
            "gross_profit": 230415,
            "gross_margin": 25.02,
            "gross_margin_4q_avg": 25.61,
            "net_income": 15341,
            "net_income_4q": null,
            "revenue": 920863,
            "revenue_4q": null,
            "common_shares": 1732813,
            "book_valuer_per_share": 14.88,
            "book_valuer_per_share_4q_avg": 14.42,
            "equity": 2577915,
            "current_ratio": 100.56,
            "debt_ratio": 49.79,
            "inventory_turnover_ratio": 1.03,
            "account_receivable_turnover_ratio": 0.88,
            "reinvestment_rate": 263.19,
            "research_to_sale_ratio": 5.88,
            "price_fair": 37.29,
            "eps_avg_yearly": 1.07,
            "eps_latest_yearly": 0.36,
            "eps_growth_yearly": 265.25
        },
        "20223": {
            "year_quarter": 20223,
            "year": 2022,
            "quarter": 3,
            "eps": 0.5,
            "eps_growth_year": 400,
            "eps_4q": 1.59,
            "eps_4q_growth_year": 83.32,
            "roe": 3.27,
            "roe_4q": 11.17,
            "gross_profit": 299742,
            "gross_margin": 27.52,
            "gross_margin_4q_avg": 26.16,
            "net_income": 87516,
            "net_income_4q": null,
            "revenue": 1089072,
            "revenue_4q": null,
            "common_shares": 1732813,
            "book_valuer_per_share": 15.8,
            "book_valuer_per_share_4q_avg": 14.94,
            "equity": 2769935,
            "current_ratio": 104.61,
            "debt_ratio": 49.29,
            "inventory_turnover_ratio": 1.17,
            "account_receivable_turnover_ratio": 0.93,
            "reinvestment_rate": 240.67,
            "research_to_sale_ratio": 6.31,
            "price_fair": 37.67,
            "eps_avg_yearly": 1.08,
            "eps_latest_yearly": 2,
            "eps_growth_yearly": 401.53
        },
        "20224": {
            "year_quarter": 20224,
            "year": 2022,
            "quarter": 4,
            "eps": 0.68,
            "eps_growth_year": 31.62,
            "eps_4q": 1.69,
            "eps_4q_growth_year": 77.67,
            "roe": 4.27,
            "roe_4q": 11.729999999999999,
            "gross_profit": 390507,
            "gross_margin": 32.01,
            "gross_margin_4q_avg": 26.92,
            "net_income": 129863,
            "net_income_4q": null,
            "revenue": 1219999,
            "revenue_4q": null,
            "common_shares": 1915478,
            "book_valuer_per_share": 17.28,
            "book_valuer_per_share_4q_avg": 15.69,
            "equity": 3309273,
            "current_ratio": 121.81,
            "debt_ratio": 45.61,
            "inventory_turnover_ratio": 1.14,
            "account_receivable_turnover_ratio": 0.91,
            "reinvestment_rate": 212.02,
            "research_to_sale_ratio": 5.91,
            "price_fair": 41.75,
            "eps_avg_yearly": 1.19,
            "eps_latest_yearly": 2.72,
            "eps_growth_yearly": 423.14
        },
        "20231": {
            "year_quarter": 20231,
            "year": 2023,
            "quarter": 1,
            "eps": 1.04,
            "eps_growth_year": 100,
            "eps_4q": 2.25,
            "eps_4q_growth_year": 71.13,
            "roe": 5.98,
            "roe_4q": 14.12,
            "gross_profit": 403975,
            "gross_margin": 30.19,
            "gross_margin_4q_avg": 28.69,
            "net_income": 200147,
            "net_income_4q": null,
            "revenue": 1338305,
            "revenue_4q": null,
            "common_shares": 1915478,
            "book_valuer_per_share": 17.62,
            "book_valuer_per_share_4q_avg": 16.4,
            "equity": 3385571,
            "current_ratio": 120.89,
            "debt_ratio": 47.13,
            "inventory_turnover_ratio": 1.18,
            "account_receivable_turnover_ratio": 0.91,
            "reinvestment_rate": 163.7,
            "research_to_sale_ratio": 5.54,
            "price_fair": 54.47,
            "eps_avg_yearly": 1.56,
            "eps_latest_yearly": 4.16,
            "eps_growth_yearly": 474.71
        },
        "20232": {
            "year_quarter": 20232,
            "year": 2023,
            "quarter": 2,
            "eps": 1.17,
            "eps_growth_year": 1200,
            "eps_4q": 3.32,
            "eps_4q_growth_year": 170.66,
            "roe": 6.46,
            "roe_4q": 19.98,
            "gross_profit": 467279,
            "gross_margin": 32.56,
            "gross_margin_4q_avg": 30.57,
            "net_income": 224326,
            "net_income_4q": null,
            "revenue": 1434967,
            "revenue_4q": null,
            "common_shares": 1921353,
            "book_valuer_per_share": 18.45,
            "book_valuer_per_share_4q_avg": 17.29,
            "equity": 3561640,
            "current_ratio": 126.67,
            "debt_ratio": 48.85,
            "inventory_turnover_ratio": 1.19,
            "account_receivable_turnover_ratio": 0.91,
            "reinvestment_rate": 115.95,
            "research_to_sale_ratio": 5.64,
            "price_fair": 63.58,
            "eps_avg_yearly": 1.82,
            "eps_latest_yearly": 4.68,
            "eps_growth_yearly": 439.32
        },
        "20233": {
            "year_quarter": 20233,
            "year": 2023,
            "quarter": 3,
            "eps": 1.04,
            "eps_growth_year": 108,
            "eps_4q": 3.9,
            "eps_4q_growth_year": 145.54,
            "roe": 5.35,
            "roe_4q": 22.06,
            "gross_profit": 457839,
            "gross_margin": 31.57,
            "gross_margin_4q_avg": 31.58,
            "net_income": 199937,
            "net_income_4q": null,
            "revenue": 1450013,
            "revenue_4q": null,
            "common_shares": 1930711,
            "book_valuer_per_share": 20.27,
            "book_valuer_per_share_4q_avg": 18.41,
            "equity": 3915343,
            "current_ratio": 119.74,
            "debt_ratio": 50.64,
            "inventory_turnover_ratio": 1.13,
            "account_receivable_turnover_ratio": 0.88,
            "reinvestment_rate": 118.78,
            "research_to_sale_ratio": 4.92,
            "price_fair": 69.89,
            "eps_avg_yearly": 2,
            "eps_latest_yearly": 4.16,
            "eps_growth_yearly": 402.11
        }
    },
    "months": {
        "2003-03": {
            "month": "2003-03",
            "price": "42.17",
            "revenue": 204173
        },
        "2003-04": {
            "month": "2003-04",
            "price": "58.55",
            "revenue": 216635
        },
        "2003-05": {
            "month": "2003-05",
            "price": "70.79",
            "revenue": 197672
        },
        "2003-06": {
            "month": "2003-06",
            "price": "75.12",
            "revenue": 168260
        },
        "2003-07": {
            "month": "2003-07",
            "price": "78.20",
            "revenue": 195400
        },
        "2003-08": {
            "month": "2003-08",
            "price": "81.43",
            "revenue": 195753
        },
        "2003-09": {
            "month": "2003-09",
            "price": "84.90",
            "revenue": 143558
        },
        "2003-10": {
            "month": "2003-10",
            "price": "76.43",
            "revenue": 231460
        },
        "2003-11": {
            "month": "2003-11",
            "price": "84.52",
            "revenue": 225098
        },
        "2003-12": {
            "month": "2003-12",
            "price": "104.89",
            "revenue": 261563
        },
        "2004-01": {
            "month": "2004-01",
            "price": "100.10",
            "revenue": 225529
        },
        "2004-02": {
            "month": "2004-02",
            "price": "100.25",
            "revenue": 200910
        },
        "2004-03": {
            "month": "2004-03",
            "price": "94.65",
            "revenue": 249314
        },
        "2004-04": {
            "month": "2004-04",
            "price": "95.25",
            "revenue": 252827
        },
        "2004-05": {
            "month": "2004-05",
            "price": "87.36",
            "revenue": 186779
        },
        "2004-06": {
            "month": "2004-06",
            "price": "70.98",
            "revenue": 142184
        },
        "2004-07": {
            "month": "2004-07",
            "price": "60.70",
            "revenue": 204852
        },
        "2004-08": {
            "month": "2004-08",
            "price": "58.50",
            "revenue": 199039
        },
        "2004-09": {
            "month": "2004-09",
            "price": "55.64",
            "revenue": 275994
        },
        "2004-10": {
            "month": "2004-10",
            "price": "54.70",
            "revenue": 227407
        },
        "2004-11": {
            "month": "2004-11",
            "price": "45.38",
            "revenue": 222454
        },
        "2004-12": {
            "month": "2004-12",
            "price": "39.12",
            "revenue": 146206
        },
        "2005-01": {
            "month": "2005-01",
            "price": "36.22",
            "revenue": 162162
        },
        "2005-02": {
            "month": "2005-02",
            "price": "38.12",
            "revenue": 140413
        },
        "2005-03": {
            "month": "2005-03",
            "price": "38.33",
            "revenue": 151282
        },
        "2005-04": {
            "month": "2005-04",
            "price": "43.10",
            "revenue": 126640
        },
        "2005-05": {
            "month": "2005-05",
            "price": "41.00",
            "revenue": 145331
        },
        "2005-06": {
            "month": "2005-06",
            "price": "39.90",
            "revenue": 164987
        },
        "2005-07": {
            "month": "2005-07",
            "price": "45.33",
            "revenue": 121397
        },
        "2005-08": {
            "month": "2005-08",
            "price": "50.66",
            "revenue": 128928
        },
        "2005-09": {
            "month": "2005-09",
            "price": "45.23",
            "revenue": 132940
        },
        "2005-10": {
            "month": "2005-10",
            "price": "37.02",
            "revenue": 126437
        },
        "2005-11": {
            "month": "2005-11",
            "price": "30.77",
            "revenue": 316691
        },
        "2005-12": {
            "month": "2005-12",
            "price": "34.14",
            "revenue": 319720
        },
        "2006-01": {
            "month": "2006-01",
            "price": "36.06",
            "revenue": 298568
        },
        "2006-02": {
            "month": "2006-02",
            "price": "32.70",
            "revenue": 247527
        },
        "2006-03": {
            "month": "2006-03",
            "price": "34.28",
            "revenue": 300744
        },
        "2006-04": {
            "month": "2006-04",
            "price": "36.49",
            "revenue": 292537
        },
        "2006-05": {
            "month": "2006-05",
            "price": "33.09",
            "revenue": 291707
        },
        "2006-06": {
            "month": "2006-06",
            "price": "27.07",
            "revenue": 293654
        },
        "2006-07": {
            "month": "2006-07",
            "price": "25.00",
            "revenue": 312364
        },
        "2006-08": {
            "month": "2006-08",
            "price": "28.47",
            "revenue": 362370
        },
        "2006-09": {
            "month": "2006-09",
            "price": "30.75",
            "revenue": 366317
        },
        "2006-10": {
            "month": "2006-10",
            "price": "29.42",
            "revenue": 347975
        },
        "2006-11": {
            "month": "2006-11",
            "price": "27.41",
            "revenue": 333585
        },
        "2006-12": {
            "month": "2006-12",
            "price": "27.88",
            "revenue": 327709
        },
        "2007-01": {
            "month": "2007-01",
            "price": "31.47",
            "revenue": 349607
        },
        "2007-02": {
            "month": "2007-02",
            "price": "33.31",
            "revenue": 259928
        },
        "2007-03": {
            "month": "2007-03",
            "price": "31.98",
            "revenue": 385440
        },
        "2007-04": {
            "month": "2007-04",
            "price": "34.05",
            "revenue": 337989
        },
        "2007-05": {
            "month": "2007-05",
            "price": "31.50",
            "revenue": 364723
        },
        "2007-06": {
            "month": "2007-06",
            "price": "33.03",
            "revenue": 372606
        },
        "2007-07": {
            "month": "2007-07",
            "price": "35.97",
            "revenue": 358982
        },
        "2007-08": {
            "month": "2007-08",
            "price": "25.19",
            "revenue": 401579
        },
        "2007-09": {
            "month": "2007-09",
            "price": "20.67",
            "revenue": 410412
        },
        "2007-10": {
            "month": "2007-10",
            "price": "23.70",
            "revenue": 437310
        },
        "2007-11": {
            "month": "2007-11",
            "price": "25.85",
            "revenue": 484330
        },
        "2007-12": {
            "month": "2007-12",
            "price": "24.43",
            "revenue": 464713
        },
        "2008-01": {
            "month": "2008-01",
            "price": "19.99",
            "revenue": 455876
        },
        "2008-02": {
            "month": "2008-02",
            "price": "19.70",
            "revenue": 322390
        },
        "2008-03": {
            "month": "2008-03",
            "price": "19.95",
            "revenue": 436201
        },
        "2008-04": {
            "month": "2008-04",
            "price": "20.83",
            "revenue": 419868
        },
        "2008-05": {
            "month": "2008-05",
            "price": "19.59",
            "revenue": 438612
        },
        "2008-06": {
            "month": "2008-06",
            "price": "15.00",
            "revenue": 372978
        },
        "2008-07": {
            "month": "2008-07",
            "price": "9.72",
            "revenue": 454706
        },
        "2008-08": {
            "month": "2008-08",
            "price": "11.25",
            "revenue": 429390
        },
        "2008-09": {
            "month": "2008-09",
            "price": "9.22",
            "revenue": 558657
        },
        "2008-10": {
            "month": "2008-10",
            "price": "9.34",
            "revenue": 466517
        },
        "2008-11": {
            "month": "2008-11",
            "price": "6.20",
            "revenue": 421799
        },
        "2008-12": {
            "month": "2008-12",
            "price": "5.78",
            "revenue": 381783
        },
        "2009-01": {
            "month": "2009-01",
            "price": "5.38",
            "revenue": 254980
        },
        "2009-02": {
            "month": "2009-02",
            "price": "5.32",
            "revenue": 347949
        },
        "2009-03": {
            "month": "2009-03",
            "price": "8.19",
            "revenue": 213167
        },
        "2009-04": {
            "month": "2009-04",
            "price": "9.30",
            "revenue": 241364
        },
        "2009-05": {
            "month": "2009-05",
            "price": "11.25",
            "revenue": 193550
        },
        "2009-06": {
            "month": "2009-06",
            "price": "11.71",
            "revenue": 178405
        },
        "2009-07": {
            "month": "2009-07",
            "price": "12.56",
            "revenue": 155332
        },
        "2009-08": {
            "month": "2009-08",
            "price": "13.29",
            "revenue": 154136
        },
        "2009-09": {
            "month": "2009-09",
            "price": "13.04",
            "revenue": 146850
        },
        "2009-10": {
            "month": "2009-10",
            "price": "12.20",
            "revenue": 126110
        },
        "2009-11": {
            "month": "2009-11",
            "price": "10.62",
            "revenue": 104047
        },
        "2009-12": {
            "month": "2009-12",
            "price": "10.86",
            "revenue": 125421
        },
        "2010-01": {
            "month": "2010-01",
            "price": "11.00",
            "revenue": 145008
        },
        "2010-02": {
            "month": "2010-02",
            "price": "8.65",
            "revenue": 92918
        },
        "2010-03": {
            "month": "2010-03",
            "price": "8.72",
            "revenue": 134394
        },
        "2010-04": {
            "month": "2010-04",
            "price": "8.74",
            "revenue": 119446
        },
        "2010-05": {
            "month": "2010-05",
            "price": "7.02",
            "revenue": 101158
        },
        "2010-06": {
            "month": "2010-06",
            "price": "7.94",
            "revenue": 129237
        },
        "2010-07": {
            "month": "2010-07",
            "price": "7.65",
            "revenue": 130000
        },
        "2010-08": {
            "month": "2010-08",
            "price": "8.03",
            "revenue": 132388
        },
        "2010-09": {
            "month": "2010-09",
            "price": "7.26",
            "revenue": 119079
        },
        "2010-10": {
            "month": "2010-10",
            "price": "6.98",
            "revenue": 126953
        },
        "2010-11": {
            "month": "2010-11",
            "price": "6.13",
            "revenue": 142034
        },
        "2010-12": {
            "month": "2010-12",
            "price": "6.82",
            "revenue": 124251
        },
        "2011-01": {
            "month": "2011-01",
            "price": "7.16",
            "revenue": 91080
        },
        "2011-02": {
            "month": "2011-02",
            "price": "6.66",
            "revenue": 102061
        },
        "2011-03": {
            "month": "2011-03",
            "price": "6.48",
            "revenue": 129456
        },
        "2011-04": {
            "month": "2011-04",
            "price": "6.46",
            "revenue": 140312
        },
        "2011-05": {
            "month": "2011-05",
            "price": "6.56",
            "revenue": 156785
        },
        "2011-06": {
            "month": "2011-06",
            "price": "6.57",
            "revenue": 148474
        },
        "2011-07": {
            "month": "2011-07",
            "price": "6.02",
            "revenue": 141482
        },
        "2011-08": {
            "month": "2011-08",
            "price": "6.40",
            "revenue": 156510
        },
        "2011-09": {
            "month": "2011-09",
            "price": "11.64",
            "revenue": 149862
        },
        "2011-10": {
            "month": "2011-10",
            "price": "12.48",
            "revenue": 127548
        },
        "2011-11": {
            "month": "2011-11",
            "price": "13.23",
            "revenue": 147187
        },
        "2011-12": {
            "month": "2011-12",
            "price": "9.93",
            "revenue": 141019
        },
        "2012-01": {
            "month": "2012-01",
            "price": "10.10",
            "revenue": 110871
        },
        "2012-02": {
            "month": "2012-02",
            "price": "13.18",
            "revenue": 151388
        },
        "2012-03": {
            "month": "2012-03",
            "price": "15.07",
            "revenue": 153087
        },
        "2012-04": {
            "month": "2012-04",
            "price": "12.78",
            "revenue": 118054
        },
        "2012-05": {
            "month": "2012-05",
            "price": "11.53",
            "revenue": 159180
        },
        "2012-06": {
            "month": "2012-06",
            "price": "11.27",
            "revenue": 179234
        },
        "2012-07": {
            "month": "2012-07",
            "price": "11.32",
            "revenue": 200780
        },
        "2012-08": {
            "month": "2012-08",
            "price": "12.92",
            "revenue": 156597
        },
        "2012-09": {
            "month": "2012-09",
            "price": "12.87",
            "revenue": 154547
        },
        "2012-10": {
            "month": "2012-10",
            "price": "11.64",
            "revenue": 218475
        },
        "2012-11": {
            "month": "2012-11",
            "price": "10.41",
            "revenue": 267781
        },
        "2012-12": {
            "month": "2012-12",
            "price": "10.91",
            "revenue": 282078
        },
        "2013-01": {
            "month": "2013-01",
            "price": "11.28",
            "revenue": 294308
        },
        "2013-02": {
            "month": "2013-02",
            "price": "10.78",
            "revenue": 144032
        },
        "2013-03": {
            "month": "2013-03",
            "price": "10.83",
            "revenue": 190354
        },
        "2013-04": {
            "month": "2013-04",
            "price": "10.25",
            "revenue": 211561
        },
        "2013-05": {
            "month": "2013-05",
            "price": "11.00",
            "revenue": 173739
        },
        "2013-06": {
            "month": "2013-06",
            "price": "10.75",
            "revenue": 148753
        },
        "2013-07": {
            "month": "2013-07",
            "price": "10.08",
            "revenue": 143861
        },
        "2013-08": {
            "month": "2013-08",
            "price": "9.08",
            "revenue": 147064
        },
        "2013-09": {
            "month": "2013-09",
            "price": "8.80",
            "revenue": 166066
        },
        "2013-10": {
            "month": "2013-10",
            "price": "8.92",
            "revenue": 207037
        },
        "2013-11": {
            "month": "2013-11",
            "price": "8.01",
            "revenue": 233559
        },
        "2013-12": {
            "month": "2013-12",
            "price": "7.63",
            "revenue": 229369
        },
        "2014-01": {
            "month": "2014-01",
            "price": "8.29",
            "revenue": 174859
        },
        "2014-02": {
            "month": "2014-02",
            "price": "8.08",
            "revenue": 123870
        },
        "2014-03": {
            "month": "2014-03",
            "price": "8.26",
            "revenue": 138168
        },
        "2014-04": {
            "month": "2014-04",
            "price": "8.13",
            "revenue": 93785
        },
        "2014-05": {
            "month": "2014-05",
            "price": "7.30",
            "revenue": 83486
        },
        "2014-06": {
            "month": "2014-06",
            "price": "7.38",
            "revenue": 97041
        },
        "2014-07": {
            "month": "2014-07",
            "price": "7.32",
            "revenue": 126169
        },
        "2014-08": {
            "month": "2014-08",
            "price": "7.21",
            "revenue": 89619
        },
        "2014-09": {
            "month": "2014-09",
            "price": "6.78",
            "revenue": 90446
        },
        "2014-10": {
            "month": "2014-10",
            "price": "5.58",
            "revenue": 108068
        },
        "2014-11": {
            "month": "2014-11",
            "price": "5.13",
            "revenue": 121626
        },
        "2014-12": {
            "month": "2014-12",
            "price": "5.77",
            "revenue": 156318
        },
        "2015-01": {
            "month": "2015-01",
            "price": "6.00",
            "revenue": 172120
        },
        "2015-02": {
            "month": "2015-02",
            "price": "6.06",
            "revenue": 93462
        },
        "2015-03": {
            "month": "2015-03",
            "price": "6.62",
            "revenue": 142136
        },
        "2015-04": {
            "month": "2015-04",
            "price": "6.42",
            "revenue": 122717
        },
        "2015-05": {
            "month": "2015-05",
            "price": "8.78",
            "revenue": 132761
        },
        "2015-06": {
            "month": "2015-06",
            "price": "10.15",
            "revenue": 131259
        },
        "2015-07": {
            "month": "2015-07",
            "price": "9.36",
            "revenue": 135587
        },
        "2015-08": {
            "month": "2015-08",
            "price": "6.65",
            "revenue": 145179
        },
        "2015-09": {
            "month": "2015-09",
            "price": "8.11",
            "revenue": 155426
        },
        "2015-10": {
            "month": "2015-10",
            "price": "9.13",
            "revenue": 162539
        },
        "2015-11": {
            "month": "2015-11",
            "price": "8.93",
            "revenue": 173019
        },
        "2015-12": {
            "month": "2015-12",
            "price": "8.54",
            "revenue": 201020
        },
        "2016-01": {
            "month": "2016-01",
            "price": "8.56",
            "revenue": 190002
        },
        "2016-02": {
            "month": "2016-02",
            "price": "9.09",
            "revenue": 137314
        },
        "2016-03": {
            "month": "2016-03",
            "price": "10.54",
            "revenue": 178167
        },
        "2016-04": {
            "month": "2016-04",
            "price": "10.96",
            "revenue": 161504
        },
        "2016-05": {
            "month": "2016-05",
            "price": "10.40",
            "revenue": 200950
        },
        "2016-06": {
            "month": "2016-06",
            "price": "13.06",
            "revenue": 177921
        },
        "2016-07": {
            "month": "2016-07",
            "price": "14.86",
            "revenue": 181158
        },
        "2016-08": {
            "month": "2016-08",
            "price": "15.52",
            "revenue": 186297
        },
        "2016-09": {
            "month": "2016-09",
            "price": "18.28",
            "revenue": 193909
        },
        "2016-10": {
            "month": "2016-10",
            "price": "19.99",
            "revenue": 213397
        },
        "2016-11": {
            "month": "2016-11",
            "price": "18.93",
            "revenue": 211867
        },
        "2016-12": {
            "month": "2016-12",
            "price": "19.63",
            "revenue": 237209
        },
        "2017-01": {
            "month": "2017-01",
            "price": "20.17",
            "revenue": 203496
        },
        "2017-02": {
            "month": "2017-02",
            "price": "21.14",
            "revenue": 202141
        },
        "2017-03": {
            "month": "2017-03",
            "price": "21.80",
            "revenue": 270439
        },
        "2017-04": {
            "month": "2017-04",
            "price": "21.72",
            "revenue": 218277
        },
        "2017-05": {
            "month": "2017-05",
            "price": "19.82",
            "revenue": 241094
        },
        "2017-06": {
            "month": "2017-06",
            "price": "20.18",
            "revenue": 247352
        },
        "2017-07": {
            "month": "2017-07",
            "price": "20.52",
            "revenue": 228449
        },
        "2017-08": {
            "month": "2017-08",
            "price": "16.77",
            "revenue": 269846
        },
        "2017-09": {
            "month": "2017-09",
            "price": "16.98",
            "revenue": 302949
        },
        "2017-10": {
            "month": "2017-10",
            "price": "17.31",
            "revenue": 289982
        },
        "2017-11": {
            "month": "2017-11",
            "price": "17.49",
            "revenue": 327237
        },
        "2017-12": {
            "month": "2017-12",
            "price": "19.57",
            "revenue": 304865
        },
        "2018-01": {
            "month": "2018-01",
            "price": "19.95",
            "revenue": 341261
        },
        "2018-02": {
            "month": "2018-02",
            "price": "19.82",
            "revenue": 230254
        },
        "2018-03": {
            "month": "2018-03",
            "price": "19.43",
            "revenue": 257574
        },
        "2018-04": {
            "month": "2018-04",
            "price": "18.02",
            "revenue": 300331
        },
        "2018-05": {
            "month": "2018-05",
            "price": "17.35",
            "revenue": 300383
        },
        "2018-06": {
            "month": "2018-06",
            "price": "17.42",
            "revenue": 298808
        },
        "2018-07": {
            "month": "2018-07",
            "price": "17.53",
            "revenue": 360017
        },
        "2018-08": {
            "month": "2018-08",
            "price": "18.21",
            "revenue": 364059
        },
        "2018-09": {
            "month": "2018-09",
            "price": "17.57",
            "revenue": 379378
        },
        "2018-10": {
            "month": "2018-10",
            "price": "15.96",
            "revenue": 374663
        },
        "2018-11": {
            "month": "2018-11",
            "price": "17.63",
            "revenue": 311684
        },
        "2018-12": {
            "month": "2018-12",
            "price": "17.88",
            "revenue": 299070
        },
        "2019-01": {
            "month": "2019-01",
            "price": "17.80",
            "revenue": 274192
        },
        "2019-02": {
            "month": "2019-02",
            "price": "17.01",
            "revenue": 233542
        },
        "2019-03": {
            "month": "2019-03",
            "price": "17.81",
            "revenue": 261699
        },
        "2019-04": {
            "month": "2019-04",
            "price": "15.04",
            "revenue": 170050
        },
        "2019-05": {
            "month": "2019-05",
            "price": "12.23",
            "revenue": 133457
        },
        "2019-06": {
            "month": "2019-06",
            "price": "11.75",
            "revenue": 81929
        },
        "2019-07": {
            "month": "2019-07",
            "price": "12.81",
            "revenue": 153661
        },
        "2019-08": {
            "month": "2019-08",
            "price": "12.23",
            "revenue": 166668
        },
        "2019-09": {
            "month": "2019-09",
            "price": "13.11",
            "revenue": 180786
        },
        "2019-10": {
            "month": "2019-10",
            "price": "13.57",
            "revenue": 170842
        },
        "2019-11": {
            "month": "2019-11",
            "price": "12.98",
            "revenue": 172367
        },
        "2019-12": {
            "month": "2019-12",
            "price": "13.02",
            "revenue": 194773
        },
        "2020-01": {
            "month": "2020-01",
            "price": "13.19",
            "revenue": 172232
        },
        "2020-02": {
            "month": "2020-02",
            "price": "11.72",
            "revenue": 114991
        },
        "2020-03": {
            "month": "2020-03",
            "price": "9.12",
            "revenue": 162549
        },
        "2020-04": {
            "month": "2020-04",
            "price": "9.82",
            "revenue": 127037
        },
        "2020-05": {
            "month": "2020-05",
            "price": "10.66",
            "revenue": 120591
        },
        "2020-06": {
            "month": "2020-06",
            "price": "13.33",
            "revenue": 132879
        },
        "2020-07": {
            "month": "2020-07",
            "price": "14.60",
            "revenue": 148966
        },
        "2020-08": {
            "month": "2020-08",
            "price": "15.52",
            "revenue": 184067
        },
        "2020-09": {
            "month": "2020-09",
            "price": "16.30",
            "revenue": 199427
        },
        "2020-10": {
            "month": "2020-10",
            "price": "16.05",
            "revenue": 198259
        },
        "2020-11": {
            "month": "2020-11",
            "price": "16.17",
            "revenue": 213404
        },
        "2020-12": {
            "month": "2020-12",
            "price": "17.83",
            "revenue": 255388
        },
        "2021-01": {
            "month": "2021-01",
            "price": "20.71",
            "revenue": 240709
        },
        "2021-02": {
            "month": "2021-02",
            "price": "21.18",
            "revenue": 211837
        },
        "2021-03": {
            "month": "2021-03",
            "price": "21.52",
            "revenue": 184383
        },
        "2021-04": {
            "month": "2021-04",
            "price": "23.11",
            "revenue": 209501
        },
        "2021-05": {
            "month": "2021-05",
            "price": "18.27",
            "revenue": 230958
        },
        "2021-06": {
            "month": "2021-06",
            "price": "18.66",
            "revenue": 221820
        },
        "2021-07": {
            "month": "2021-07",
            "price": "19.50",
            "revenue": 224291
        },
        "2021-08": {
            "month": "2021-08",
            "price": "18.01",
            "revenue": 208783
        },
        "2021-09": {
            "month": "2021-09",
            "price": "17.51",
            "revenue": 225809
        },
        "2021-10": {
            "month": "2021-10",
            "price": "17.92",
            "revenue": 260137
        },
        "2021-11": {
            "month": "2021-11",
            "price": "19.34",
            "revenue": 287780
        },
        "2021-12": {
            "month": "2021-12",
            "price": "31.60",
            "revenue": 316512
        },
        "2022-01": {
            "month": "2022-01",
            "price": "33.97",
            "revenue": 301211
        },
        "2022-02": {
            "month": "2022-02",
            "price": "32.08",
            "revenue": 281658
        },
        "2022-03": {
            "month": "2022-03",
            "price": "33.80",
            "revenue": 341787
        },
        "2022-04": {
            "month": "2022-04",
            "price": "38.66",
            "revenue": 266758
        },
        "2022-05": {
            "month": "2022-05",
            "price": "38.80",
            "revenue": 309666
        },
        "2022-06": {
            "month": "2022-06",
            "price": "43.62",
            "revenue": 349160
        },
        "2022-07": {
            "month": "2022-07",
            "price": "39.83",
            "revenue": 365363
        },
        "2022-08": {
            "month": "2022-08",
            "price": "38.85",
            "revenue": 355633
        },
        "2022-09": {
            "month": "2022-09",
            "price": "38.26",
            "revenue": 372446
        },
        "2022-10": {
            "month": "2022-10",
            "price": "31.91",
            "revenue": 380371
        },
        "2022-11": {
            "month": "2022-11",
            "price": "34.47",
            "revenue": 397748
        },
        "2022-12": {
            "month": "2022-12",
            "price": "37.29",
            "revenue": 437861
        },
        "2023-01": {
            "month": "2023-01",
            "price": "36.80",
            "revenue": 403328
        },
        "2023-02": {
            "month": "2023-02",
            "price": "47.16",
            "revenue": 438615
        },
        "2023-03": {
            "month": "2023-03",
            "price": "67.34",
            "revenue": 491407
        },
        "2023-04": {
            "month": "2023-04",
            "price": "90.03",
            "revenue": 488753
        },
        "2023-05": {
            "month": "2023-05",
            "price": "105.56",
            "revenue": 471611
        },
        "2023-06": {
            "month": "2023-06",
            "price": "144.90",
            "revenue": 483874
        },
        "2023-07": {
            "month": "2023-07",
            "price": "142.79",
            "revenue": 449408
        },
        "2023-08": {
            "month": "2023-08",
            "price": "131.57",
            "revenue": 495612
        },
        "2023-09": {
            "month": "2023-09",
            "price": "140.42",
            "revenue": 504058
        },
        "2023-10": {
            "month": "2023-10",
            "price": "131.78",
            "revenue": 531373
        },
        "2023-11": {
            "month": "2023-11",
            "price": "120.93",
            "revenue": 500051
        },
        "2023-12": {
            "month": "2023-12",
            "price": "113.31",
            "revenue": 524077
        }
    }
}
