{
    "summary": {
        "stock_name": "康呈",
        "stock_id": "6236",
        "category": "其他",
        "main_business": "醫療器材、美容保健器材、保養品及保健食品之開發及銷售",
        "website_url": "http://www.cometruebio.com",
        "ceo": "許志宏",
        "pe_ratio": -26,
        "report_year_from": 2001,
        "report_year_to": 2023,
        "age": 22,
        "eps_negative_percentage": 87,
        "eps_growth_avg": {
            "last_all": -33.33,
            "last_2y": null,
            "last_4y": null,
            "last_8y": -100,
            "last_12y": -100,
            "last_16y": -100,
            "last_20y": -33.33,
            "at_2006_last_3y": 0,
            "at_2007_last_3y": -100,
            "at_2008_last_3y": null,
            "at_2009_last_3y": null,
            "at_2010_last_3y": null,
            "at_2011_last_3y": null,
            "at_2012_last_3y": null,
            "at_2013_last_3y": null,
            "at_2014_last_3y": null,
            "at_2015_last_3y": -100,
            "at_2016_last_3y": -100,
            "at_2017_last_3y": -100,
            "at_2018_last_3y": -100,
            "at_2019_last_3y": null,
            "at_2020_last_3y": null,
            "at_2021_last_3y": null,
            "at_2022_last_3y": null,
            "at_2023_last_3y": null,
            "at_2006_last_all": 0,
            "at_2007_last_all": 0,
            "at_2008_last_all": 0,
            "at_2009_last_all": 0,
            "at_2010_last_all": 0,
            "at_2011_last_all": 0,
            "at_2012_last_all": 0,
            "at_2013_last_all": 0,
            "at_2014_last_all": 0,
            "at_2015_last_all": -33.33,
            "at_2016_last_all": -33.33,
            "at_2017_last_all": -33.33,
            "at_2018_last_all": -33.33,
            "at_2019_last_all": -33.33,
            "at_2020_last_all": -33.33,
            "at_2021_last_all": -33.33,
            "at_2022_last_all": -33.33,
            "at_2023_last_all": -33.33
        },
        "latest_eps": -0.9,
        "latest_price": 23,
        "latest_roe": -27.83,
        "latest_gross_margin": 14.95,
        "latest_equity": 196271,
        "latest_revenue": 8608,
        "latest_gross_profit": 1287,
        "latest_net_income": -13088,
        "latest_debt_ratio": 11.31,
        "latest_current_ratio": 968.1,
        "latest_account_receivable_turnover_ratio": 4.69,
        "latest_inventory_turnover_ratio": 0.97,
        "latest_reinvestment_rate": null,
        "latest_research_to_sale_ratio": 59.36
    },
    "eps_dividends": {
        "2001": {
            "cash": 0,
            "stock": 0,
            "eps": -0.76
        },
        "2002": {
            "cash": 0,
            "stock": 0,
            "eps": 0.16
        },
        "2003": {
            "cash": 0,
            "stock": 0,
            "eps": 0.66
        },
        "2004": {
            "cash": 0,
            "stock": 0,
            "eps": -1.91
        },
        "2005": {
            "cash": 0,
            "stock": 0,
            "eps": -4.93
        },
        "2006": {
            "cash": 0,
            "stock": 0,
            "eps": -2.16
        },
        "2007": {
            "cash": 0,
            "stock": 0,
            "eps": -1.19
        },
        "2008": {
            "cash": 0,
            "stock": 0,
            "eps": -3.24
        },
        "2009": {
            "cash": 0,
            "stock": 0,
            "eps": -2.01
        },
        "2010": {
            "cash": 0,
            "stock": 0,
            "eps": -1.16
        },
        "2011": {
            "cash": 0,
            "stock": 0,
            "eps": -0.74
        },
        "2012": {
            "cash": 0,
            "stock": 0,
            "eps": -3.21
        },
        "2013": {
            "cash": 0,
            "stock": 0,
            "eps": -1.76
        },
        "2014": {
            "cash": 0,
            "stock": 0,
            "eps": 0.38
        },
        "2015": {
            "cash": 0,
            "stock": 0,
            "eps": -1.09
        },
        "2016": {
            "cash": 0,
            "stock": 0,
            "eps": -0.89
        },
        "2017": {
            "cash": 0,
            "stock": 0,
            "eps": -1.71
        },
        "2018": {
            "cash": 0,
            "stock": 0,
            "eps": -1.97
        },
        "2019": {
            "cash": 0,
            "stock": 0,
            "eps": -0.56
        },
        "2020": {
            "cash": 0,
            "stock": 0,
            "eps": -0.34
        },
        "2021": {
            "cash": 0,
            "stock": 0,
            "eps": -0.17
        },
        "2022": {
            "cash": 0,
            "stock": 0,
            "eps": -0.66
        },
        "2023": {
            "cash": 0,
            "stock": 0,
            "eps": -0.31
        }
    },
    "dividends": [],
    "prices": {
        "200101": "無",
        "200102": "無",
        "200103": "無",
        "200104": "無",
        "200105": "無",
        "200106": "無",
        "200107": "無",
        "200108": "無",
        "200109": "無",
        "200110": "無",
        "200111": "無",
        "200112": "無",
        "200201": "無",
        "200202": "無",
        "200203": "無",
        "200204": "無",
        "200205": "無",
        "200206": "無",
        "200207": "無",
        "200208": "無",
        "200209": "無",
        "200210": "無",
        "200211": "無",
        "200212": "無",
        "200301": "無",
        "200302": "無",
        "200303": "16.00",
        "200304": "14.53",
        "200305": "12.45",
        "200306": "17.40",
        "200307": "24.58",
        "200308": "20.16",
        "200309": "23.92",
        "200310": "24.64",
        "200311": "22.35",
        "200312": "25.10",
        "200401": "27.37",
        "200402": "29.42",
        "200403": "27.64",
        "200404": "25.69",
        "200405": "20.74",
        "200406": "16.98",
        "200407": "14.42",
        "200408": "12.09",
        "200409": "8.79",
        "200410": "9.24",
        "200411": "8.99",
        "200412": "7.99",
        "200501": "6.72",
        "200502": "8.68",
        "200503": "9.46",
        "200504": "8.54",
        "200505": "7.53",
        "200506": "8.19",
        "200507": "8.53",
        "200508": "7.44",
        "200509": "6.68",
        "200510": "5.96",
        "200511": "5.04",
        "200512": "5.44",
        "200601": "7.13",
        "200602": "6.60",
        "200603": "6.05",
        "200604": "6.34",
        "200605": "4.49",
        "200606": "3.42",
        "200607": "3.18",
        "200608": "2.64",
        "200609": "2.22",
        "200610": "2.24",
        "200611": "2.40",
        "200612": "3.81",
        "200701": "2.68",
        "200702": "2.33",
        "200703": "3.08",
        "200704": "3.08",
        "200705": "3.41",
        "200706": "3.71",
        "200707": "3.89",
        "200708": "4.24",
        "200709": "3.58",
        "200710": "3.20",
        "200711": "3.09",
        "200712": "3.22",
        "200801": "3.49",
        "200802": "2.62",
        "200803": "14.31",
        "200804": "9.50",
        "200805": "8.70",
        "200806": "9.66",
        "200807": "8.62",
        "200808": "7.53",
        "200809": "6.79",
        "200810": "6.39",
        "200811": "6.17",
        "200812": "6.88",
        "200901": "7.33",
        "200902": "8.34",
        "200903": "9.01",
        "200904": "9.72",
        "200905": "8.35",
        "200906": "7.63",
        "200907": "9.58",
        "200908": "11.54",
        "200909": "10.03",
        "200910": "9.50",
        "200911": "9.61",
        "200912": "9.36",
        "201001": "11.32",
        "201002": "13.98",
        "201003": "14.71",
        "201004": "12.48",
        "201005": "11.97",
        "201006": "11.67",
        "201007": "13.28",
        "201008": "12.13",
        "201009": "12.11",
        "201010": "9.56",
        "201011": "7.37",
        "201012": "7.77",
        "201101": "7.81",
        "201102": "7.20",
        "201103": "9.85",
        "201104": "無",
        "201105": "6.88",
        "201106": "7.08",
        "201107": "6.14",
        "201108": "6.55",
        "201109": "5.55",
        "201110": "6.86",
        "201111": "21.00",
        "201112": "19.80",
        "201201": "無",
        "201202": "18.47",
        "201203": "19.00",
        "201204": "16.27",
        "201205": "21.63",
        "201206": "21.35",
        "201207": "19.50",
        "201208": "22.37",
        "201209": "無",
        "201210": "無",
        "201211": "15.59",
        "201212": "無",
        "201301": "無",
        "201302": "無",
        "201303": "無",
        "201304": "14.40",
        "201305": "12.16",
        "201306": "14.28",
        "201307": "28.72",
        "201308": "無",
        "201309": "無",
        "201310": "無",
        "201311": "無",
        "201312": "54.22",
        "201401": "78.96",
        "201402": "68.55",
        "201403": "65.54",
        "201404": "61.00",
        "201405": "62.94",
        "201406": "70.59",
        "201407": "76.38",
        "201408": "80.66",
        "201409": "71.89",
        "201410": "56.74",
        "201411": "49.23",
        "201412": "46.30",
        "201501": "41.91",
        "201502": "40.94",
        "201503": "40.14",
        "201504": "38.27",
        "201505": "36.70",
        "201506": "33.26",
        "201507": "30.94",
        "201508": "29.58",
        "201509": "30.20",
        "201510": "33.24",
        "201511": "32.67",
        "201512": "31.96",
        "201601": "30.72",
        "201602": "32.51",
        "201603": "32.25",
        "201604": "29.55",
        "201605": "29.40",
        "201606": "29.57",
        "201607": "28.99",
        "201608": "28.81",
        "201609": "26.61",
        "201610": "20.98",
        "201611": "22.65",
        "201612": "22.95",
        "201701": "20.86",
        "201702": "22.42",
        "201703": "33.63",
        "201704": "37.65",
        "201705": "33.76",
        "201706": "31.70",
        "201707": "28.00",
        "201708": "22.79",
        "201709": "21.27",
        "201710": "24.14",
        "201711": "23.38",
        "201712": "19.10",
        "201801": "16.66",
        "201802": "15.28",
        "201803": "13.79",
        "201804": "24.20",
        "201805": "25.04",
        "201806": "23.70",
        "201807": "22.40",
        "201808": "21.62",
        "201809": "25.06",
        "201810": "24.67",
        "201811": "25.25",
        "201812": "20.06",
        "201901": "22.42",
        "201902": "19.01",
        "201903": "19.04",
        "201904": "15.27",
        "201905": "13.13",
        "201906": "9.89",
        "201907": "8.68",
        "201908": "10.60",
        "201909": "9.90",
        "201910": "9.18",
        "201911": "8.47",
        "201912": "8.37",
        "202001": "10.06",
        "202002": "8.82",
        "202003": "8.60",
        "202004": "7.76",
        "202005": "7.74",
        "202006": "7.53",
        "202007": "10.29",
        "202008": "10.21",
        "202009": "10.23",
        "202010": "10.28",
        "202011": "10.08",
        "202012": "9.75",
        "202101": "9.46",
        "202102": "8.18",
        "202103": "8.66",
        "202104": "8.71",
        "202105": "9.16",
        "202106": "8.62",
        "202107": "8.78",
        "202108": "10.56",
        "202109": "15.16",
        "202110": "17.85",
        "202111": "19.20",
        "202112": "14.66",
        "202201": "13.48",
        "202202": "12.28",
        "202203": "12.38",
        "202204": "15.46",
        "202205": "19.09",
        "202206": "20.41",
        "202207": "17.96",
        "202208": "19.58",
        "202209": "20.08",
        "202210": "17.38",
        "202211": "17.76",
        "202212": "16.87",
        "202301": "17.80",
        "202302": "21.50",
        "202303": "23.69",
        "202304": "21.11",
        "202305": "21.34",
        "202306": "21.37"
    },
    "quarters": {
        "20011": {
            "year_quarter": 20011,
            "year": 2001,
            "quarter": 1,
            "eps": -0.12,
            "eps_growth_year": null,
            "eps_4q": null,
            "eps_4q_growth_year": null,
            "roe": -1.24,
            "roe_4q": -1.24,
            "gross_profit": 27471,
            "gross_margin": 31.62,
            "gross_margin_4q_avg": 31.62,
            "net_income": -6151,
            "revenue": 86870,
            "common_shares": 500000,
            "book_valuer_per_share": 9.89,
            "book_valuer_per_share_4q_avg": 9.89,
            "equity": 494631,
            "current_ratio": 761.18,
            "debt_ratio": 11.49,
            "inventory_turnover_ratio": 0.57,
            "account_receivable_turnover_ratio": null,
            "reinvestment_rate": null,
            "research_to_sale_ratio": null,
            "price_fair": 0,
            "eps_avg_yearly": 0,
            "eps_latest_yearly": 0,
            "eps_growth_yearly": 0
        },
        "20012": {
            "year_quarter": 20012,
            "year": 2001,
            "quarter": 2,
            "eps": -0.64,
            "eps_growth_year": null,
            "eps_4q": null,
            "eps_4q_growth_year": null,
            "roe": -6.69,
            "roe_4q": -7.930000000000001,
            "gross_profit": 17174,
            "gross_margin": 29.79,
            "gross_margin_4q_avg": 30.71,
            "net_income": -32043,
            "revenue": 57652,
            "common_shares": 500000,
            "book_valuer_per_share": 9.27,
            "book_valuer_per_share_4q_avg": 9.58,
            "equity": 463405,
            "current_ratio": 615.78,
            "debt_ratio": 14.23,
            "inventory_turnover_ratio": 0.26,
            "account_receivable_turnover_ratio": null,
            "reinvestment_rate": null,
            "research_to_sale_ratio": null,
            "price_fair": 0,
            "eps_avg_yearly": 0,
            "eps_latest_yearly": 0,
            "eps_growth_yearly": 0
        },
        "20013": {
            "year_quarter": 20013,
            "year": 2001,
            "quarter": 3,
            "eps": null,
            "eps_growth_year": null,
            "eps_4q": null,
            "eps_4q_growth_year": null,
            "roe": null,
            "roe_4q": -7.930000000000001,
            "gross_profit": null,
            "gross_margin": null,
            "gross_margin_4q_avg": 20.47,
            "net_income": null,
            "revenue": null,
            "common_shares": null,
            "book_valuer_per_share": null,
            "book_valuer_per_share_4q_avg": 6.39,
            "equity": null,
            "current_ratio": null,
            "debt_ratio": null,
            "inventory_turnover_ratio": null,
            "account_receivable_turnover_ratio": null,
            "reinvestment_rate": null,
            "research_to_sale_ratio": null,
            "price_fair": 0,
            "eps_avg_yearly": 0,
            "eps_latest_yearly": 0,
            "eps_growth_yearly": 0
        },
        "20014": {
            "year_quarter": 20014,
            "year": 2001,
            "quarter": 4,
            "eps": null,
            "eps_growth_year": null,
            "eps_4q": null,
            "eps_4q_growth_year": null,
            "roe": null,
            "roe_4q": -7.930000000000001,
            "gross_profit": null,
            "gross_margin": null,
            "gross_margin_4q_avg": 15.35,
            "net_income": null,
            "revenue": null,
            "common_shares": 500000,
            "book_valuer_per_share": 9.11,
            "book_valuer_per_share_4q_avg": 7.07,
            "equity": 455736,
            "current_ratio": 482.25,
            "debt_ratio": 18.32,
            "inventory_turnover_ratio": null,
            "account_receivable_turnover_ratio": null,
            "reinvestment_rate": null,
            "research_to_sale_ratio": null,
            "price_fair": 0,
            "eps_avg_yearly": 0,
            "eps_latest_yearly": 0,
            "eps_growth_yearly": 0
        },
        "20021": {
            "year_quarter": 20021,
            "year": 2002,
            "quarter": 1,
            "eps": 0.07,
            "eps_growth_year": null,
            "eps_4q": null,
            "eps_4q_growth_year": null,
            "roe": 0.8,
            "roe_4q": -5.890000000000001,
            "gross_profit": 41048,
            "gross_margin": 22.98,
            "gross_margin_4q_avg": 13.19,
            "net_income": 3642,
            "revenue": 178637,
            "common_shares": 500000,
            "book_valuer_per_share": 9.19,
            "book_valuer_per_share_4q_avg": 6.89,
            "equity": 459378,
            "current_ratio": 447.45,
            "debt_ratio": 20,
            "inventory_turnover_ratio": 1.73,
            "account_receivable_turnover_ratio": null,
            "reinvestment_rate": null,
            "research_to_sale_ratio": null,
            "price_fair": 0,
            "eps_avg_yearly": 0,
            "eps_latest_yearly": 0,
            "eps_growth_yearly": 0
        },
        "20022": {
            "year_quarter": 20022,
            "year": 2002,
            "quarter": 2,
            "eps": -0.01,
            "eps_growth_year": null,
            "eps_4q": null,
            "eps_4q_growth_year": null,
            "roe": -0.1,
            "roe_4q": 0.7000000000000001,
            "gross_profit": 46070,
            "gross_margin": 23.34,
            "gross_margin_4q_avg": 11.58,
            "net_income": -462,
            "revenue": 197399,
            "common_shares": 500000,
            "book_valuer_per_share": 9.18,
            "book_valuer_per_share_4q_avg": 6.87,
            "equity": 458900,
            "current_ratio": 354,
            "debt_ratio": 25.4,
            "inventory_turnover_ratio": 1.42,
            "account_receivable_turnover_ratio": null,
            "reinvestment_rate": null,
            "research_to_sale_ratio": null,
            "price_fair": 0,
            "eps_avg_yearly": 0,
            "eps_latest_yearly": 0,
            "eps_growth_yearly": 0
        },
        "20023": {
            "year_quarter": 20023,
            "year": 2002,
            "quarter": 3,
            "eps": -0.36,
            "eps_growth_year": null,
            "eps_4q": null,
            "eps_4q_growth_year": null,
            "roe": -3.99,
            "roe_4q": -3.29,
            "gross_profit": 24238,
            "gross_margin": 17.28,
            "gross_margin_4q_avg": 15.9,
            "net_income": -17965,
            "revenue": 140307,
            "common_shares": 500000,
            "book_valuer_per_share": 8.82,
            "book_valuer_per_share_4q_avg": 9.08,
            "equity": 440948,
            "current_ratio": 440.11,
            "debt_ratio": 20.17,
            "inventory_turnover_ratio": 0.87,
            "account_receivable_turnover_ratio": null,
            "reinvestment_rate": null,
            "research_to_sale_ratio": null,
            "price_fair": 0,
            "eps_avg_yearly": 0,
            "eps_latest_yearly": 0,
            "eps_growth_yearly": 0
        },
        "20024": {
            "year_quarter": 20024,
            "year": 2002,
            "quarter": 4,
            "eps": 0.46,
            "eps_growth_year": null,
            "eps_4q": 0.17,
            "eps_4q_growth_year": null,
            "roe": 5.17,
            "roe_4q": 1.8799999999999997,
            "gross_profit": 19034,
            "gross_margin": 14.02,
            "gross_margin_4q_avg": 19.41,
            "net_income": 23230,
            "revenue": 135727,
            "common_shares": 500000,
            "book_valuer_per_share": 9.15,
            "book_valuer_per_share_4q_avg": 9.09,
            "equity": 457379,
            "current_ratio": 484.14,
            "debt_ratio": 19.09,
            "inventory_turnover_ratio": 0.9,
            "account_receivable_turnover_ratio": null,
            "reinvestment_rate": null,
            "research_to_sale_ratio": null,
            "price_fair": 0,
            "eps_avg_yearly": 0,
            "eps_latest_yearly": 0,
            "eps_growth_yearly": 0
        },
        "20031": {
            "year_quarter": 20031,
            "year": 2003,
            "quarter": 1,
            "eps": -0.23,
            "eps_growth_year": -428.57,
            "eps_4q": -0.13,
            "eps_4q_growth_year": null,
            "roe": -2.55,
            "roe_4q": -1.4700000000000002,
            "gross_profit": 33045,
            "gross_margin": 20.09,
            "gross_margin_4q_avg": 18.68,
            "net_income": -11516,
            "revenue": 164521,
            "common_shares": 500000,
            "book_valuer_per_share": 8.92,
            "book_valuer_per_share_4q_avg": 9.02,
            "equity": 445860,
            "current_ratio": 423.02,
            "debt_ratio": 22.72,
            "inventory_turnover_ratio": 1.1,
            "account_receivable_turnover_ratio": null,
            "reinvestment_rate": null,
            "research_to_sale_ratio": null,
            "price_fair": 0,
            "eps_avg_yearly": 0,
            "eps_latest_yearly": 0,
            "eps_growth_yearly": 0
        },
        "20032": {
            "year_quarter": 20032,
            "year": 2003,
            "quarter": 2,
            "eps": -0.13,
            "eps_growth_year": null,
            "eps_4q": -0.25,
            "eps_4q_growth_year": null,
            "roe": -1.45,
            "roe_4q": -2.8200000000000003,
            "gross_profit": 35641,
            "gross_margin": 26.64,
            "gross_margin_4q_avg": 19.51,
            "net_income": -6400,
            "revenue": 133802,
            "common_shares": 500000,
            "book_valuer_per_share": 8.79,
            "book_valuer_per_share_4q_avg": 8.92,
            "equity": 439473,
            "current_ratio": 424.4,
            "debt_ratio": 21.21,
            "inventory_turnover_ratio": 0.8,
            "account_receivable_turnover_ratio": null,
            "reinvestment_rate": null,
            "research_to_sale_ratio": null,
            "price_fair": 0,
            "eps_avg_yearly": 0,
            "eps_latest_yearly": 0,
            "eps_growth_yearly": 0
        },
        "20033": {
            "year_quarter": 20033,
            "year": 2003,
            "quarter": 3,
            "eps": 0.02,
            "eps_growth_year": null,
            "eps_4q": 0.13,
            "eps_4q_growth_year": null,
            "roe": 0.22,
            "roe_4q": 1.3900000000000001,
            "gross_profit": 43062,
            "gross_margin": 22.1,
            "gross_margin_4q_avg": 20.71,
            "net_income": 980,
            "revenue": 194866,
            "common_shares": 500000,
            "book_valuer_per_share": 8.79,
            "book_valuer_per_share_4q_avg": 8.91,
            "equity": 439462,
            "current_ratio": 376.61,
            "debt_ratio": 24.08,
            "inventory_turnover_ratio": 1.22,
            "account_receivable_turnover_ratio": null,
            "reinvestment_rate": null,
            "research_to_sale_ratio": null,
            "price_fair": 0,
            "eps_avg_yearly": 0,
            "eps_latest_yearly": 0,
            "eps_growth_yearly": 0
        },
        "20034": {
            "year_quarter": 20034,
            "year": 2003,
            "quarter": 4,
            "eps": 1,
            "eps_growth_year": 117.39,
            "eps_4q": 0.66,
            "eps_4q_growth_year": 295.31,
            "roe": 10.83,
            "roe_4q": 7.050000000000002,
            "gross_profit": 59557,
            "gross_margin": 26.53,
            "gross_margin_4q_avg": 23.84,
            "net_income": 49970,
            "revenue": 224476,
            "common_shares": 500000,
            "book_valuer_per_share": 9.67,
            "book_valuer_per_share_4q_avg": 9.04,
            "equity": 483736,
            "current_ratio": 369.56,
            "debt_ratio": 48.54,
            "inventory_turnover_ratio": 1.25,
            "account_receivable_turnover_ratio": null,
            "reinvestment_rate": null,
            "research_to_sale_ratio": null,
            "price_fair": 140,
            "eps_avg_yearly": 4,
            "eps_latest_yearly": 4,
            "eps_growth_yearly": 19600
        },
        "20041": {
            "year_quarter": 20041,
            "year": 2004,
            "quarter": 1,
            "eps": -0.05,
            "eps_growth_year": null,
            "eps_4q": 0.8,
            "eps_4q_growth_year": null,
            "roe": -0.51,
            "roe_4q": 9.090000000000002,
            "gross_profit": 54239,
            "gross_margin": 24.88,
            "gross_margin_4q_avg": 25.04,
            "net_income": -2635,
            "revenue": 217960,
            "common_shares": 500000,
            "book_valuer_per_share": 10.83,
            "book_valuer_per_share_4q_avg": 9.52,
            "equity": 541630,
            "current_ratio": 449.03,
            "debt_ratio": 40,
            "inventory_turnover_ratio": 1.04,
            "account_receivable_turnover_ratio": null,
            "reinvestment_rate": null,
            "research_to_sale_ratio": null,
            "price_fair": 140,
            "eps_avg_yearly": 4,
            "eps_latest_yearly": 4,
            "eps_growth_yearly": 19600
        },
        "20042": {
            "year_quarter": 20042,
            "year": 2004,
            "quarter": 2,
            "eps": -0.56,
            "eps_growth_year": null,
            "eps_4q": 0.36,
            "eps_4q_growth_year": null,
            "roe": -5.53,
            "roe_4q": 5.01,
            "gross_profit": 42965,
            "gross_margin": 23.21,
            "gross_margin_4q_avg": 24.18,
            "net_income": -29128,
            "revenue": 185128,
            "common_shares": 525837,
            "book_valuer_per_share": 9.75,
            "book_valuer_per_share_4q_avg": 9.76,
            "equity": 512586,
            "current_ratio": 363.22,
            "debt_ratio": 43.93,
            "inventory_turnover_ratio": 0.75,
            "account_receivable_turnover_ratio": null,
            "reinvestment_rate": null,
            "research_to_sale_ratio": null,
            "price_fair": 140,
            "eps_avg_yearly": 4,
            "eps_latest_yearly": 4,
            "eps_growth_yearly": 19600
        },
        "20043": {
            "year_quarter": 20043,
            "year": 2004,
            "quarter": 3,
            "eps": -0.53,
            "eps_growth_year": -2750,
            "eps_4q": -0.19,
            "eps_4q_growth_year": -244.71,
            "roe": -5.61,
            "roe_4q": -0.8200000000000003,
            "gross_profit": 31980,
            "gross_margin": 19.7,
            "gross_margin_4q_avg": 23.58,
            "net_income": -27981,
            "revenue": 162341,
            "common_shares": 525837,
            "book_valuer_per_share": 9.22,
            "book_valuer_per_share_4q_avg": 9.87,
            "equity": 484819,
            "current_ratio": 410.41,
            "debt_ratio": 43.37,
            "inventory_turnover_ratio": 0.53,
            "account_receivable_turnover_ratio": null,
            "reinvestment_rate": null,
            "research_to_sale_ratio": null,
            "price_fair": 140,
            "eps_avg_yearly": 4,
            "eps_latest_yearly": 4,
            "eps_growth_yearly": 19600
        },
        "20044": {
            "year_quarter": 20044,
            "year": 2004,
            "quarter": 4,
            "eps": -0.77,
            "eps_growth_year": -177,
            "eps_4q": -1.91,
            "eps_4q_growth_year": -388.92,
            "roe": -8.67,
            "roe_4q": -20.320000000000004,
            "gross_profit": 18289,
            "gross_margin": 11.75,
            "gross_margin_4q_avg": 19.89,
            "net_income": -40201,
            "revenue": 155680,
            "common_shares": 525837,
            "book_valuer_per_share": 8.42,
            "book_valuer_per_share_4q_avg": 9.56,
            "equity": 442676,
            "current_ratio": 224.46,
            "debt_ratio": 40.18,
            "inventory_turnover_ratio": 0.55,
            "account_receivable_turnover_ratio": null,
            "reinvestment_rate": null,
            "research_to_sale_ratio": null,
            "price_fair": 140,
            "eps_avg_yearly": 4,
            "eps_latest_yearly": 4,
            "eps_growth_yearly": 19600
        },
        "20051": {
            "year_quarter": 20051,
            "year": 2005,
            "quarter": 1,
            "eps": -0.85,
            "eps_growth_year": null,
            "eps_4q": -2.69,
            "eps_4q_growth_year": -438.26,
            "roe": -10.7,
            "roe_4q": -30.509999999999998,
            "gross_profit": 15623,
            "gross_margin": 14.23,
            "gross_margin_4q_avg": 17.22,
            "net_income": -44944,
            "revenue": 109770,
            "common_shares": 525837,
            "book_valuer_per_share": 7.56,
            "book_valuer_per_share_4q_avg": 8.74,
            "equity": 397598,
            "current_ratio": 221.96,
            "debt_ratio": 40.67,
            "inventory_turnover_ratio": 0.47,
            "account_receivable_turnover_ratio": null,
            "reinvestment_rate": null,
            "research_to_sale_ratio": null,
            "price_fair": 140,
            "eps_avg_yearly": 4,
            "eps_latest_yearly": 4,
            "eps_growth_yearly": 19600
        },
        "20052": {
            "year_quarter": 20052,
            "year": 2005,
            "quarter": 2,
            "eps": -0.98,
            "eps_growth_year": null,
            "eps_4q": -3.13,
            "eps_4q_growth_year": -959.02,
            "roe": -13.9,
            "roe_4q": -38.88,
            "gross_profit": 23577,
            "gross_margin": 20.62,
            "gross_margin_4q_avg": 16.58,
            "net_income": -51694,
            "revenue": 114351,
            "common_shares": 525837,
            "book_valuer_per_share": 6.58,
            "book_valuer_per_share_4q_avg": 7.95,
            "equity": 345956,
            "current_ratio": 169.23,
            "debt_ratio": 52.88,
            "inventory_turnover_ratio": 0.48,
            "account_receivable_turnover_ratio": null,
            "reinvestment_rate": null,
            "research_to_sale_ratio": null,
            "price_fair": 140,
            "eps_avg_yearly": 4,
            "eps_latest_yearly": 4,
            "eps_growth_yearly": 19600
        },
        "20053": {
            "year_quarter": 20053,
            "year": 2005,
            "quarter": 3,
            "eps": -1.41,
            "eps_growth_year": null,
            "eps_4q": -4.01,
            "eps_4q_growth_year": null,
            "roe": -23.97,
            "roe_4q": -57.239999999999995,
            "gross_profit": 24141,
            "gross_margin": 15.08,
            "gross_margin_4q_avg": 15.42,
            "net_income": -74181,
            "revenue": 160103,
            "common_shares": 525837,
            "book_valuer_per_share": 5.19,
            "book_valuer_per_share_4q_avg": 6.94,
            "equity": 272925,
            "current_ratio": 144.14,
            "debt_ratio": 62.13,
            "inventory_turnover_ratio": 0.7,
            "account_receivable_turnover_ratio": null,
            "reinvestment_rate": null,
            "research_to_sale_ratio": null,
            "price_fair": 140,
            "eps_avg_yearly": 4,
            "eps_latest_yearly": 4,
            "eps_growth_yearly": 19600
        },
        "20054": {
            "year_quarter": 20054,
            "year": 2005,
            "quarter": 4,
            "eps": -1.69,
            "eps_growth_year": null,
            "eps_4q": -4.93,
            "eps_4q_growth_year": null,
            "roe": -33.92,
            "roe_4q": -82.49000000000001,
            "gross_profit": 28898,
            "gross_margin": 22.08,
            "gross_margin_4q_avg": 18,
            "net_income": -89394,
            "revenue": 130908,
            "common_shares": 601664,
            "book_valuer_per_share": 4.22,
            "book_valuer_per_share_4q_avg": 5.89,
            "equity": 254157,
            "current_ratio": 222.39,
            "debt_ratio": 41.85,
            "inventory_turnover_ratio": 0.66,
            "account_receivable_turnover_ratio": null,
            "reinvestment_rate": null,
            "research_to_sale_ratio": null,
            "price_fair": 140,
            "eps_avg_yearly": 4,
            "eps_latest_yearly": 4,
            "eps_growth_yearly": 19600
        },
        "20061": {
            "year_quarter": 20061,
            "year": 2006,
            "quarter": 1,
            "eps": -0.31,
            "eps_growth_year": null,
            "eps_4q": -3.91,
            "eps_4q_growth_year": null,
            "roe": -7.57,
            "roe_4q": -79.36000000000001,
            "gross_profit": 20884,
            "gross_margin": 16.06,
            "gross_margin_4q_avg": 18.46,
            "net_income": -18528,
            "revenue": 130078,
            "common_shares": 601664,
            "book_valuer_per_share": 3.91,
            "book_valuer_per_share_4q_avg": 4.98,
            "equity": 235353,
            "current_ratio": 201.75,
            "debt_ratio": 43.34,
            "inventory_turnover_ratio": 0.94,
            "account_receivable_turnover_ratio": null,
            "reinvestment_rate": null,
            "research_to_sale_ratio": null,
            "price_fair": 140,
            "eps_avg_yearly": 4,
            "eps_latest_yearly": 4,
            "eps_growth_yearly": 19600
        },
        "20062": {
            "year_quarter": 20062,
            "year": 2006,
            "quarter": 2,
            "eps": -1.64,
            "eps_growth_year": null,
            "eps_4q": -4.67,
            "eps_4q_growth_year": null,
            "roe": -53.02,
            "roe_4q": -118.48,
            "gross_profit": 7191,
            "gross_margin": 7.44,
            "gross_margin_4q_avg": 15.17,
            "net_income": -98619,
            "revenue": 96610,
            "common_shares": 601664,
            "book_valuer_per_share": 2.27,
            "book_valuer_per_share_4q_avg": 3.9,
            "equity": 136669,
            "current_ratio": 180.51,
            "debt_ratio": 53.8,
            "inventory_turnover_ratio": 0.96,
            "account_receivable_turnover_ratio": null,
            "reinvestment_rate": null,
            "research_to_sale_ratio": null,
            "price_fair": 140,
            "eps_avg_yearly": 4,
            "eps_latest_yearly": 4,
            "eps_growth_yearly": 19600
        },
        "20063": {
            "year_quarter": 20063,
            "year": 2006,
            "quarter": 3,
            "eps": -0.24,
            "eps_growth_year": null,
            "eps_4q": -3.67,
            "eps_4q_growth_year": null,
            "roe": -11.07,
            "roe_4q": -105.58,
            "gross_profit": 10988,
            "gross_margin": 18.26,
            "gross_margin_4q_avg": 15.96,
            "net_income": -14367,
            "revenue": 60190,
            "common_shares": 601664,
            "book_valuer_per_share": 2.04,
            "book_valuer_per_share_4q_avg": 3.11,
            "equity": 122807,
            "current_ratio": 263.56,
            "debt_ratio": 38.7,
            "inventory_turnover_ratio": 0.79,
            "account_receivable_turnover_ratio": null,
            "reinvestment_rate": null,
            "research_to_sale_ratio": null,
            "price_fair": 140,
            "eps_avg_yearly": 4,
            "eps_latest_yearly": 4,
            "eps_growth_yearly": 19600
        },
        "20064": {
            "year_quarter": 20064,
            "year": 2006,
            "quarter": 4,
            "eps": 0.03,
            "eps_growth_year": null,
            "eps_4q": -2.47,
            "eps_4q_growth_year": null,
            "roe": 1.28,
            "roe_4q": -70.38,
            "gross_profit": 7350,
            "gross_margin": 18.72,
            "gross_margin_4q_avg": 15.12,
            "net_income": 1581,
            "revenue": 39256,
            "common_shares": 601664,
            "book_valuer_per_share": 2.06,
            "book_valuer_per_share_4q_avg": 2.57,
            "equity": 124042,
            "current_ratio": 575.07,
            "debt_ratio": 15.87,
            "inventory_turnover_ratio": 0.89,
            "account_receivable_turnover_ratio": null,
            "reinvestment_rate": null,
            "research_to_sale_ratio": null,
            "price_fair": 140,
            "eps_avg_yearly": 4,
            "eps_latest_yearly": 4,
            "eps_growth_yearly": 19600
        },
        "20071": {
            "year_quarter": 20071,
            "year": 2007,
            "quarter": 1,
            "eps": -0.08,
            "eps_growth_year": null,
            "eps_4q": -2.03,
            "eps_4q_growth_year": null,
            "roe": -3.75,
            "roe_4q": -66.56,
            "gross_profit": 5726,
            "gross_margin": 22.92,
            "gross_margin_4q_avg": 16.84,
            "net_income": -4570,
            "revenue": 24983,
            "common_shares": 601664,
            "book_valuer_per_share": 1.99,
            "book_valuer_per_share_4q_avg": 2.09,
            "equity": 119776,
            "current_ratio": 339.01,
            "debt_ratio": 23.15,
            "inventory_turnover_ratio": 0.74,
            "account_receivable_turnover_ratio": null,
            "reinvestment_rate": null,
            "research_to_sale_ratio": null,
            "price_fair": 140,
            "eps_avg_yearly": 4,
            "eps_latest_yearly": 4,
            "eps_growth_yearly": 19600
        },
        "20072": {
            "year_quarter": 20072,
            "year": 2007,
            "quarter": 2,
            "eps": -0.19,
            "eps_growth_year": null,
            "eps_4q": -0.48,
            "eps_4q_growth_year": null,
            "roe": -10.15,
            "roe_4q": -23.69,
            "gross_profit": 6111,
            "gross_margin": 19.89,
            "gross_margin_4q_avg": 19.95,
            "net_income": -11564,
            "revenue": 30731,
            "common_shares": 601664,
            "book_valuer_per_share": 1.8,
            "book_valuer_per_share_4q_avg": 1.97,
            "equity": 108080,
            "current_ratio": 277.09,
            "debt_ratio": 28.02,
            "inventory_turnover_ratio": 0.98,
            "account_receivable_turnover_ratio": null,
            "reinvestment_rate": null,
            "research_to_sale_ratio": null,
            "price_fair": 140,
            "eps_avg_yearly": 4,
            "eps_latest_yearly": 4,
            "eps_growth_yearly": 19600
        },
        "20073": {
            "year_quarter": 20073,
            "year": 2007,
            "quarter": 3,
            "eps": -0.19,
            "eps_growth_year": null,
            "eps_4q": -0.43,
            "eps_4q_growth_year": null,
            "roe": -11.07,
            "roe_4q": -23.689999999999998,
            "gross_profit": 4881,
            "gross_margin": 24.42,
            "gross_margin_4q_avg": 21.49,
            "net_income": -11328,
            "revenue": 19985,
            "common_shares": 601664,
            "book_valuer_per_share": 1.61,
            "book_valuer_per_share_4q_avg": 1.87,
            "equity": 96593,
            "current_ratio": 216.84,
            "debt_ratio": 35.62,
            "inventory_turnover_ratio": 0.59,
            "account_receivable_turnover_ratio": null,
            "reinvestment_rate": null,
            "research_to_sale_ratio": null,
            "price_fair": 140,
            "eps_avg_yearly": 4,
            "eps_latest_yearly": 4,
            "eps_growth_yearly": 19600
        },
        "20074": {
            "year_quarter": 20074,
            "year": 2007,
            "quarter": 4,
            "eps": -0.73,
            "eps_growth_year": -2533.33,
            "eps_4q": -2.9,
            "eps_4q_growth_year": null,
            "roe": -9.99,
            "roe_4q": -34.96,
            "gross_profit": 3552,
            "gross_margin": 18.72,
            "gross_margin_4q_avg": 21.49,
            "net_income": -9189,
            "revenue": 18971,
            "common_shares": 126349,
            "book_valuer_per_share": 6.92,
            "book_valuer_per_share_4q_avg": 3.08,
            "equity": 87381,
            "current_ratio": 309.28,
            "debt_ratio": 28.61,
            "inventory_turnover_ratio": 0.6,
            "account_receivable_turnover_ratio": null,
            "reinvestment_rate": null,
            "research_to_sale_ratio": null,
            "price_fair": 0,
            "eps_avg_yearly": 0,
            "eps_latest_yearly": 0,
            "eps_growth_yearly": 0
        },
        "20081": {
            "year_quarter": 20081,
            "year": 2008,
            "quarter": 1,
            "eps": -1.22,
            "eps_growth_year": null,
            "eps_4q": -3.75,
            "eps_4q_growth_year": null,
            "roe": -19.45,
            "roe_4q": -50.66,
            "gross_profit": 3360,
            "gross_margin": 22.18,
            "gross_margin_4q_avg": 21.3,
            "net_income": -15450,
            "revenue": 15149,
            "common_shares": 126349,
            "book_valuer_per_share": 5.66,
            "book_valuer_per_share_4q_avg": 4,
            "equity": 71455,
            "current_ratio": 266.22,
            "debt_ratio": 32.85,
            "inventory_turnover_ratio": 0.49,
            "account_receivable_turnover_ratio": null,
            "reinvestment_rate": null,
            "research_to_sale_ratio": null,
            "price_fair": 0,
            "eps_avg_yearly": 0,
            "eps_latest_yearly": 0,
            "eps_growth_yearly": 0
        },
        "20082": {
            "year_quarter": 20082,
            "year": 2008,
            "quarter": 2,
            "eps": -1.04,
            "eps_growth_year": null,
            "eps_4q": -3.89,
            "eps_4q_growth_year": null,
            "roe": -20.27,
            "roe_4q": -60.78,
            "gross_profit": -1027,
            "gross_margin": -15.58,
            "gross_margin_4q_avg": 12.44,
            "net_income": -13145,
            "revenue": 6590,
            "common_shares": 126349,
            "book_valuer_per_share": 4.61,
            "book_valuer_per_share_4q_avg": 4.7,
            "equity": 58243,
            "current_ratio": 144.73,
            "debt_ratio": 63.74,
            "inventory_turnover_ratio": 0.38,
            "account_receivable_turnover_ratio": null,
            "reinvestment_rate": null,
            "research_to_sale_ratio": null,
            "price_fair": 0,
            "eps_avg_yearly": 0,
            "eps_latest_yearly": 0,
            "eps_growth_yearly": 0
        },
        "20083": {
            "year_quarter": 20083,
            "year": 2008,
            "quarter": 3,
            "eps": -0.76,
            "eps_growth_year": null,
            "eps_4q": -3.75,
            "eps_4q_growth_year": null,
            "roe": -17.97,
            "roe_4q": -67.67999999999999,
            "gross_profit": 2117,
            "gross_margin": 29.43,
            "gross_margin_4q_avg": 13.69,
            "net_income": -9643,
            "revenue": 7193,
            "common_shares": 126349,
            "book_valuer_per_share": 3.88,
            "book_valuer_per_share_4q_avg": 5.27,
            "equity": 49069,
            "current_ratio": 135.74,
            "debt_ratio": 67.84,
            "inventory_turnover_ratio": 0.36,
            "account_receivable_turnover_ratio": null,
            "reinvestment_rate": null,
            "research_to_sale_ratio": null,
            "price_fair": 0,
            "eps_avg_yearly": 0,
            "eps_latest_yearly": 0,
            "eps_growth_yearly": 0
        },
        "20084": {
            "year_quarter": 20084,
            "year": 2008,
            "quarter": 4,
            "eps": -0.22,
            "eps_growth_year": null,
            "eps_4q": -3.25,
            "eps_4q_growth_year": null,
            "roe": -5.86,
            "roe_4q": -63.55,
            "gross_profit": 1830,
            "gross_margin": 28.45,
            "gross_margin_4q_avg": 16.12,
            "net_income": -2797,
            "revenue": 6433,
            "common_shares": 126349,
            "book_valuer_per_share": 3.68,
            "book_valuer_per_share_4q_avg": 4.46,
            "equity": 46436,
            "current_ratio": 141.86,
            "debt_ratio": 68.01,
            "inventory_turnover_ratio": 0.39,
            "account_receivable_turnover_ratio": 2.51,
            "reinvestment_rate": null,
            "research_to_sale_ratio": null,
            "price_fair": 0,
            "eps_avg_yearly": 0,
            "eps_latest_yearly": 0,
            "eps_growth_yearly": 0
        },
        "20091": {
            "year_quarter": 20091,
            "year": 2009,
            "quarter": 1,
            "eps": -0.67,
            "eps_growth_year": null,
            "eps_4q": -2.69,
            "eps_4q_growth_year": null,
            "roe": -19.83,
            "roe_4q": -63.92999999999999,
            "gross_profit": 680,
            "gross_margin": 10.08,
            "gross_margin_4q_avg": 13.1,
            "net_income": -8403,
            "revenue": 6745,
            "common_shares": 126349,
            "book_valuer_per_share": 3.03,
            "book_valuer_per_share_4q_avg": 3.8,
            "equity": 38322,
            "current_ratio": 134.11,
            "debt_ratio": 72.02,
            "inventory_turnover_ratio": 0.67,
            "account_receivable_turnover_ratio": 1.32,
            "reinvestment_rate": null,
            "research_to_sale_ratio": null,
            "price_fair": 0,
            "eps_avg_yearly": 0,
            "eps_latest_yearly": 0,
            "eps_growth_yearly": 0
        },
        "20092": {
            "year_quarter": 20092,
            "year": 2009,
            "quarter": 2,
            "eps": -0.25,
            "eps_growth_year": null,
            "eps_4q": -1.9,
            "eps_4q_growth_year": null,
            "roe": -8.59,
            "roe_4q": -52.25,
            "gross_profit": 5113,
            "gross_margin": 68.16,
            "gross_margin_4q_avg": 34.03,
            "net_income": -3144,
            "revenue": 7501,
            "common_shares": 126349,
            "book_valuer_per_share": 2.76,
            "book_valuer_per_share_4q_avg": 3.34,
            "equity": 34892,
            "current_ratio": 206.22,
            "debt_ratio": 45.24,
            "inventory_turnover_ratio": 0.29,
            "account_receivable_turnover_ratio": 1.48,
            "reinvestment_rate": null,
            "research_to_sale_ratio": null,
            "price_fair": 0,
            "eps_avg_yearly": 0,
            "eps_latest_yearly": 0,
            "eps_growth_yearly": 0
        },
        "20093": {
            "year_quarter": 20093,
            "year": 2009,
            "quarter": 3,
            "eps": -0.54,
            "eps_growth_year": null,
            "eps_4q": -1.67,
            "eps_4q_growth_year": null,
            "roe": -20.96,
            "roe_4q": -55.239999999999995,
            "gross_profit": 3059,
            "gross_margin": 40.46,
            "gross_margin_4q_avg": 36.79,
            "net_income": -6791,
            "revenue": 7560,
            "common_shares": 126349,
            "book_valuer_per_share": 2.37,
            "book_valuer_per_share_4q_avg": 2.96,
            "equity": 29912,
            "current_ratio": 189.15,
            "debt_ratio": 49.35,
            "inventory_turnover_ratio": 0.44,
            "account_receivable_turnover_ratio": 1.49,
            "reinvestment_rate": null,
            "research_to_sale_ratio": null,
            "price_fair": 0,
            "eps_avg_yearly": 0,
            "eps_latest_yearly": 0,
            "eps_growth_yearly": 0
        },
        "20094": {
            "year_quarter": 20094,
            "year": 2009,
            "quarter": 4,
            "eps": -0.55,
            "eps_growth_year": null,
            "eps_4q": -2,
            "eps_4q_growth_year": null,
            "roe": -26.32,
            "roe_4q": -75.7,
            "gross_profit": 1878,
            "gross_margin": 20.09,
            "gross_margin_4q_avg": 34.7,
            "net_income": -6956,
            "revenue": 9349,
            "common_shares": 126349,
            "book_valuer_per_share": 1.82,
            "book_valuer_per_share_4q_avg": 2.5,
            "equity": 22949,
            "current_ratio": 166.82,
            "debt_ratio": 55.59,
            "inventory_turnover_ratio": 0.74,
            "account_receivable_turnover_ratio": 2.9,
            "reinvestment_rate": null,
            "research_to_sale_ratio": null,
            "price_fair": 0,
            "eps_avg_yearly": 0,
            "eps_latest_yearly": 0,
            "eps_growth_yearly": 0
        },
        "20101": {
            "year_quarter": 20101,
            "year": 2010,
            "quarter": 1,
            "eps": -0.45,
            "eps_growth_year": null,
            "eps_4q": -1.79,
            "eps_4q_growth_year": null,
            "roe": -28.52,
            "roe_4q": -84.39000000000001,
            "gross_profit": 2440,
            "gross_margin": 19.68,
            "gross_margin_4q_avg": 37.1,
            "net_income": -5727,
            "revenue": 12396,
            "common_shares": 126349,
            "book_valuer_per_share": 1.36,
            "book_valuer_per_share_4q_avg": 2.08,
            "equity": 17214,
            "current_ratio": 149.81,
            "debt_ratio": 61.57,
            "inventory_turnover_ratio": 1.25,
            "account_receivable_turnover_ratio": 1.91,
            "reinvestment_rate": null,
            "research_to_sale_ratio": 30.42,
            "price_fair": 0,
            "eps_avg_yearly": 0,
            "eps_latest_yearly": 0,
            "eps_growth_yearly": 0
        },
        "20102": {
            "year_quarter": 20102,
            "year": 2010,
            "quarter": 2,
            "eps": -0.3,
            "eps_growth_year": null,
            "eps_4q": -1.84,
            "eps_4q_growth_year": null,
            "roe": -24.93,
            "roe_4q": -100.73000000000002,
            "gross_profit": 4056,
            "gross_margin": 33.76,
            "gross_margin_4q_avg": 28.5,
            "net_income": -3818,
            "revenue": 12014,
            "common_shares": 126349,
            "book_valuer_per_share": 1.06,
            "book_valuer_per_share_4q_avg": 1.65,
            "equity": 13410,
            "current_ratio": 137.11,
            "debt_ratio": 67.2,
            "inventory_turnover_ratio": 1.13,
            "account_receivable_turnover_ratio": 1.79,
            "reinvestment_rate": null,
            "research_to_sale_ratio": 32.33,
            "price_fair": 0,
            "eps_avg_yearly": 0,
            "eps_latest_yearly": 0,
            "eps_growth_yearly": 0
        },
        "20103": {
            "year_quarter": 20103,
            "year": 2010,
            "quarter": 3,
            "eps": -0.21,
            "eps_growth_year": null,
            "eps_4q": -1.52,
            "eps_4q_growth_year": null,
            "roe": -22.24,
            "roe_4q": -102.00999999999999,
            "gross_profit": 4654,
            "gross_margin": 34.06,
            "gross_margin_4q_avg": 26.9,
            "net_income": -2680,
            "revenue": 13666,
            "common_shares": 126349,
            "book_valuer_per_share": 0.85,
            "book_valuer_per_share_4q_avg": 1.27,
            "equity": 10694,
            "current_ratio": 128.16,
            "debt_ratio": 73.12,
            "inventory_turnover_ratio": 1.19,
            "account_receivable_turnover_ratio": 1.74,
            "reinvestment_rate": null,
            "research_to_sale_ratio": 25.46,
            "price_fair": 0,
            "eps_avg_yearly": 0,
            "eps_latest_yearly": 0,
            "eps_growth_yearly": 0
        },
        "20104": {
            "year_quarter": 20104,
            "year": 2010,
            "quarter": 4,
            "eps": -0.2,
            "eps_growth_year": null,
            "eps_4q": -1.17,
            "eps_4q_growth_year": null,
            "roe": -27.53,
            "roe_4q": -103.21999999999998,
            "gross_profit": 4671,
            "gross_margin": 45.35,
            "gross_margin_4q_avg": 33.21,
            "net_income": -2577,
            "revenue": 10299,
            "common_shares": 126349,
            "book_valuer_per_share": 0.64,
            "book_valuer_per_share_4q_avg": 0.98,
            "equity": 8029,
            "current_ratio": 121.76,
            "debt_ratio": 75.26,
            "inventory_turnover_ratio": 0.72,
            "account_receivable_turnover_ratio": 1.47,
            "reinvestment_rate": null,
            "research_to_sale_ratio": 22.48,
            "price_fair": 0,
            "eps_avg_yearly": 0,
            "eps_latest_yearly": 0,
            "eps_growth_yearly": 0
        },
        "20111": {
            "year_quarter": 20111,
            "year": 2011,
            "quarter": 1,
            "eps": -0.29,
            "eps_growth_year": null,
            "eps_4q": -0.8,
            "eps_4q_growth_year": null,
            "roe": -22.1,
            "roe_4q": -96.80000000000001,
            "gross_profit": 3280,
            "gross_margin": 33.53,
            "gross_margin_4q_avg": 36.68,
            "net_income": -4194,
            "revenue": 9783,
            "common_shares": 166349,
            "book_valuer_per_share": 1.8,
            "book_valuer_per_share_4q_avg": 1.09,
            "equity": 29927,
            "current_ratio": 208.3,
            "debt_ratio": 45.81,
            "inventory_turnover_ratio": 1.07,
            "account_receivable_turnover_ratio": 1.53,
            "reinvestment_rate": null,
            "research_to_sale_ratio": 17.85,
            "price_fair": 0,
            "eps_avg_yearly": 0,
            "eps_latest_yearly": 0,
            "eps_growth_yearly": 0
        },
        "20112": {
            "year_quarter": 20112,
            "year": 2011,
            "quarter": 2,
            "eps": 1.03,
            "eps_growth_year": null,
            "eps_4q": 0.47,
            "eps_4q_growth_year": null,
            "roe": 44.68,
            "roe_4q": -27.19,
            "gross_profit": 4019,
            "gross_margin": 47.81,
            "gross_margin_4q_avg": 40.19,
            "net_income": 17211,
            "revenue": 8406,
            "common_shares": 166349,
            "book_valuer_per_share": 2.83,
            "book_valuer_per_share_4q_avg": 1.53,
            "equity": 47110,
            "current_ratio": 1022.86,
            "debt_ratio": 9.08,
            "inventory_turnover_ratio": 1.09,
            "account_receivable_turnover_ratio": 1.41,
            "reinvestment_rate": null,
            "research_to_sale_ratio": 18.32,
            "price_fair": 0,
            "eps_avg_yearly": 0,
            "eps_latest_yearly": 0,
            "eps_growth_yearly": 0
        },
        "20113": {
            "year_quarter": 20113,
            "year": 2011,
            "quarter": 3,
            "eps": -0.43,
            "eps_growth_year": null,
            "eps_4q": 1.14,
            "eps_4q_growth_year": null,
            "roe": -6.21,
            "roe_4q": -11.160000000000004,
            "gross_profit": 4043,
            "gross_margin": 64.64,
            "gross_margin_4q_avg": 47.83,
            "net_income": -2840,
            "revenue": 6255,
            "common_shares": 66540,
            "book_valuer_per_share": 6.66,
            "book_valuer_per_share_4q_avg": 2.98,
            "equity": 44339,
            "current_ratio": 1071.75,
            "debt_ratio": 8.64,
            "inventory_turnover_ratio": 0.75,
            "account_receivable_turnover_ratio": 1.24,
            "reinvestment_rate": null,
            "research_to_sale_ratio": 32.44,
            "price_fair": 0,
            "eps_avg_yearly": 0,
            "eps_latest_yearly": 0,
            "eps_growth_yearly": 0
        },
        "20114": {
            "year_quarter": 20114,
            "year": 2011,
            "quarter": 4,
            "eps": -1.05,
            "eps_growth_year": null,
            "eps_4q": 0.48,
            "eps_4q_growth_year": null,
            "roe": -17.08,
            "roe_4q": -0.7100000000000009,
            "gross_profit": 1117,
            "gross_margin": 19.7,
            "gross_margin_4q_avg": 41.42,
            "net_income": -6975,
            "revenue": 5671,
            "common_shares": 66540,
            "book_valuer_per_share": 5.61,
            "book_valuer_per_share_4q_avg": 4.23,
            "equity": 37356,
            "current_ratio": 916.97,
            "debt_ratio": 10.02,
            "inventory_turnover_ratio": 1.51,
            "account_receivable_turnover_ratio": 1.03,
            "reinvestment_rate": null,
            "research_to_sale_ratio": 49.07,
            "price_fair": 0,
            "eps_avg_yearly": 0,
            "eps_latest_yearly": 0,
            "eps_growth_yearly": 0
        },
        "20121": {
            "year_quarter": 20121,
            "year": 2012,
            "quarter": 1,
            "eps": -1,
            "eps_growth_year": null,
            "eps_4q": 0.11,
            "eps_4q_growth_year": null,
            "roe": -19.49,
            "roe_4q": 1.9000000000000057,
            "gross_profit": 1331,
            "gross_margin": 37.38,
            "gross_margin_4q_avg": 42.38,
            "net_income": -6632,
            "revenue": 3561,
            "common_shares": 66540,
            "book_valuer_per_share": 4.61,
            "book_valuer_per_share_4q_avg": 4.93,
            "equity": 30694,
            "current_ratio": 576.66,
            "debt_ratio": 13.54,
            "inventory_turnover_ratio": 0.8,
            "account_receivable_turnover_ratio": 0.66,
            "reinvestment_rate": null,
            "research_to_sale_ratio": 82.06,
            "price_fair": 0,
            "eps_avg_yearly": 0,
            "eps_latest_yearly": 0,
            "eps_growth_yearly": 0
        },
        "20122": {
            "year_quarter": 20122,
            "year": 2012,
            "quarter": 2,
            "eps": -0.86,
            "eps_growth_year": -183.14,
            "eps_4q": -3.33,
            "eps_4q_growth_year": -814.27,
            "roe": -20.56,
            "roe_4q": -63.339999999999996,
            "gross_profit": 1066,
            "gross_margin": 47.87,
            "gross_margin_4q_avg": 42.4,
            "net_income": -5724,
            "revenue": 2227,
            "common_shares": 66540,
            "book_valuer_per_share": 3.75,
            "book_valuer_per_share_4q_avg": 5.16,
            "equity": 24984,
            "current_ratio": 584.25,
            "debt_ratio": 12.66,
            "inventory_turnover_ratio": 0.4,
            "account_receivable_turnover_ratio": 0.66,
            "reinvestment_rate": null,
            "research_to_sale_ratio": 111.14,
            "price_fair": 0,
            "eps_avg_yearly": 0,
            "eps_latest_yearly": 0,
            "eps_growth_yearly": 0
        },
        "20123": {
            "year_quarter": 20123,
            "year": 2012,
            "quarter": 3,
            "eps": -0.85,
            "eps_growth_year": null,
            "eps_4q": -3.75,
            "eps_4q_growth_year": -428.64,
            "roe": -25.49,
            "roe_4q": -82.61999999999999,
            "gross_profit": 635,
            "gross_margin": 66.49,
            "gross_margin_4q_avg": 42.86,
            "net_income": -5646,
            "revenue": 955,
            "common_shares": 66540,
            "book_valuer_per_share": 2.9,
            "book_valuer_per_share_4q_avg": 4.22,
            "equity": 19316,
            "current_ratio": 648.41,
            "debt_ratio": 10.91,
            "inventory_turnover_ratio": 0.09,
            "account_receivable_turnover_ratio": 0.99,
            "reinvestment_rate": null,
            "research_to_sale_ratio": 133.51,
            "price_fair": 0,
            "eps_avg_yearly": 0,
            "eps_latest_yearly": 0,
            "eps_growth_yearly": 0
        },
        "20124": {
            "year_quarter": 20124,
            "year": 2012,
            "quarter": 4,
            "eps": -0.5,
            "eps_growth_year": null,
            "eps_4q": -3.2,
            "eps_4q_growth_year": -765.4,
            "roe": -18.71,
            "roe_4q": -84.25,
            "gross_profit": 1263,
            "gross_margin": 44.93,
            "gross_margin_4q_avg": 49.17,
            "net_income": -3304,
            "revenue": 2811,
            "common_shares": 66540,
            "book_valuer_per_share": 2.4,
            "book_valuer_per_share_4q_avg": 3.42,
            "equity": 16002,
            "current_ratio": 587.47,
            "debt_ratio": 10.85,
            "inventory_turnover_ratio": 0.58,
            "account_receivable_turnover_ratio": 6.03,
            "reinvestment_rate": null,
            "research_to_sale_ratio": 27.53,
            "price_fair": 0,
            "eps_avg_yearly": 0,
            "eps_latest_yearly": 0,
            "eps_growth_yearly": 0
        },
        "20131": {
            "year_quarter": 20131,
            "year": 2013,
            "quarter": 1,
            "eps": -0.38,
            "eps_growth_year": null,
            "eps_4q": -2.59,
            "eps_4q_growth_year": -2354.32,
            "roe": -17.29,
            "roe_4q": -82.05,
            "gross_profit": 1720,
            "gross_margin": 78.43,
            "gross_margin_4q_avg": 59.43,
            "net_income": -2549,
            "revenue": 2193,
            "common_shares": 66540,
            "book_valuer_per_share": 2.03,
            "book_valuer_per_share_4q_avg": 2.77,
            "equity": 13483,
            "current_ratio": 447.06,
            "debt_ratio": 13.64,
            "inventory_turnover_ratio": 0.25,
            "account_receivable_turnover_ratio": 7.43,
            "reinvestment_rate": null,
            "research_to_sale_ratio": 41.95,
            "price_fair": 0,
            "eps_avg_yearly": 0,
            "eps_latest_yearly": 0,
            "eps_growth_yearly": 0
        },
        "20132": {
            "year_quarter": 20132,
            "year": 2013,
            "quarter": 2,
            "eps": -1.43,
            "eps_growth_year": null,
            "eps_4q": -0.71,
            "eps_4q_growth_year": null,
            "roe": -8.32,
            "roe_4q": -69.81,
            "gross_profit": 1922,
            "gross_margin": 40.4,
            "gross_margin_4q_avg": 57.56,
            "net_income": -11058,
            "revenue": 4758,
            "common_shares": 316540,
            "book_valuer_per_share": 7.97,
            "book_valuer_per_share_4q_avg": 3.83,
            "equity": 252432,
            "current_ratio": 7090.94,
            "debt_ratio": 1.4,
            "inventory_turnover_ratio": 1.86,
            "account_receivable_turnover_ratio": 6.2,
            "reinvestment_rate": null,
            "research_to_sale_ratio": 20.45,
            "price_fair": 0,
            "eps_avg_yearly": 0,
            "eps_latest_yearly": 0,
            "eps_growth_yearly": 0
        },
        "20133": {
            "year_quarter": 20133,
            "year": 2013,
            "quarter": 3,
            "eps": -0.21,
            "eps_growth_year": null,
            "eps_4q": -0.75,
            "eps_4q_growth_year": null,
            "roe": -2.68,
            "roe_4q": -47,
            "gross_profit": 939,
            "gross_margin": 46.65,
            "gross_margin_4q_avg": 52.6,
            "net_income": -6677,
            "revenue": 2013,
            "common_shares": 316540,
            "book_valuer_per_share": 7.76,
            "book_valuer_per_share_4q_avg": 5.04,
            "equity": 245738,
            "current_ratio": 2967.99,
            "debt_ratio": 3.31,
            "inventory_turnover_ratio": 0.21,
            "account_receivable_turnover_ratio": 1.67,
            "reinvestment_rate": null,
            "research_to_sale_ratio": 30.1,
            "price_fair": 0,
            "eps_avg_yearly": 0,
            "eps_latest_yearly": 0,
            "eps_growth_yearly": 0
        },
        "20134": {
            "year_quarter": 20134,
            "year": 2013,
            "quarter": 4,
            "eps": 0.26,
            "eps_growth_year": null,
            "eps_4q": -0.38,
            "eps_4q_growth_year": null,
            "roe": 3.24,
            "roe_4q": -25.049999999999997,
            "gross_profit": 23042,
            "gross_margin": 72.88,
            "gross_margin_4q_avg": 59.59,
            "net_income": 8102,
            "revenue": 31618,
            "common_shares": 316540,
            "book_valuer_per_share": 8.02,
            "book_valuer_per_share_4q_avg": 6.45,
            "equity": 253849,
            "current_ratio": 1736.93,
            "debt_ratio": 6.78,
            "inventory_turnover_ratio": 0.63,
            "account_receivable_turnover_ratio": 3.87,
            "reinvestment_rate": null,
            "research_to_sale_ratio": 2.26,
            "price_fair": 0,
            "eps_avg_yearly": 0,
            "eps_latest_yearly": 0,
            "eps_growth_yearly": 0
        },
        "20141": {
            "year_quarter": 20141,
            "year": 2014,
            "quarter": 1,
            "eps": 0.43,
            "eps_growth_year": null,
            "eps_4q": 0.12,
            "eps_4q_growth_year": null,
            "roe": 5.21,
            "roe_4q": -2.5500000000000007,
            "gross_profit": 32156,
            "gross_margin": 66.58,
            "gross_margin_4q_avg": 56.63,
            "net_income": 13575,
            "revenue": 48296,
            "common_shares": 316540,
            "book_valuer_per_share": 8.45,
            "book_valuer_per_share_4q_avg": 8.05,
            "equity": 267449,
            "current_ratio": 2162.32,
            "debt_ratio": 5.53,
            "inventory_turnover_ratio": 0.99,
            "account_receivable_turnover_ratio": 2.4,
            "reinvestment_rate": null,
            "research_to_sale_ratio": 1.26,
            "price_fair": 60.2,
            "eps_avg_yearly": 1.72,
            "eps_latest_yearly": 1.72,
            "eps_growth_yearly": 261.54
        },
        "20142": {
            "year_quarter": 20142,
            "year": 2014,
            "quarter": 2,
            "eps": 0.35,
            "eps_growth_year": null,
            "eps_4q": 0.82,
            "eps_4q_growth_year": null,
            "roe": 4.03,
            "roe_4q": 9.8,
            "gross_profit": 25674,
            "gross_margin": 60.61,
            "gross_margin_4q_avg": 61.68,
            "net_income": 10998,
            "revenue": 42361,
            "common_shares": 316540,
            "book_valuer_per_share": 8.8,
            "book_valuer_per_share_4q_avg": 8.26,
            "equity": 278424,
            "current_ratio": 1492.72,
            "debt_ratio": 12.2,
            "inventory_turnover_ratio": 0.76,
            "account_receivable_turnover_ratio": 1.97,
            "reinvestment_rate": null,
            "research_to_sale_ratio": 2.52,
            "price_fair": 54.6,
            "eps_avg_yearly": 1.56,
            "eps_latest_yearly": 1.4,
            "eps_growth_yearly": 93.56
        },
        "20143": {
            "year_quarter": 20143,
            "year": 2014,
            "quarter": 3,
            "eps": -0.21,
            "eps_growth_year": null,
            "eps_4q": 0.82,
            "eps_4q_growth_year": null,
            "roe": -2.47,
            "roe_4q": 10.01,
            "gross_profit": 51095,
            "gross_margin": 70.95,
            "gross_margin_4q_avg": 67.76,
            "net_income": -6803,
            "revenue": 72015,
            "common_shares": 316540,
            "book_valuer_per_share": 8.58,
            "book_valuer_per_share_4q_avg": 8.46,
            "equity": 271642,
            "current_ratio": 414.67,
            "debt_ratio": 24.02,
            "inventory_turnover_ratio": 0.45,
            "account_receivable_turnover_ratio": 5.35,
            "reinvestment_rate": null,
            "research_to_sale_ratio": 0.96,
            "price_fair": 54.6,
            "eps_avg_yearly": 1.56,
            "eps_latest_yearly": 1.4,
            "eps_growth_yearly": 93.56
        },
        "20144": {
            "year_quarter": 20144,
            "year": 2014,
            "quarter": 4,
            "eps": -0.19,
            "eps_growth_year": -172.81,
            "eps_4q": 0.38,
            "eps_4q_growth_year": null,
            "roe": -2.2,
            "roe_4q": 4.57,
            "gross_profit": 62018,
            "gross_margin": 78.88,
            "gross_margin_4q_avg": 69.26,
            "net_income": -5899,
            "revenue": 78626,
            "common_shares": 316540,
            "book_valuer_per_share": 8.4,
            "book_valuer_per_share_4q_avg": 8.56,
            "equity": 265788,
            "current_ratio": 408.05,
            "debt_ratio": 24.3,
            "inventory_turnover_ratio": 0.27,
            "account_receivable_turnover_ratio": 11.88,
            "reinvestment_rate": null,
            "research_to_sale_ratio": 2.41,
            "price_fair": 54.6,
            "eps_avg_yearly": 1.56,
            "eps_latest_yearly": 1.4,
            "eps_growth_yearly": 93.56
        },
        "20151": {
            "year_quarter": 20151,
            "year": 2015,
            "quarter": 1,
            "eps": -0.3,
            "eps_growth_year": -169.77,
            "eps_4q": -0.36,
            "eps_4q_growth_year": -386.96,
            "roe": -3.68,
            "roe_4q": -4.320000000000001,
            "gross_profit": 27881,
            "gross_margin": 76.48,
            "gross_margin_4q_avg": 71.73,
            "net_income": -9608,
            "revenue": 36454,
            "common_shares": 316540,
            "book_valuer_per_share": 8.09,
            "book_valuer_per_share_4q_avg": 8.47,
            "equity": 256168,
            "current_ratio": 249.76,
            "debt_ratio": 32.87,
            "inventory_turnover_ratio": 0.14,
            "account_receivable_turnover_ratio": 10.05,
            "reinvestment_rate": null,
            "research_to_sale_ratio": 0,
            "price_fair": 54.6,
            "eps_avg_yearly": 1.56,
            "eps_latest_yearly": 1.4,
            "eps_growth_yearly": 93.56
        },
        "20152": {
            "year_quarter": 20152,
            "year": 2015,
            "quarter": 2,
            "eps": -0.35,
            "eps_growth_year": -200,
            "eps_4q": -1.05,
            "eps_4q_growth_year": -227.92,
            "roe": -4.4,
            "roe_4q": -12.750000000000002,
            "gross_profit": 24537,
            "gross_margin": 72.72,
            "gross_margin_4q_avg": 74.76,
            "net_income": -10947,
            "revenue": 33741,
            "common_shares": 316540,
            "book_valuer_per_share": 7.63,
            "book_valuer_per_share_4q_avg": 8.18,
            "equity": 241532,
            "current_ratio": 242.4,
            "debt_ratio": 32.16,
            "inventory_turnover_ratio": 0.15,
            "account_receivable_turnover_ratio": 10.76,
            "reinvestment_rate": null,
            "research_to_sale_ratio": 0.35,
            "price_fair": 54.6,
            "eps_avg_yearly": 1.56,
            "eps_latest_yearly": 1.4,
            "eps_growth_yearly": 93.56
        },
        "20153": {
            "year_quarter": 20153,
            "year": 2015,
            "quarter": 3,
            "eps": -0.35,
            "eps_growth_year": null,
            "eps_4q": -1.19,
            "eps_4q_growth_year": -245.68,
            "roe": -4.79,
            "roe_4q": -15.07,
            "gross_profit": 20701,
            "gross_margin": 71.8,
            "gross_margin_4q_avg": 74.97,
            "net_income": -11236,
            "revenue": 28831,
            "common_shares": 316540,
            "book_valuer_per_share": 7.18,
            "book_valuer_per_share_4q_avg": 7.83,
            "equity": 227255,
            "current_ratio": 220.43,
            "debt_ratio": 34.3,
            "inventory_turnover_ratio": 0.15,
            "account_receivable_turnover_ratio": 8.38,
            "reinvestment_rate": null,
            "research_to_sale_ratio": 0.71,
            "price_fair": 54.6,
            "eps_avg_yearly": 1.56,
            "eps_latest_yearly": 1.4,
            "eps_growth_yearly": 93.56
        },
        "20154": {
            "year_quarter": 20154,
            "year": 2015,
            "quarter": 4,
            "eps": -0.09,
            "eps_growth_year": null,
            "eps_4q": -1.09,
            "eps_4q_growth_year": -391.05,
            "roe": -1.22,
            "roe_4q": -14.09,
            "gross_profit": 37375,
            "gross_margin": 82.92,
            "gross_margin_4q_avg": 75.98,
            "net_income": -2759,
            "revenue": 45071,
            "common_shares": 316540,
            "book_valuer_per_share": 7.12,
            "book_valuer_per_share_4q_avg": 7.51,
            "equity": 225418,
            "current_ratio": 235.5,
            "debt_ratio": 32.92,
            "inventory_turnover_ratio": 0.15,
            "account_receivable_turnover_ratio": 11.96,
            "reinvestment_rate": null,
            "research_to_sale_ratio": 1.24,
            "price_fair": 54.6,
            "eps_avg_yearly": 1.56,
            "eps_latest_yearly": 1.4,
            "eps_growth_yearly": 93.56
        },
        "20161": {
            "year_quarter": 20161,
            "year": 2016,
            "quarter": 1,
            "eps": -0.23,
            "eps_growth_year": null,
            "eps_4q": -1.02,
            "eps_4q_growth_year": null,
            "roe": -3.32,
            "roe_4q": -13.73,
            "gross_profit": 33615,
            "gross_margin": 80.29,
            "gross_margin_4q_avg": 76.93,
            "net_income": -7397,
            "revenue": 41869,
            "common_shares": 316540,
            "book_valuer_per_share": 6.97,
            "book_valuer_per_share_4q_avg": 7.23,
            "equity": 220577,
            "current_ratio": 249.9,
            "debt_ratio": 31.87,
            "inventory_turnover_ratio": 0.18,
            "account_receivable_turnover_ratio": 8.84,
            "reinvestment_rate": null,
            "research_to_sale_ratio": 1.39,
            "price_fair": 54.6,
            "eps_avg_yearly": 1.56,
            "eps_latest_yearly": 1.4,
            "eps_growth_yearly": 93.56
        },
        "20162": {
            "year_quarter": 20162,
            "year": 2016,
            "quarter": 2,
            "eps": -0.19,
            "eps_growth_year": null,
            "eps_4q": -0.87,
            "eps_4q_growth_year": null,
            "roe": -2.83,
            "roe_4q": -12.16,
            "gross_profit": 31020,
            "gross_margin": 75.98,
            "gross_margin_4q_avg": 77.75,
            "net_income": -6141,
            "revenue": 40827,
            "common_shares": 316540,
            "book_valuer_per_share": 6.74,
            "book_valuer_per_share_4q_avg": 7,
            "equity": 213426,
            "current_ratio": 257.41,
            "debt_ratio": 31.47,
            "inventory_turnover_ratio": 0.23,
            "account_receivable_turnover_ratio": 5.76,
            "reinvestment_rate": null,
            "research_to_sale_ratio": 0.8,
            "price_fair": 54.6,
            "eps_avg_yearly": 1.56,
            "eps_latest_yearly": 1.4,
            "eps_growth_yearly": 93.56
        },
        "20163": {
            "year_quarter": 20163,
            "year": 2016,
            "quarter": 3,
            "eps": -0.36,
            "eps_growth_year": null,
            "eps_4q": -0.88,
            "eps_4q_growth_year": null,
            "roe": -5.56,
            "roe_4q": -12.930000000000001,
            "gross_profit": 21563,
            "gross_margin": 83.29,
            "gross_margin_4q_avg": 80.62,
            "net_income": -11488,
            "revenue": 25890,
            "common_shares": 316540,
            "book_valuer_per_share": 6.3,
            "book_valuer_per_share_4q_avg": 6.78,
            "equity": 199512,
            "current_ratio": 253.23,
            "debt_ratio": 31.96,
            "inventory_turnover_ratio": 0.1,
            "account_receivable_turnover_ratio": 3.48,
            "reinvestment_rate": null,
            "research_to_sale_ratio": 1.11,
            "price_fair": 54.6,
            "eps_avg_yearly": 1.56,
            "eps_latest_yearly": 1.4,
            "eps_growth_yearly": 93.56
        },
        "20164": {
            "year_quarter": 20164,
            "year": 2016,
            "quarter": 4,
            "eps": -0.11,
            "eps_growth_year": null,
            "eps_4q": -0.9,
            "eps_4q_growth_year": null,
            "roe": -2.06,
            "roe_4q": -13.77,
            "gross_profit": 14323,
            "gross_margin": 80,
            "gross_margin_4q_avg": 79.89,
            "net_income": -4062,
            "revenue": 17903,
            "common_shares": 316540,
            "book_valuer_per_share": 6.14,
            "book_valuer_per_share_4q_avg": 6.54,
            "equity": 194741,
            "current_ratio": 250.62,
            "debt_ratio": 31.35,
            "inventory_turnover_ratio": 0.09,
            "account_receivable_turnover_ratio": 3.46,
            "reinvestment_rate": null,
            "research_to_sale_ratio": 1.36,
            "price_fair": 54.6,
            "eps_avg_yearly": 1.56,
            "eps_latest_yearly": 1.4,
            "eps_growth_yearly": 93.56
        },
        "20171": {
            "year_quarter": 20171,
            "year": 2017,
            "quarter": 1,
            "eps": -0.59,
            "eps_growth_year": null,
            "eps_4q": -1.25,
            "eps_4q_growth_year": null,
            "roe": -10.12,
            "roe_4q": -20.57,
            "gross_profit": 19449,
            "gross_margin": 77.68,
            "gross_margin_4q_avg": 79.24,
            "net_income": -18657,
            "revenue": 25037,
            "common_shares": 316540,
            "book_valuer_per_share": 5.49,
            "book_valuer_per_share_4q_avg": 6.17,
            "equity": 174132,
            "current_ratio": 162.55,
            "debt_ratio": 44.21,
            "inventory_turnover_ratio": 0.14,
            "account_receivable_turnover_ratio": 5.05,
            "reinvestment_rate": null,
            "research_to_sale_ratio": 1.24,
            "price_fair": 54.6,
            "eps_avg_yearly": 1.56,
            "eps_latest_yearly": 1.4,
            "eps_growth_yearly": 93.56
        },
        "20172": {
            "year_quarter": 20172,
            "year": 2017,
            "quarter": 2,
            "eps": -0.43,
            "eps_growth_year": null,
            "eps_4q": -1.49,
            "eps_4q_growth_year": null,
            "roe": -8.08,
            "roe_4q": -25.819999999999997,
            "gross_profit": 51851,
            "gross_margin": 80.99,
            "gross_margin_4q_avg": 80.49,
            "net_income": -13568,
            "revenue": 64020,
            "common_shares": 316540,
            "book_valuer_per_share": 5.1,
            "book_valuer_per_share_4q_avg": 5.76,
            "equity": 161695,
            "current_ratio": 142.71,
            "debt_ratio": 48.86,
            "inventory_turnover_ratio": 0.32,
            "account_receivable_turnover_ratio": 7.15,
            "reinvestment_rate": null,
            "research_to_sale_ratio": 0.67,
            "price_fair": 54.6,
            "eps_avg_yearly": 1.56,
            "eps_latest_yearly": 1.4,
            "eps_growth_yearly": 93.56
        },
        "20173": {
            "year_quarter": 20173,
            "year": 2017,
            "quarter": 3,
            "eps": -0.59,
            "eps_growth_year": null,
            "eps_4q": -1.72,
            "eps_4q_growth_year": null,
            "roe": -12.53,
            "roe_4q": -32.79,
            "gross_profit": 32587,
            "gross_margin": 80.73,
            "gross_margin_4q_avg": 79.85,
            "net_income": -19080,
            "revenue": 40363,
            "common_shares": 316540,
            "book_valuer_per_share": 4.51,
            "book_valuer_per_share_4q_avg": 5.31,
            "equity": 142939,
            "current_ratio": 122.01,
            "debt_ratio": 50.93,
            "inventory_turnover_ratio": 0.21,
            "account_receivable_turnover_ratio": 4.04,
            "reinvestment_rate": null,
            "research_to_sale_ratio": 1.95,
            "price_fair": 54.6,
            "eps_avg_yearly": 1.56,
            "eps_latest_yearly": 1.4,
            "eps_growth_yearly": 93.56
        },
        "20174": {
            "year_quarter": 20174,
            "year": 2017,
            "quarter": 4,
            "eps": -0.1,
            "eps_growth_year": null,
            "eps_4q": -1.71,
            "eps_4q_growth_year": null,
            "roe": -2.25,
            "roe_4q": -32.98,
            "gross_profit": 33658,
            "gross_margin": 80.57,
            "gross_margin_4q_avg": 79.99,
            "net_income": -3288,
            "revenue": 41773,
            "common_shares": 316540,
            "book_valuer_per_share": 4.6,
            "book_valuer_per_share_4q_avg": 4.93,
            "equity": 148741,
            "current_ratio": 116.93,
            "debt_ratio": 48.35,
            "inventory_turnover_ratio": 0.2,
            "account_receivable_turnover_ratio": 4.74,
            "reinvestment_rate": null,
            "research_to_sale_ratio": 2.49,
            "price_fair": 54.6,
            "eps_avg_yearly": 1.56,
            "eps_latest_yearly": 1.4,
            "eps_growth_yearly": 93.56
        },
        "20181": {
            "year_quarter": 20181,
            "year": 2018,
            "quarter": 1,
            "eps": -0.28,
            "eps_growth_year": null,
            "eps_4q": -1.41,
            "eps_4q_growth_year": null,
            "roe": -6.37,
            "roe_4q": -29.229999999999997,
            "gross_profit": 21688,
            "gross_margin": 81.06,
            "gross_margin_4q_avg": 80.84,
            "net_income": -9577,
            "revenue": 26756,
            "common_shares": 316540,
            "book_valuer_per_share": 4.62,
            "book_valuer_per_share_4q_avg": 4.71,
            "equity": 151838,
            "current_ratio": 128.94,
            "debt_ratio": 41.64,
            "inventory_turnover_ratio": 0.13,
            "account_receivable_turnover_ratio": 3.68,
            "reinvestment_rate": null,
            "research_to_sale_ratio": 7.25,
            "price_fair": 4.2,
            "eps_avg_yearly": 1.4,
            "eps_latest_yearly": 1.4,
            "eps_growth_yearly": -74.42
        },
        "20182": {
            "year_quarter": 20182,
            "year": 2018,
            "quarter": 2,
            "eps": -0.99,
            "eps_growth_year": null,
            "eps_4q": -1.98,
            "eps_4q_growth_year": null,
            "roe": -24.49,
            "roe_4q": -45.64,
            "gross_profit": 22001,
            "gross_margin": 82.27,
            "gross_margin_4q_avg": 81.16,
            "net_income": -32833,
            "revenue": 26741,
            "common_shares": 316540,
            "book_valuer_per_share": 3.54,
            "book_valuer_per_share_4q_avg": 4.32,
            "equity": 116310,
            "current_ratio": 124.03,
            "debt_ratio": 51.69,
            "inventory_turnover_ratio": 0.12,
            "account_receivable_turnover_ratio": 5.6,
            "reinvestment_rate": null,
            "research_to_sale_ratio": 16.72,
            "price_fair": 0,
            "eps_avg_yearly": 0,
            "eps_latest_yearly": 0,
            "eps_growth_yearly": 0
        },
        "20183": {
            "year_quarter": 20183,
            "year": 2018,
            "quarter": 3,
            "eps": -0.29,
            "eps_growth_year": null,
            "eps_4q": -1.67,
            "eps_4q_growth_year": null,
            "roe": -8.38,
            "roe_4q": -41.489999999999995,
            "gross_profit": 17706,
            "gross_margin": 83.23,
            "gross_margin_4q_avg": 81.78,
            "net_income": -9237,
            "revenue": 21273,
            "common_shares": 316540,
            "book_valuer_per_share": 3.16,
            "book_valuer_per_share_4q_avg": 3.98,
            "equity": 104276,
            "current_ratio": 125.09,
            "debt_ratio": 46.98,
            "inventory_turnover_ratio": 0.09,
            "account_receivable_turnover_ratio": 6.54,
            "reinvestment_rate": null,
            "research_to_sale_ratio": 6.95,
            "price_fair": 0,
            "eps_avg_yearly": 0,
            "eps_latest_yearly": 0,
            "eps_growth_yearly": 0
        },
        "20184": {
            "year_quarter": 20184,
            "year": 2018,
            "quarter": 4,
            "eps": -0.41,
            "eps_growth_year": null,
            "eps_4q": -1.98,
            "eps_4q_growth_year": null,
            "roe": -14.17,
            "roe_4q": -53.41,
            "gross_profit": 18973,
            "gross_margin": 83.98,
            "gross_margin_4q_avg": 82.64,
            "net_income": -13740,
            "revenue": 22591,
            "common_shares": 316540,
            "book_valuer_per_share": 2.72,
            "book_valuer_per_share_4q_avg": 3.51,
            "equity": 89692,
            "current_ratio": 113.32,
            "debt_ratio": 51.35,
            "inventory_turnover_ratio": 0.1,
            "account_receivable_turnover_ratio": 8.86,
            "reinvestment_rate": null,
            "research_to_sale_ratio": 9.17,
            "price_fair": 0,
            "eps_avg_yearly": 0,
            "eps_latest_yearly": 0,
            "eps_growth_yearly": 0
        },
        "20191": {
            "year_quarter": 20191,
            "year": 2019,
            "quarter": 1,
            "eps": -0.45,
            "eps_growth_year": null,
            "eps_4q": -2.14,
            "eps_4q_growth_year": null,
            "roe": -18.26,
            "roe_4q": -65.3,
            "gross_profit": 17053,
            "gross_margin": 83.14,
            "gross_margin_4q_avg": 83.16,
            "net_income": -15007,
            "revenue": 20512,
            "common_shares": 316540,
            "book_valuer_per_share": 2.27,
            "book_valuer_per_share_4q_avg": 2.92,
            "equity": 74718,
            "current_ratio": 89.62,
            "debt_ratio": 59.11,
            "inventory_turnover_ratio": 0.09,
            "account_receivable_turnover_ratio": 6.23,
            "reinvestment_rate": null,
            "research_to_sale_ratio": 7.03,
            "price_fair": 0,
            "eps_avg_yearly": 0,
            "eps_latest_yearly": 0,
            "eps_growth_yearly": 0
        },
        "20192": {
            "year_quarter": 20192,
            "year": 2019,
            "quarter": 2,
            "eps": -0.18,
            "eps_growth_year": null,
            "eps_4q": -1.33,
            "eps_4q_growth_year": null,
            "roe": -8.08,
            "roe_4q": -48.89000000000001,
            "gross_profit": 19940,
            "gross_margin": 79.49,
            "gross_margin_4q_avg": 82.46,
            "net_income": -5720,
            "revenue": 25085,
            "common_shares": 316540,
            "book_valuer_per_share": 2.03,
            "book_valuer_per_share_4q_avg": 2.55,
            "equity": 66943,
            "current_ratio": 86.67,
            "debt_ratio": 62.68,
            "inventory_turnover_ratio": 0.15,
            "account_receivable_turnover_ratio": 7.89,
            "reinvestment_rate": null,
            "research_to_sale_ratio": 4.74,
            "price_fair": 0,
            "eps_avg_yearly": 0,
            "eps_latest_yearly": 0,
            "eps_growth_yearly": 0
        },
        "20193": {
            "year_quarter": 20193,
            "year": 2019,
            "quarter": 3,
            "eps": -0.1,
            "eps_growth_year": null,
            "eps_4q": -1.14,
            "eps_4q_growth_year": null,
            "roe": -4.72,
            "roe_4q": -45.230000000000004,
            "gross_profit": 20266,
            "gross_margin": 70.65,
            "gross_margin_4q_avg": 79.32,
            "net_income": -3547,
            "revenue": 28687,
            "common_shares": 316540,
            "book_valuer_per_share": 2.23,
            "book_valuer_per_share_4q_avg": 2.31,
            "equity": 83383,
            "current_ratio": 114.21,
            "debt_ratio": 52.17,
            "inventory_turnover_ratio": 0.28,
            "account_receivable_turnover_ratio": 6.11,
            "reinvestment_rate": null,
            "research_to_sale_ratio": 4.86,
            "price_fair": 0,
            "eps_avg_yearly": 0,
            "eps_latest_yearly": 0,
            "eps_growth_yearly": 0
        },
        "20194": {
            "year_quarter": 20194,
            "year": 2019,
            "quarter": 4,
            "eps": 0.17,
            "eps_growth_year": null,
            "eps_4q": -0.55,
            "eps_4q_growth_year": null,
            "roe": 5.74,
            "roe_4q": -25.32,
            "gross_profit": 15808,
            "gross_margin": 79.2,
            "gross_margin_4q_avg": 78.12,
            "net_income": 4786,
            "revenue": 19959,
            "common_shares": 316540,
            "book_valuer_per_share": 2.63,
            "book_valuer_per_share_4q_avg": 2.29,
            "equity": 83399,
            "current_ratio": 841.46,
            "debt_ratio": 13.04,
            "inventory_turnover_ratio": 0.18,
            "account_receivable_turnover_ratio": 3.11,
            "reinvestment_rate": null,
            "research_to_sale_ratio": 9.85,
            "price_fair": 0,
            "eps_avg_yearly": 0,
            "eps_latest_yearly": 0,
            "eps_growth_yearly": 0
        },
        "20201": {
            "year_quarter": 20201,
            "year": 2020,
            "quarter": 1,
            "eps": -0.06,
            "eps_growth_year": null,
            "eps_4q": -0.16,
            "eps_4q_growth_year": null,
            "roe": -2.44,
            "roe_4q": -9.5,
            "gross_profit": 4386,
            "gross_margin": 40.53,
            "gross_margin_4q_avg": 67.47,
            "net_income": -1991,
            "revenue": 10821,
            "common_shares": 316540,
            "book_valuer_per_share": 2.51,
            "book_valuer_per_share_4q_avg": 2.35,
            "equity": 79474,
            "current_ratio": 1005.74,
            "debt_ratio": 11.26,
            "inventory_turnover_ratio": 0.36,
            "account_receivable_turnover_ratio": 1.38,
            "reinvestment_rate": null,
            "research_to_sale_ratio": 9,
            "price_fair": 0,
            "eps_avg_yearly": 0,
            "eps_latest_yearly": 0,
            "eps_growth_yearly": 0
        },
        "20202": {
            "year_quarter": 20202,
            "year": 2020,
            "quarter": 2,
            "eps": -0.12,
            "eps_growth_year": null,
            "eps_4q": -0.11,
            "eps_4q_growth_year": null,
            "roe": -4.79,
            "roe_4q": -6.21,
            "gross_profit": 5113,
            "gross_margin": 47.97,
            "gross_margin_4q_avg": 59.59,
            "net_income": -3749,
            "revenue": 10658,
            "common_shares": 316540,
            "book_valuer_per_share": 2.44,
            "book_valuer_per_share_4q_avg": 2.45,
            "equity": 77104,
            "current_ratio": 1055.17,
            "debt_ratio": 10.37,
            "inventory_turnover_ratio": 0.37,
            "account_receivable_turnover_ratio": 1.13,
            "reinvestment_rate": null,
            "research_to_sale_ratio": 8.09,
            "price_fair": 0,
            "eps_avg_yearly": 0,
            "eps_latest_yearly": 0,
            "eps_growth_yearly": 0
        },
        "20203": {
            "year_quarter": 20203,
            "year": 2020,
            "quarter": 3,
            "eps": -0.17,
            "eps_growth_year": null,
            "eps_4q": -0.18,
            "eps_4q_growth_year": null,
            "roe": -7.26,
            "roe_4q": -8.75,
            "gross_profit": 1704,
            "gross_margin": 20.46,
            "gross_margin_4q_avg": 47.04,
            "net_income": -5389,
            "revenue": 8328,
            "common_shares": 316540,
            "book_valuer_per_share": 2.25,
            "book_valuer_per_share_4q_avg": 2.46,
            "equity": 71371,
            "current_ratio": 791.46,
            "debt_ratio": 12.72,
            "inventory_turnover_ratio": 0.48,
            "account_receivable_turnover_ratio": 0.92,
            "reinvestment_rate": null,
            "research_to_sale_ratio": 18.37,
            "price_fair": 0,
            "eps_avg_yearly": 0,
            "eps_latest_yearly": 0,
            "eps_growth_yearly": 0
        },
        "20204": {
            "year_quarter": 20204,
            "year": 2020,
            "quarter": 4,
            "eps": 0.01,
            "eps_growth_year": -94.65,
            "eps_4q": -0.34,
            "eps_4q_growth_year": null,
            "roe": 0.41,
            "roe_4q": -14.08,
            "gross_profit": 4767,
            "gross_margin": 34.21,
            "gross_margin_4q_avg": 35.79,
            "net_income": 295,
            "revenue": 13935,
            "common_shares": 316540,
            "book_valuer_per_share": 2.32,
            "book_valuer_per_share_4q_avg": 2.38,
            "equity": 73352,
            "current_ratio": 627.62,
            "debt_ratio": 12.47,
            "inventory_turnover_ratio": 0.65,
            "account_receivable_turnover_ratio": 1.23,
            "reinvestment_rate": null,
            "research_to_sale_ratio": 5.82,
            "price_fair": 0,
            "eps_avg_yearly": 0,
            "eps_latest_yearly": 0,
            "eps_growth_yearly": 0
        },
        "20211": {
            "year_quarter": 20211,
            "year": 2021,
            "quarter": 1,
            "eps": -0.07,
            "eps_growth_year": null,
            "eps_4q": -0.35,
            "eps_4q_growth_year": null,
            "roe": -2.9,
            "roe_4q": -14.54,
            "gross_profit": 3827,
            "gross_margin": 40.03,
            "gross_margin_4q_avg": 35.67,
            "net_income": -2159,
            "revenue": 9560,
            "common_shares": 316540,
            "book_valuer_per_share": 2.39,
            "book_valuer_per_share_4q_avg": 2.35,
            "equity": 75633,
            "current_ratio": 700.45,
            "debt_ratio": 10.42,
            "inventory_turnover_ratio": 0.41,
            "account_receivable_turnover_ratio": 0.82,
            "reinvestment_rate": null,
            "research_to_sale_ratio": 9.28,
            "price_fair": 0,
            "eps_avg_yearly": 0,
            "eps_latest_yearly": 0,
            "eps_growth_yearly": 0
        },
        "20212": {
            "year_quarter": 20212,
            "year": 2021,
            "quarter": 2,
            "eps": -0.06,
            "eps_growth_year": null,
            "eps_4q": -0.29,
            "eps_4q_growth_year": null,
            "roe": -2.53,
            "roe_4q": -12.28,
            "gross_profit": 2570,
            "gross_margin": 43.73,
            "gross_margin_4q_avg": 34.61,
            "net_income": -1854,
            "revenue": 5877,
            "common_shares": 316540,
            "book_valuer_per_share": 2.24,
            "book_valuer_per_share_4q_avg": 2.3,
            "equity": 71023,
            "current_ratio": 773.6,
            "debt_ratio": 9.65,
            "inventory_turnover_ratio": 0.23,
            "account_receivable_turnover_ratio": 0.68,
            "reinvestment_rate": null,
            "research_to_sale_ratio": 8.69,
            "price_fair": 0,
            "eps_avg_yearly": 0,
            "eps_latest_yearly": 0,
            "eps_growth_yearly": 0
        },
        "20213": {
            "year_quarter": 20213,
            "year": 2021,
            "quarter": 3,
            "eps": -0.06,
            "eps_growth_year": null,
            "eps_4q": -0.18,
            "eps_4q_growth_year": null,
            "roe": -2.6,
            "roe_4q": -7.619999999999999,
            "gross_profit": 2560,
            "gross_margin": 35.34,
            "gross_margin_4q_avg": 38.33,
            "net_income": -1833,
            "revenue": 7244,
            "common_shares": 316540,
            "book_valuer_per_share": 2.2,
            "book_valuer_per_share_4q_avg": 2.29,
            "equity": 69753,
            "current_ratio": 1043.99,
            "debt_ratio": 6.71,
            "inventory_turnover_ratio": 0.33,
            "account_receivable_turnover_ratio": 1.61,
            "reinvestment_rate": null,
            "research_to_sale_ratio": 7.33,
            "price_fair": 0,
            "eps_avg_yearly": 0,
            "eps_latest_yearly": 0,
            "eps_growth_yearly": 0
        },
        "20214": {
            "year_quarter": 20214,
            "year": 2021,
            "quarter": 4,
            "eps": 0.02,
            "eps_growth_year": 67.45,
            "eps_4q": -0.17,
            "eps_4q_growth_year": null,
            "roe": 0.7,
            "roe_4q": -7.33,
            "gross_profit": 5550,
            "gross_margin": 63.73,
            "gross_margin_4q_avg": 45.71,
            "net_income": 494,
            "revenue": 8708,
            "common_shares": 316540,
            "book_valuer_per_share": 2.26,
            "book_valuer_per_share_4q_avg": 2.27,
            "equity": 71673,
            "current_ratio": 1036.52,
            "debt_ratio": 6.62,
            "inventory_turnover_ratio": 0.25,
            "account_receivable_turnover_ratio": 5.04,
            "reinvestment_rate": null,
            "research_to_sale_ratio": 6.24,
            "price_fair": 0,
            "eps_avg_yearly": 0,
            "eps_latest_yearly": 0,
            "eps_growth_yearly": 0
        },
        "20221": {
            "year_quarter": 20221,
            "year": 2022,
            "quarter": 1,
            "eps": 0.02,
            "eps_growth_year": null,
            "eps_4q": -0.08,
            "eps_4q_growth_year": null,
            "roe": 0.75,
            "roe_4q": -3.6799999999999997,
            "gross_profit": 5237,
            "gross_margin": 67.29,
            "gross_margin_4q_avg": 52.52,
            "net_income": 541,
            "revenue": 7783,
            "common_shares": 316540,
            "book_valuer_per_share": 2.27,
            "book_valuer_per_share_4q_avg": 2.24,
            "equity": 71940,
            "current_ratio": 1204.11,
            "debt_ratio": 5.83,
            "inventory_turnover_ratio": 0.21,
            "account_receivable_turnover_ratio": 3.38,
            "reinvestment_rate": null,
            "research_to_sale_ratio": 6.93,
            "price_fair": 0.8,
            "eps_avg_yearly": 0.08,
            "eps_latest_yearly": 0.08,
            "eps_growth_yearly": 0
        },
        "20222": {
            "year_quarter": 20222,
            "year": 2022,
            "quarter": 2,
            "eps": 0.04,
            "eps_growth_year": null,
            "eps_4q": 0.01,
            "eps_4q_growth_year": null,
            "roe": 1.6,
            "roe_4q": 0.44999999999999973,
            "gross_profit": 5536,
            "gross_margin": 61.19,
            "gross_margin_4q_avg": 56.89,
            "net_income": 1163,
            "revenue": 9047,
            "common_shares": 316540,
            "book_valuer_per_share": 2.33,
            "book_valuer_per_share_4q_avg": 2.27,
            "equity": 73740,
            "current_ratio": 1189.12,
            "debt_ratio": 6.03,
            "inventory_turnover_ratio": 0.29,
            "account_receivable_turnover_ratio": 4.45,
            "reinvestment_rate": null,
            "research_to_sale_ratio": 7.85,
            "price_fair": 4.2,
            "eps_avg_yearly": 0.12,
            "eps_latest_yearly": 0.16,
            "eps_growth_yearly": 200
        },
        "20223": {
            "year_quarter": 20223,
            "year": 2022,
            "quarter": 3,
            "eps": -0.43,
            "eps_growth_year": null,
            "eps_4q": -0.36,
            "eps_4q_growth_year": null,
            "roe": -19.94,
            "roe_4q": -16.89,
            "gross_profit": 2822,
            "gross_margin": 38.37,
            "gross_margin_4q_avg": 57.65,
            "net_income": -13454,
            "revenue": 7355,
            "common_shares": 316540,
            "book_valuer_per_share": 1.93,
            "book_valuer_per_share_4q_avg": 2.2,
            "equity": 61184,
            "current_ratio": 254.55,
            "debt_ratio": 30.56,
            "inventory_turnover_ratio": 0.38,
            "account_receivable_turnover_ratio": 2.55,
            "reinvestment_rate": null,
            "research_to_sale_ratio": 102.68,
            "price_fair": 4.2,
            "eps_avg_yearly": 0.12,
            "eps_latest_yearly": 0.16,
            "eps_growth_yearly": 200
        },
        "20224": {
            "year_quarter": 20224,
            "year": 2022,
            "quarter": 4,
            "eps": -0.29,
            "eps_growth_year": -1936.47,
            "eps_4q": -0.57,
            "eps_4q_growth_year": null,
            "roe": -8.85,
            "roe_4q": -26.439999999999998,
            "gross_profit": -222,
            "gross_margin": -2.82,
            "gross_margin_4q_avg": 41.01,
            "net_income": -11938,
            "revenue": 7872,
            "common_shares": 416540,
            "book_valuer_per_share": 5.01,
            "book_valuer_per_share_4q_avg": 2.89,
            "equity": 208490,
            "current_ratio": 1406.93,
            "debt_ratio": 8.9,
            "inventory_turnover_ratio": 0.78,
            "account_receivable_turnover_ratio": 2.75,
            "reinvestment_rate": null,
            "research_to_sale_ratio": 36.75,
            "price_fair": 4.2,
            "eps_avg_yearly": 0.12,
            "eps_latest_yearly": 0.16,
            "eps_growth_yearly": 200
        },
        "20231": {
            "year_quarter": 20231,
            "year": 2023,
            "quarter": 1,
            "eps": -0.31,
            "eps_growth_year": -1650,
            "eps_4q": -0.9,
            "eps_4q_growth_year": null,
            "roe": -6.47,
            "roe_4q": -33.660000000000004,
            "gross_profit": 1287,
            "gross_margin": 14.95,
            "gross_margin_4q_avg": 27.92,
            "net_income": -13088,
            "revenue": 8608,
            "common_shares": 416540,
            "book_valuer_per_share": 4.71,
            "book_valuer_per_share_4q_avg": 3.5,
            "equity": 196271,
            "current_ratio": 968.1,
            "debt_ratio": 11.31,
            "inventory_turnover_ratio": 0.97,
            "account_receivable_turnover_ratio": 4.69,
            "reinvestment_rate": null,
            "research_to_sale_ratio": 59.36,
            "price_fair": 4.2,
            "eps_avg_yearly": 0.12,
            "eps_latest_yearly": 0.16,
            "eps_growth_yearly": 200
        }
    },
    "months": {
        "2003-03": {
            "month": "2003-03",
            "price": "16.00",
            "revenue": 53135
        },
        "2003-04": {
            "month": "2003-04",
            "price": "14.53",
            "revenue": 50187
        },
        "2003-05": {
            "month": "2003-05",
            "price": "12.45",
            "revenue": 43566
        },
        "2003-06": {
            "month": "2003-06",
            "price": "17.40",
            "revenue": 40048
        },
        "2003-07": {
            "month": "2003-07",
            "price": "24.58",
            "revenue": 45052
        },
        "2003-08": {
            "month": "2003-08",
            "price": "20.16",
            "revenue": 74696
        },
        "2003-09": {
            "month": "2003-09",
            "price": "23.92",
            "revenue": 75118
        },
        "2003-10": {
            "month": "2003-10",
            "price": "24.64",
            "revenue": 76559
        },
        "2003-11": {
            "month": "2003-11",
            "price": "22.35",
            "revenue": 77499
        },
        "2003-12": {
            "month": "2003-12",
            "price": "25.10",
            "revenue": 70658
        },
        "2004-01": {
            "month": "2004-01",
            "price": "27.37",
            "revenue": 62033
        },
        "2004-02": {
            "month": "2004-02",
            "price": "29.42",
            "revenue": 79096
        },
        "2004-03": {
            "month": "2004-03",
            "price": "27.64",
            "revenue": 76851
        },
        "2004-04": {
            "month": "2004-04",
            "price": "25.69",
            "revenue": 64001
        },
        "2004-05": {
            "month": "2004-05",
            "price": "20.74",
            "revenue": 60519
        },
        "2004-06": {
            "month": "2004-06",
            "price": "16.98",
            "revenue": 60625
        },
        "2004-07": {
            "month": "2004-07",
            "price": "14.42",
            "revenue": 61413
        },
        "2004-08": {
            "month": "2004-08",
            "price": "12.09",
            "revenue": 53006
        },
        "2004-09": {
            "month": "2004-09",
            "price": "8.79",
            "revenue": 47942
        },
        "2004-10": {
            "month": "2004-10",
            "price": "9.24",
            "revenue": 55370
        },
        "2004-11": {
            "month": "2004-11",
            "price": "8.99",
            "revenue": 52076
        },
        "2004-12": {
            "month": "2004-12",
            "price": "7.99",
            "revenue": 48265
        },
        "2005-01": {
            "month": "2005-01",
            "price": "6.72",
            "revenue": 48379
        },
        "2005-02": {
            "month": "2005-02",
            "price": "8.68",
            "revenue": 30742
        },
        "2005-03": {
            "month": "2005-03",
            "price": "9.46",
            "revenue": 30790
        },
        "2005-04": {
            "month": "2005-04",
            "price": "8.54",
            "revenue": 30939
        },
        "2005-05": {
            "month": "2005-05",
            "price": "7.53",
            "revenue": 39935
        },
        "2005-06": {
            "month": "2005-06",
            "price": "8.19",
            "revenue": 51939
        },
        "2005-07": {
            "month": "2005-07",
            "price": "8.53",
            "revenue": 50889
        },
        "2005-08": {
            "month": "2005-08",
            "price": "7.44",
            "revenue": 54098
        },
        "2005-09": {
            "month": "2005-09",
            "price": "6.68",
            "revenue": 46535
        },
        "2005-10": {
            "month": "2005-10",
            "price": "5.96",
            "revenue": 37246
        },
        "2005-11": {
            "month": "2005-11",
            "price": "5.04",
            "revenue": 47950
        },
        "2005-12": {
            "month": "2005-12",
            "price": "5.44",
            "revenue": 48208
        },
        "2006-01": {
            "month": "2006-01",
            "price": "7.13",
            "revenue": 50293
        },
        "2006-02": {
            "month": "2006-02",
            "price": "6.60",
            "revenue": 40049
        },
        "2006-03": {
            "month": "2006-03",
            "price": "6.05",
            "revenue": 40540
        },
        "2006-04": {
            "month": "2006-04",
            "price": "6.34",
            "revenue": 42273
        },
        "2006-05": {
            "month": "2006-05",
            "price": "4.49",
            "revenue": 39790
        },
        "2006-06": {
            "month": "2006-06",
            "price": "3.42",
            "revenue": 22587
        },
        "2006-07": {
            "month": "2006-07",
            "price": "3.18",
            "revenue": 10975
        },
        "2006-08": {
            "month": "2006-08",
            "price": "2.64",
            "revenue": 21025
        },
        "2006-09": {
            "month": "2006-09",
            "price": "2.22",
            "revenue": 17864
        },
        "2006-10": {
            "month": "2006-10",
            "price": "2.24",
            "revenue": 17193
        },
        "2006-11": {
            "month": "2006-11",
            "price": "2.40",
            "revenue": 11294
        },
        "2006-12": {
            "month": "2006-12",
            "price": "3.81",
            "revenue": 10769
        },
        "2007-01": {
            "month": "2007-01",
            "price": "2.68",
            "revenue": 9456
        },
        "2007-02": {
            "month": "2007-02",
            "price": "2.33",
            "revenue": 5208
        },
        "2007-03": {
            "month": "2007-03",
            "price": "3.08",
            "revenue": 10319
        },
        "2007-04": {
            "month": "2007-04",
            "price": "3.08",
            "revenue": 11351
        },
        "2007-05": {
            "month": "2007-05",
            "price": "3.41",
            "revenue": 9344
        },
        "2007-06": {
            "month": "2007-06",
            "price": "3.71",
            "revenue": 10036
        },
        "2007-07": {
            "month": "2007-07",
            "price": "3.89",
            "revenue": 7241
        },
        "2007-08": {
            "month": "2007-08",
            "price": "4.24",
            "revenue": 5756
        },
        "2007-09": {
            "month": "2007-09",
            "price": "3.58",
            "revenue": 6987
        },
        "2007-10": {
            "month": "2007-10",
            "price": "3.20",
            "revenue": 5945
        },
        "2007-11": {
            "month": "2007-11",
            "price": "3.09",
            "revenue": 6947
        },
        "2007-12": {
            "month": "2007-12",
            "price": "3.22",
            "revenue": 6080
        },
        "2008-01": {
            "month": "2008-01",
            "price": "3.49",
            "revenue": 6327
        },
        "2008-02": {
            "month": "2008-02",
            "price": "2.62",
            "revenue": 4377
        },
        "2008-03": {
            "month": "2008-03",
            "price": "14.31",
            "revenue": 4444
        },
        "2008-04": {
            "month": "2008-04",
            "price": "9.50",
            "revenue": 3917
        },
        "2008-05": {
            "month": "2008-05",
            "price": "8.70",
            "revenue": 3069
        },
        "2008-06": {
            "month": "2008-06",
            "price": "9.66",
            "revenue": 3198
        },
        "2008-07": {
            "month": "2008-07",
            "price": "8.62",
            "revenue": 2836
        },
        "2008-08": {
            "month": "2008-08",
            "price": "7.53",
            "revenue": 2693
        },
        "2008-09": {
            "month": "2008-09",
            "price": "6.79",
            "revenue": 1662
        },
        "2008-10": {
            "month": "2008-10",
            "price": "6.39",
            "revenue": 2060
        },
        "2008-11": {
            "month": "2008-11",
            "price": "6.17",
            "revenue": 1379
        },
        "2008-12": {
            "month": "2008-12",
            "price": "6.88",
            "revenue": 2994
        },
        "2009-01": {
            "month": "2009-01",
            "price": "7.33",
            "revenue": 928
        },
        "2009-02": {
            "month": "2009-02",
            "price": "8.34",
            "revenue": 2143
        },
        "2009-03": {
            "month": "2009-03",
            "price": "9.01",
            "revenue": 3674
        },
        "2009-04": {
            "month": "2009-04",
            "price": "9.72",
            "revenue": 3193
        },
        "2009-05": {
            "month": "2009-05",
            "price": "8.35",
            "revenue": 1637
        },
        "2009-06": {
            "month": "2009-06",
            "price": "7.63",
            "revenue": 2671
        },
        "2009-07": {
            "month": "2009-07",
            "price": "9.58",
            "revenue": 3230
        },
        "2009-08": {
            "month": "2009-08",
            "price": "11.54",
            "revenue": 2262
        },
        "2009-09": {
            "month": "2009-09",
            "price": "10.03",
            "revenue": 2068
        },
        "2009-10": {
            "month": "2009-10",
            "price": "9.50",
            "revenue": 3367
        },
        "2009-11": {
            "month": "2009-11",
            "price": "9.61",
            "revenue": 3319
        },
        "2009-12": {
            "month": "2009-12",
            "price": "9.36",
            "revenue": 2663
        },
        "2010-01": {
            "month": "2010-01",
            "price": "11.32",
            "revenue": 4680
        },
        "2010-02": {
            "month": "2010-02",
            "price": "13.98",
            "revenue": 3267
        },
        "2010-03": {
            "month": "2010-03",
            "price": "14.71",
            "revenue": 4449
        },
        "2010-04": {
            "month": "2010-04",
            "price": "12.48",
            "revenue": 4867
        },
        "2010-05": {
            "month": "2010-05",
            "price": "11.97",
            "revenue": 3619
        },
        "2010-06": {
            "month": "2010-06",
            "price": "11.67",
            "revenue": 3528
        },
        "2010-07": {
            "month": "2010-07",
            "price": "13.28",
            "revenue": 3814
        },
        "2010-08": {
            "month": "2010-08",
            "price": "12.13",
            "revenue": 7286
        },
        "2010-09": {
            "month": "2010-09",
            "price": "12.11",
            "revenue": 2566
        },
        "2010-10": {
            "month": "2010-10",
            "price": "9.56",
            "revenue": 4162
        },
        "2010-11": {
            "month": "2010-11",
            "price": "7.37",
            "revenue": 4121
        },
        "2010-12": {
            "month": "2010-12",
            "price": "7.77",
            "revenue": 2286
        },
        "2011-01": {
            "month": "2011-01",
            "price": "7.81",
            "revenue": 4561
        },
        "2011-02": {
            "month": "2011-02",
            "price": "7.20",
            "revenue": 2216
        },
        "2011-03": {
            "month": "2011-03",
            "price": "9.85",
            "revenue": 3006
        },
        "2011-05": {
            "month": "2011-05",
            "price": "6.88",
            "revenue": 2726
        },
        "2011-06": {
            "month": "2011-06",
            "price": "7.08",
            "revenue": 3049
        },
        "2011-07": {
            "month": "2011-07",
            "price": "6.14",
            "revenue": 2066
        },
        "2011-08": {
            "month": "2011-08",
            "price": "6.55",
            "revenue": 2047
        },
        "2011-09": {
            "month": "2011-09",
            "price": "5.55",
            "revenue": 2142
        },
        "2011-10": {
            "month": "2011-10",
            "price": "6.86",
            "revenue": 1866
        },
        "2011-11": {
            "month": "2011-11",
            "price": "21.00",
            "revenue": 2454
        },
        "2011-12": {
            "month": "2011-12",
            "price": "19.80",
            "revenue": 1351
        },
        "2012-02": {
            "month": "2012-02",
            "price": "18.47",
            "revenue": 1352
        },
        "2012-03": {
            "month": "2012-03",
            "price": "19.00",
            "revenue": 1158
        },
        "2012-04": {
            "month": "2012-04",
            "price": "16.27",
            "revenue": 1515
        },
        "2012-05": {
            "month": "2012-05",
            "price": "21.63",
            "revenue": 393
        },
        "2012-06": {
            "month": "2012-06",
            "price": "21.35",
            "revenue": 318
        },
        "2012-07": {
            "month": "2012-07",
            "price": "19.50",
            "revenue": 227
        },
        "2012-08": {
            "month": "2012-08",
            "price": "22.37",
            "revenue": 202
        },
        "2012-11": {
            "month": "2012-11",
            "price": "15.59",
            "revenue": 821
        },
        "2013-04": {
            "month": "2013-04",
            "price": "14.40",
            "revenue": 2857
        },
        "2013-05": {
            "month": "2013-05",
            "price": "12.16",
            "revenue": 1556
        },
        "2013-06": {
            "month": "2013-06",
            "price": "14.28",
            "revenue": 344
        },
        "2013-07": {
            "month": "2013-07",
            "price": "28.72",
            "revenue": 417
        },
        "2013-12": {
            "month": "2013-12",
            "price": "54.22",
            "revenue": 12249
        },
        "2014-01": {
            "month": "2014-01",
            "price": "78.96",
            "revenue": 16229
        },
        "2014-02": {
            "month": "2014-02",
            "price": "68.55",
            "revenue": 12238
        },
        "2014-03": {
            "month": "2014-03",
            "price": "65.54",
            "revenue": 19830
        },
        "2014-04": {
            "month": "2014-04",
            "price": "61.00",
            "revenue": 12769
        },
        "2014-05": {
            "month": "2014-05",
            "price": "62.94",
            "revenue": 14734
        },
        "2014-06": {
            "month": "2014-06",
            "price": "70.59",
            "revenue": 14858
        },
        "2014-07": {
            "month": "2014-07",
            "price": "76.38",
            "revenue": 28155
        },
        "2014-08": {
            "month": "2014-08",
            "price": "80.66",
            "revenue": 27858
        },
        "2014-09": {
            "month": "2014-09",
            "price": "71.89",
            "revenue": 23435
        },
        "2014-10": {
            "month": "2014-10",
            "price": "56.74",
            "revenue": 24068
        },
        "2014-11": {
            "month": "2014-11",
            "price": "49.23",
            "revenue": 24214
        },
        "2014-12": {
            "month": "2014-12",
            "price": "46.30",
            "revenue": 30344
        },
        "2015-01": {
            "month": "2015-01",
            "price": "41.91",
            "revenue": 10922
        },
        "2015-02": {
            "month": "2015-02",
            "price": "40.94",
            "revenue": 7989
        },
        "2015-03": {
            "month": "2015-03",
            "price": "40.14",
            "revenue": 17544
        },
        "2015-04": {
            "month": "2015-04",
            "price": "38.27",
            "revenue": 13186
        },
        "2015-05": {
            "month": "2015-05",
            "price": "36.70",
            "revenue": 10165
        },
        "2015-06": {
            "month": "2015-06",
            "price": "33.26",
            "revenue": 10390
        },
        "2015-07": {
            "month": "2015-07",
            "price": "30.94",
            "revenue": 8612
        },
        "2015-08": {
            "month": "2015-08",
            "price": "29.58",
            "revenue": 8592
        },
        "2015-09": {
            "month": "2015-09",
            "price": "30.20",
            "revenue": 11626
        },
        "2015-10": {
            "month": "2015-10",
            "price": "33.24",
            "revenue": 11642
        },
        "2015-11": {
            "month": "2015-11",
            "price": "32.67",
            "revenue": 16465
        },
        "2015-12": {
            "month": "2015-12",
            "price": "31.96",
            "revenue": 15123
        },
        "2016-01": {
            "month": "2016-01",
            "price": "30.72",
            "revenue": 15729
        },
        "2016-02": {
            "month": "2016-02",
            "price": "32.51",
            "revenue": 11767
        },
        "2016-03": {
            "month": "2016-03",
            "price": "32.25",
            "revenue": 13912
        },
        "2016-04": {
            "month": "2016-04",
            "price": "29.55",
            "revenue": 13903
        },
        "2016-05": {
            "month": "2016-05",
            "price": "29.40",
            "revenue": 12917
        },
        "2016-06": {
            "month": "2016-06",
            "price": "29.57",
            "revenue": 14007
        },
        "2016-07": {
            "month": "2016-07",
            "price": "28.99",
            "revenue": 9140
        },
        "2016-08": {
            "month": "2016-08",
            "price": "28.81",
            "revenue": 7902
        },
        "2016-09": {
            "month": "2016-09",
            "price": "26.61",
            "revenue": 8848
        },
        "2016-10": {
            "month": "2016-10",
            "price": "20.98",
            "revenue": 7525
        },
        "2016-11": {
            "month": "2016-11",
            "price": "22.65",
            "revenue": 7963
        },
        "2016-12": {
            "month": "2016-12",
            "price": "22.95",
            "revenue": 8054
        },
        "2017-01": {
            "month": "2017-01",
            "price": "20.86",
            "revenue": 4424
        },
        "2017-02": {
            "month": "2017-02",
            "price": "22.42",
            "revenue": 8380
        },
        "2017-03": {
            "month": "2017-03",
            "price": "33.63",
            "revenue": 12233
        },
        "2017-04": {
            "month": "2017-04",
            "price": "37.65",
            "revenue": 23105
        },
        "2017-05": {
            "month": "2017-05",
            "price": "33.76",
            "revenue": 19231
        },
        "2017-06": {
            "month": "2017-06",
            "price": "31.70",
            "revenue": 21684
        },
        "2017-07": {
            "month": "2017-07",
            "price": "28.00",
            "revenue": 12985
        },
        "2017-08": {
            "month": "2017-08",
            "price": "22.79",
            "revenue": 14977
        },
        "2017-09": {
            "month": "2017-09",
            "price": "21.27",
            "revenue": 12401
        },
        "2017-10": {
            "month": "2017-10",
            "price": "24.14",
            "revenue": 9932
        },
        "2017-11": {
            "month": "2017-11",
            "price": "23.38",
            "revenue": 13028
        },
        "2017-12": {
            "month": "2017-12",
            "price": "19.10",
            "revenue": 18813
        },
        "2018-01": {
            "month": "2018-01",
            "price": "16.66",
            "revenue": 9362
        },
        "2018-02": {
            "month": "2018-02",
            "price": "15.28",
            "revenue": 6420
        },
        "2018-03": {
            "month": "2018-03",
            "price": "13.79",
            "revenue": 10974
        },
        "2018-04": {
            "month": "2018-04",
            "price": "24.20",
            "revenue": 7460
        },
        "2018-05": {
            "month": "2018-05",
            "price": "25.04",
            "revenue": 27922
        },
        "2018-06": {
            "month": "2018-06",
            "price": "23.70",
            "revenue": 12417
        },
        "2018-07": {
            "month": "2018-07",
            "price": "22.40",
            "revenue": 7736
        },
        "2018-08": {
            "month": "2018-08",
            "price": "21.62",
            "revenue": 7453
        },
        "2018-09": {
            "month": "2018-09",
            "price": "25.06",
            "revenue": 6084
        },
        "2018-10": {
            "month": "2018-10",
            "price": "24.67",
            "revenue": 7399
        },
        "2018-11": {
            "month": "2018-11",
            "price": "25.25",
            "revenue": 6956
        },
        "2018-12": {
            "month": "2018-12",
            "price": "20.06",
            "revenue": 8236
        },
        "2019-01": {
            "month": "2019-01",
            "price": "22.42",
            "revenue": 8132
        },
        "2019-02": {
            "month": "2019-02",
            "price": "19.01",
            "revenue": 5301
        },
        "2019-03": {
            "month": "2019-03",
            "price": "19.04",
            "revenue": 7079
        },
        "2019-04": {
            "month": "2019-04",
            "price": "15.27",
            "revenue": 8800
        },
        "2019-05": {
            "month": "2019-05",
            "price": "13.13",
            "revenue": 7211
        },
        "2019-06": {
            "month": "2019-06",
            "price": "9.89",
            "revenue": 9074
        },
        "2019-07": {
            "month": "2019-07",
            "price": "8.68",
            "revenue": 10293
        },
        "2019-08": {
            "month": "2019-08",
            "price": "10.60",
            "revenue": 11042
        },
        "2019-09": {
            "month": "2019-09",
            "price": "9.90",
            "revenue": 7352
        },
        "2019-10": {
            "month": "2019-10",
            "price": "9.18",
            "revenue": 8194
        },
        "2019-11": {
            "month": "2019-11",
            "price": "8.47",
            "revenue": 7501
        },
        "2019-12": {
            "month": "2019-12",
            "price": "8.37",
            "revenue": 4264
        },
        "2020-01": {
            "month": "2020-01",
            "price": "10.06",
            "revenue": 3841
        },
        "2020-02": {
            "month": "2020-02",
            "price": "8.82",
            "revenue": 3974
        },
        "2020-03": {
            "month": "2020-03",
            "price": "8.60",
            "revenue": 3006
        },
        "2020-04": {
            "month": "2020-04",
            "price": "7.76",
            "revenue": 2327
        },
        "2020-05": {
            "month": "2020-05",
            "price": "7.74",
            "revenue": 3627
        },
        "2020-06": {
            "month": "2020-06",
            "price": "7.53",
            "revenue": 4704
        },
        "2020-07": {
            "month": "2020-07",
            "price": "10.29",
            "revenue": 2543
        },
        "2020-08": {
            "month": "2020-08",
            "price": "10.21",
            "revenue": 3099
        },
        "2020-09": {
            "month": "2020-09",
            "price": "10.23",
            "revenue": 2686
        },
        "2020-10": {
            "month": "2020-10",
            "price": "10.28",
            "revenue": 7546
        },
        "2020-11": {
            "month": "2020-11",
            "price": "10.08",
            "revenue": 4634
        },
        "2020-12": {
            "month": "2020-12",
            "price": "9.75",
            "revenue": 1755
        },
        "2021-01": {
            "month": "2021-01",
            "price": "9.46",
            "revenue": 4978
        },
        "2021-02": {
            "month": "2021-02",
            "price": "8.18",
            "revenue": 1472
        },
        "2021-03": {
            "month": "2021-03",
            "price": "8.66",
            "revenue": 3110
        },
        "2021-04": {
            "month": "2021-04",
            "price": "8.71",
            "revenue": 2385
        },
        "2021-05": {
            "month": "2021-05",
            "price": "9.16",
            "revenue": 2812
        },
        "2021-06": {
            "month": "2021-06",
            "price": "8.62",
            "revenue": 680
        },
        "2021-07": {
            "month": "2021-07",
            "price": "8.78",
            "revenue": 2676
        },
        "2021-08": {
            "month": "2021-08",
            "price": "10.56",
            "revenue": 3403
        },
        "2021-09": {
            "month": "2021-09",
            "price": "15.16",
            "revenue": 1165
        },
        "2021-10": {
            "month": "2021-10",
            "price": "17.85",
            "revenue": 2907
        },
        "2021-11": {
            "month": "2021-11",
            "price": "19.20",
            "revenue": 2460
        },
        "2021-12": {
            "month": "2021-12",
            "price": "14.66",
            "revenue": 3341
        },
        "2022-01": {
            "month": "2022-01",
            "price": "13.48",
            "revenue": 3522
        },
        "2022-02": {
            "month": "2022-02",
            "price": "12.28",
            "revenue": 2016
        },
        "2022-03": {
            "month": "2022-03",
            "price": "12.38",
            "revenue": 2245
        },
        "2022-04": {
            "month": "2022-04",
            "price": "15.46",
            "revenue": 5201
        },
        "2022-05": {
            "month": "2022-05",
            "price": "19.09",
            "revenue": 1583
        },
        "2022-06": {
            "month": "2022-06",
            "price": "20.41",
            "revenue": 2263
        },
        "2022-07": {
            "month": "2022-07",
            "price": "17.96",
            "revenue": 2349
        },
        "2022-08": {
            "month": "2022-08",
            "price": "19.58",
            "revenue": 1666
        },
        "2022-09": {
            "month": "2022-09",
            "price": "20.08",
            "revenue": 3340
        },
        "2022-10": {
            "month": "2022-10",
            "price": "17.38",
            "revenue": 2998
        },
        "2022-11": {
            "month": "2022-11",
            "price": "17.76",
            "revenue": 2126
        },
        "2022-12": {
            "month": "2022-12",
            "price": "16.87",
            "revenue": 2748
        },
        "2023-01": {
            "month": "2023-01",
            "price": "17.80",
            "revenue": 2830
        },
        "2023-02": {
            "month": "2023-02",
            "price": "21.50",
            "revenue": 3636
        },
        "2023-03": {
            "month": "2023-03",
            "price": "23.69",
            "revenue": 2142
        },
        "2023-04": {
            "month": "2023-04",
            "price": "21.11",
            "revenue": 4317
        },
        "2023-05": {
            "month": "2023-05",
            "price": "21.34",
            "revenue": 5496
        }
    }
}
