{
    "summary": {
        "stock_name": "驊訊",
        "stock_id": "6237",
        "category": "半導體",
        "main_business": "積體電路設計與製造",
        "website_url": "http://www.cmedia.com.tw",
        "ceo": "錢一匡/楊昆城",
        "pe_ratio": -74,
        "report_year_from": 2001,
        "report_year_to": 2023,
        "age": 23,
        "eps_negative_percentage": 26,
        "eps_growth_avg": {
            "last_all": -9.87,
            "last_2y": 0,
            "last_4y": 0,
            "last_8y": -1.97,
            "last_12y": -1.48,
            "last_16y": -18.75,
            "last_20y": -10.21,
            "at_2006_last_3y": 15.4,
            "at_2007_last_3y": 25.32,
            "at_2008_last_3y": 5.05,
            "at_2009_last_3y": -41.38,
            "at_2010_last_3y": -53.3,
            "at_2011_last_3y": -73.39,
            "at_2012_last_3y": -73.5,
            "at_2013_last_3y": -67.39,
            "at_2014_last_3y": 0,
            "at_2015_last_3y": 59.13,
            "at_2016_last_3y": 29.4,
            "at_2017_last_3y": 47.05,
            "at_2018_last_3y": -2.95,
            "at_2019_last_3y": -10.03,
            "at_2020_last_3y": 0,
            "at_2021_last_3y": 0,
            "at_2022_last_3y": 0,
            "at_2023_last_3y": 0,
            "at_2024_last_3y": 0,
            "at_2006_last_all": 11.43,
            "at_2007_last_all": 6.26,
            "at_2008_last_all": -5.08,
            "at_2009_last_all": -15.16,
            "at_2010_last_all": -17.34,
            "at_2011_last_all": -25.6,
            "at_2012_last_all": -25.6,
            "at_2013_last_all": -25.6,
            "at_2014_last_all": -14.19,
            "at_2015_last_all": -11.48,
            "at_2016_last_all": -12.91,
            "at_2017_last_all": -4.85,
            "at_2018_last_all": -11.19,
            "at_2019_last_all": -11.19,
            "at_2020_last_all": -11.19,
            "at_2021_last_all": -4.24,
            "at_2022_last_all": -9.87,
            "at_2023_last_all": -9.87,
            "at_2024_last_all": -9.87
        },
        "latest_eps": -0.84,
        "latest_price": 62.2,
        "latest_roe": -3.89,
        "latest_gross_margin": 57,
        "latest_equity": 1633525,
        "latest_revenue": 90921,
        "latest_gross_profit": 51822,
        "latest_net_income": 13614,
        "latest_debt_ratio": 5.95,
        "latest_current_ratio": 832.68,
        "latest_account_receivable_turnover_ratio": 2.06,
        "latest_inventory_turnover_ratio": 0.53,
        "latest_reinvestment_rate": -3.99,
        "latest_research_to_sale_ratio": 48.08
    },
    "eps_dividends": {
        "2001": {
            "cash": 0,
            "stock": 0,
            "eps": 7.4
        },
        "2002": {
            "cash": 4,
            "stock": 4,
            "eps": 7.07
        },
        "2003": {
            "cash": 2.4,
            "stock": 1.6,
            "eps": 2.88
        },
        "2004": {
            "cash": 1.5,
            "stock": 1,
            "eps": 3.11
        },
        "2005": {
            "cash": 3,
            "stock": 0,
            "eps": 6.59
        },
        "2006": {
            "cash": 4.5,
            "stock": 0.5,
            "eps": 7.44
        },
        "2007": {
            "cash": 4.98,
            "stock": 0.5,
            "eps": 5.98
        },
        "2008": {
            "cash": 4.5,
            "stock": 0.5,
            "eps": 1.61
        },
        "2009": {
            "cash": 0,
            "stock": 0.25,
            "eps": 0.23
        },
        "2010": {
            "cash": 0,
            "stock": 0,
            "eps": 0.15
        },
        "2011": {
            "cash": 0,
            "stock": 0,
            "eps": -2.84
        },
        "2012": {
            "cash": 0.25,
            "stock": 0,
            "eps": -1.24
        },
        "2013": {
            "cash": 1,
            "stock": 0,
            "eps": 0.04
        },
        "2014": {
            "cash": 1,
            "stock": 0,
            "eps": 1.04
        },
        "2015": {
            "cash": 0.7,
            "stock": 0,
            "eps": 1.23
        },
        "2016": {
            "cash": 0.25,
            "stock": 0,
            "eps": 0.86
        },
        "2017": {
            "cash": 0.25,
            "stock": 0,
            "eps": 2.33
        },
        "2018": {
            "cash": 0.5,
            "stock": 0,
            "eps": -0.33
        },
        "2019": {
            "cash": 0.25,
            "stock": 0,
            "eps": -0.62
        },
        "2020": {
            "cash": 0.25,
            "stock": 0,
            "eps": 2.43
        },
        "2021": {
            "cash": 1,
            "stock": 0,
            "eps": 5.73
        },
        "2022": {
            "cash": 1,
            "stock": 0,
            "eps": -1.64
        },
        "2023": {
            "cash": 0.25,
            "stock": 0,
            "eps": -0.42
        }
    },
    "dividends": {
        "2002-05-30": {
            "cash": 4,
            "stock": 4
        },
        "2003-06-27": {
            "cash": 2.4,
            "stock": 1.6
        },
        "2004-04-09": {
            "cash": 1.5,
            "stock": 1
        },
        "2005-03-28": {
            "cash": 3,
            "stock": 0
        },
        "2006-04-25": {
            "cash": 4.5,
            "stock": 0.5
        },
        "2007-04-26": {
            "cash": 4.98,
            "stock": 0.5
        },
        "2008-03-21": {
            "cash": 4.5,
            "stock": 0.5
        },
        "2009-03-27": {
            "cash": 0,
            "stock": 0.25
        },
        "2012-06-18": {
            "cash": 0.25,
            "stock": 0
        },
        "2013-06-11": {
            "cash": 1,
            "stock": 0
        },
        "2014-09-18": {
            "cash": 1,
            "stock": 0
        },
        "2015-09-25": {
            "cash": 0.7,
            "stock": 0
        },
        "2016-09-26": {
            "cash": 0.25,
            "stock": 0
        },
        "2017-09-26": {
            "cash": 0.25,
            "stock": 0
        },
        "2018-08-03": {
            "cash": 0.5,
            "stock": 0
        },
        "2019-09-20": {
            "cash": 0.25,
            "stock": 0
        },
        "2020-09-16": {
            "cash": 0.25,
            "stock": 0
        },
        "2021-09-14": {
            "cash": 1,
            "stock": 0
        },
        "2022-07-27": {
            "cash": 1,
            "stock": 0
        },
        "2023-07-28": {
            "cash": 0.25,
            "stock": 0
        }
    },
    "prices": {
        "200101": "無",
        "200102": "無",
        "200103": "無",
        "200104": "無",
        "200105": "無",
        "200106": "無",
        "200107": "無",
        "200108": "無",
        "200109": "無",
        "200110": "無",
        "200111": "無",
        "200112": "無",
        "200201": "無",
        "200202": "無",
        "200203": "無",
        "200204": "無",
        "200205": "無",
        "200206": "無",
        "200207": "無",
        "200208": "無",
        "200209": "無",
        "200210": "無",
        "200211": "無",
        "200212": "無",
        "200301": "無",
        "200302": "無",
        "200303": "無",
        "200304": "107.56",
        "200305": "103.47",
        "200306": "91.92",
        "200307": "88.11",
        "200308": "87.98",
        "200309": "82.25",
        "200310": "56.05",
        "200311": "46.68",
        "200312": "44.76",
        "200401": "49.91",
        "200402": "53.16",
        "200403": "60.00",
        "200404": "53.74",
        "200405": "44.04",
        "200406": "46.33",
        "200407": "44.52",
        "200408": "43.38",
        "200409": "41.71",
        "200410": "31.31",
        "200411": "29.25",
        "200412": "33.32",
        "200501": "42.69",
        "200502": "46.54",
        "200503": "43.76",
        "200504": "42.71",
        "200505": "59.72",
        "200506": "68.65",
        "200507": "63.73",
        "200508": "58.09",
        "200509": "70.42",
        "200510": "71.62",
        "200511": "83.70",
        "200512": "93.47",
        "200601": "144.44",
        "200602": "158.71",
        "200603": "178.65",
        "200604": "169.58",
        "200605": "147.26",
        "200606": "129.15",
        "200607": "127.40",
        "200608": "142.72",
        "200609": "177.69",
        "200610": "169.92",
        "200611": "193.50",
        "200612": "202.86",
        "200701": "214.66",
        "200702": "179.46",
        "200703": "196.17",
        "200704": "221.90",
        "200705": "216.39",
        "200706": "256.40",
        "200707": "267.36",
        "200708": "192.72",
        "200709": "197.83",
        "200710": "168.00",
        "200711": "128.93",
        "200712": "114.60",
        "200801": "104.51",
        "200802": "89.69",
        "200803": "94.04",
        "200804": "99.45",
        "200805": "109.42",
        "200806": "87.42",
        "200807": "73.40",
        "200808": "74.38",
        "200809": "52.48",
        "200810": "49.47",
        "200811": "37.52",
        "200812": "35.20",
        "200901": "41.49",
        "200902": "40.52",
        "200903": "45.63",
        "200904": "55.84",
        "200905": "70.76",
        "200906": "70.58",
        "200907": "70.83",
        "200908": "64.49",
        "200909": "60.37",
        "200910": "59.15",
        "200911": "59.48",
        "200912": "70.95",
        "201001": "71.26",
        "201002": "59.86",
        "201003": "65.57",
        "201004": "68.62",
        "201005": "54.94",
        "201006": "53.10",
        "201007": "55.77",
        "201008": "54.49",
        "201009": "52.92",
        "201010": "49.42",
        "201011": "43.82",
        "201012": "46.96",
        "201101": "42.95",
        "201102": "39.59",
        "201103": "34.52",
        "201104": "32.03",
        "201105": "37.15",
        "201106": "38.33",
        "201107": "32.89",
        "201108": "27.14",
        "201109": "24.19",
        "201110": "24.23",
        "201111": "23.86",
        "201112": "17.57",
        "201201": "18.09",
        "201202": "23.60",
        "201203": "23.57",
        "201204": "19.38",
        "201205": "18.88",
        "201206": "18.27",
        "201207": "18.89",
        "201208": "18.83",
        "201209": "20.53",
        "201210": "18.67",
        "201211": "18.02",
        "201212": "17.76",
        "201301": "17.44",
        "201302": "17.79",
        "201303": "18.85",
        "201304": "18.38",
        "201305": "20.79",
        "201306": "19.46",
        "201307": "19.73",
        "201308": "21.89",
        "201309": "20.41",
        "201310": "20.55",
        "201311": "19.27",
        "201312": "21.86",
        "201401": "23.27",
        "201402": "21.47",
        "201403": "22.32",
        "201404": "22.12",
        "201405": "21.90",
        "201406": "22.80",
        "201407": "22.49",
        "201408": "21.31",
        "201409": "20.30",
        "201410": "20.70",
        "201411": "20.13",
        "201412": "20.38",
        "201501": "20.43",
        "201502": "20.37",
        "201503": "20.29",
        "201504": "20.36",
        "201505": "19.23",
        "201506": "23.17",
        "201507": "24.51",
        "201508": "20.71",
        "201509": "22.18",
        "201510": "24.16",
        "201511": "30.93",
        "201512": "35.52",
        "201601": "32.81",
        "201602": "34.36",
        "201603": "36.44",
        "201604": "34.28",
        "201605": "28.73",
        "201606": "27.93",
        "201607": "30.21",
        "201608": "30.43",
        "201609": "29.55",
        "201610": "28.37",
        "201611": "25.53",
        "201612": "26.28",
        "201701": "27.15",
        "201702": "26.89",
        "201703": "26.40",
        "201704": "23.21",
        "201705": "20.28",
        "201706": "22.58",
        "201707": "23.00",
        "201708": "23.48",
        "201709": "23.51",
        "201710": "23.56",
        "201711": "27.20",
        "201712": "24.43",
        "201801": "26.35",
        "201802": "29.67",
        "201803": "35.08",
        "201804": "29.69",
        "201805": "30.02",
        "201806": "31.36",
        "201807": "27.45",
        "201808": "25.45",
        "201809": "22.83",
        "201810": "17.96",
        "201811": "17.20",
        "201812": "18.24",
        "201901": "17.86",
        "201902": "18.84",
        "201903": "18.29",
        "201904": "17.94",
        "201905": "16.68",
        "201906": "16.62",
        "201907": "17.42",
        "201908": "17.06",
        "201909": "17.20",
        "201910": "17.63",
        "201911": "17.12",
        "201912": "16.75",
        "202001": "17.01",
        "202002": "16.03",
        "202003": "12.04",
        "202004": "12.48",
        "202005": "18.58",
        "202006": "29.78",
        "202007": "29.91",
        "202008": "35.18",
        "202009": "45.05",
        "202010": "41.97",
        "202011": "43.06",
        "202012": "56.18",
        "202101": "86.66",
        "202102": "88.07",
        "202103": "97.70",
        "202104": "149.95",
        "202105": "110.01",
        "202106": "128.62",
        "202107": "147.23",
        "202108": "122.25",
        "202109": "101.78",
        "202110": "83.16",
        "202111": "111.39",
        "202112": "101.04",
        "202201": "86.79",
        "202202": "80.78",
        "202203": "74.19",
        "202204": "64.46",
        "202205": "54.98",
        "202206": "52.60",
        "202207": "46.98",
        "202208": "54.97",
        "202209": "47.08",
        "202210": "41.64",
        "202211": "43.36",
        "202212": "47.04",
        "202301": "46.20",
        "202302": "49.37",
        "202303": "47.56",
        "202304": "47.88",
        "202305": "42.63",
        "202306": "42.60",
        "202307": "40.25",
        "202308": "36.49",
        "202309": "37.88",
        "202310": "44.95",
        "202311": "52.88",
        "202312": "59.57"
    },
    "quarters": {
        "20011": {
            "year_quarter": 20011,
            "year": 2001,
            "quarter": 1,
            "eps": null,
            "eps_growth_year": null,
            "eps_4q": null,
            "eps_4q_growth_year": null,
            "roe": null,
            "roe_4q": 0,
            "gross_profit": null,
            "gross_margin": null,
            "gross_margin_4q_avg": 0,
            "net_income": null,
            "net_income_4q": null,
            "revenue": null,
            "revenue_4q": null,
            "common_shares": null,
            "book_valuer_per_share": null,
            "book_valuer_per_share_4q_avg": 0,
            "equity": null,
            "current_ratio": null,
            "debt_ratio": null,
            "inventory_turnover_ratio": null,
            "account_receivable_turnover_ratio": null,
            "reinvestment_rate": null,
            "research_to_sale_ratio": null,
            "price_fair": 0,
            "eps_avg_yearly": 0,
            "eps_latest_yearly": 0,
            "eps_growth_yearly": 0
        },
        "20012": {
            "year_quarter": 20012,
            "year": 2001,
            "quarter": 2,
            "eps": null,
            "eps_growth_year": null,
            "eps_4q": null,
            "eps_4q_growth_year": null,
            "roe": null,
            "roe_4q": 0,
            "gross_profit": null,
            "gross_margin": null,
            "gross_margin_4q_avg": 0,
            "net_income": null,
            "net_income_4q": null,
            "revenue": null,
            "revenue_4q": null,
            "common_shares": null,
            "book_valuer_per_share": null,
            "book_valuer_per_share_4q_avg": 0,
            "equity": null,
            "current_ratio": null,
            "debt_ratio": null,
            "inventory_turnover_ratio": null,
            "account_receivable_turnover_ratio": null,
            "reinvestment_rate": null,
            "research_to_sale_ratio": null,
            "price_fair": 0,
            "eps_avg_yearly": 0,
            "eps_latest_yearly": 0,
            "eps_growth_yearly": 0
        },
        "20013": {
            "year_quarter": 20013,
            "year": 2001,
            "quarter": 3,
            "eps": 4.7,
            "eps_growth_year": null,
            "eps_4q": null,
            "eps_4q_growth_year": null,
            "roe": 22.35,
            "roe_4q": 22.35,
            "gross_profit": 160286,
            "gross_margin": 56.41,
            "gross_margin_4q_avg": 18.8,
            "net_income": 107744,
            "net_income_4q": null,
            "revenue": 284122,
            "revenue_4q": null,
            "common_shares": 122240,
            "book_valuer_per_share": 39.44,
            "book_valuer_per_share_4q_avg": 13.15,
            "equity": 482127,
            "current_ratio": 219.03,
            "debt_ratio": 37.2,
            "inventory_turnover_ratio": 2.64,
            "account_receivable_turnover_ratio": null,
            "reinvestment_rate": null,
            "research_to_sale_ratio": null,
            "price_fair": 0,
            "eps_avg_yearly": 0,
            "eps_latest_yearly": 0,
            "eps_growth_yearly": 0
        },
        "20014": {
            "year_quarter": 20014,
            "year": 2001,
            "quarter": 4,
            "eps": 2.7,
            "eps_growth_year": null,
            "eps_4q": null,
            "eps_4q_growth_year": null,
            "roe": 12.06,
            "roe_4q": 34.410000000000004,
            "gross_profit": 105964,
            "gross_margin": 50.07,
            "gross_margin_4q_avg": 26.62,
            "net_income": 61876,
            "net_income_4q": null,
            "revenue": 211648,
            "revenue_4q": null,
            "common_shares": 229043,
            "book_valuer_per_share": 23.75,
            "book_valuer_per_share_4q_avg": 15.8,
            "equity": 544004,
            "current_ratio": 339.55,
            "debt_ratio": 26.5,
            "inventory_turnover_ratio": 1.77,
            "account_receivable_turnover_ratio": null,
            "reinvestment_rate": null,
            "research_to_sale_ratio": null,
            "price_fair": 0,
            "eps_avg_yearly": 0,
            "eps_latest_yearly": 0,
            "eps_growth_yearly": 0
        },
        "20021": {
            "year_quarter": 20021,
            "year": 2002,
            "quarter": 1,
            "eps": 2.72,
            "eps_growth_year": null,
            "eps_4q": null,
            "eps_4q_growth_year": null,
            "roe": 16.42,
            "roe_4q": 50.830000000000005,
            "gross_profit": 145446,
            "gross_margin": 57.14,
            "gross_margin_4q_avg": 40.91,
            "net_income": 97331,
            "net_income_4q": null,
            "revenue": 254558,
            "revenue_4q": null,
            "common_shares": 229043,
            "book_valuer_per_share": 28,
            "book_valuer_per_share_4q_avg": 22.8,
            "equity": 641335,
            "current_ratio": 246.84,
            "debt_ratio": 32.54,
            "inventory_turnover_ratio": 1.51,
            "account_receivable_turnover_ratio": null,
            "reinvestment_rate": null,
            "research_to_sale_ratio": null,
            "price_fair": 141.04,
            "eps_avg_yearly": 10.88,
            "eps_latest_yearly": 10.88,
            "eps_growth_yearly": 2.96
        },
        "20022": {
            "year_quarter": 20022,
            "year": 2002,
            "quarter": 2,
            "eps": 0.96,
            "eps_growth_year": null,
            "eps_4q": 12.66,
            "eps_4q_growth_year": null,
            "roe": 3.62,
            "roe_4q": 54.45,
            "gross_profit": 99931,
            "gross_margin": 51.42,
            "gross_margin_4q_avg": 53.76,
            "net_income": 21902,
            "net_income_4q": null,
            "revenue": 194333,
            "revenue_4q": null,
            "common_shares": 229043,
            "book_valuer_per_share": 24.85,
            "book_valuer_per_share_4q_avg": 29.01,
            "equity": 569111,
            "current_ratio": 196.59,
            "debt_ratio": 39.88,
            "inventory_turnover_ratio": 1.3,
            "account_receivable_turnover_ratio": null,
            "reinvestment_rate": null,
            "research_to_sale_ratio": null,
            "price_fair": 22.08,
            "eps_avg_yearly": 7.36,
            "eps_latest_yearly": 3.84,
            "eps_growth_yearly": -127.93
        },
        "20023": {
            "year_quarter": 20023,
            "year": 2002,
            "quarter": 3,
            "eps": 1.21,
            "eps_growth_year": -74.26,
            "eps_4q": 5.44,
            "eps_4q_growth_year": null,
            "roe": 8.71,
            "roe_4q": 40.81,
            "gross_profit": 112101,
            "gross_margin": 46.14,
            "gross_margin_4q_avg": 51.19,
            "net_income": 51802,
            "net_income_4q": null,
            "revenue": 242946,
            "revenue_4q": null,
            "common_shares": 229043,
            "book_valuer_per_share": 27.11,
            "book_valuer_per_share_4q_avg": 25.93,
            "equity": 620913,
            "current_ratio": 217.11,
            "debt_ratio": 36.24,
            "inventory_turnover_ratio": 1.72,
            "account_receivable_turnover_ratio": null,
            "reinvestment_rate": null,
            "research_to_sale_ratio": null,
            "price_fair": 19.56,
            "eps_avg_yearly": 6.52,
            "eps_latest_yearly": 4.84,
            "eps_growth_yearly": -50.56
        },
        "20024": {
            "year_quarter": 20024,
            "year": 2002,
            "quarter": 4,
            "eps": 2.18,
            "eps_growth_year": -19.26,
            "eps_4q": 6.93,
            "eps_4q_growth_year": null,
            "roe": 11.46,
            "roe_4q": 40.21000000000001,
            "gross_profit": 127231,
            "gross_margin": 50.49,
            "gross_margin_4q_avg": 51.3,
            "net_income": 78532,
            "net_income_4q": null,
            "revenue": 251985,
            "revenue_4q": null,
            "common_shares": 363287,
            "book_valuer_per_share": 20.63,
            "book_valuer_per_share_4q_avg": 25.15,
            "equity": 749346,
            "current_ratio": 387.66,
            "debt_ratio": 22.11,
            "inventory_turnover_ratio": 2.13,
            "account_receivable_turnover_ratio": null,
            "reinvestment_rate": null,
            "research_to_sale_ratio": null,
            "price_fair": 247.45,
            "eps_avg_yearly": 7.07,
            "eps_latest_yearly": 8.72,
            "eps_growth_yearly": 42.24
        },
        "20031": {
            "year_quarter": 20031,
            "year": 2003,
            "quarter": 1,
            "eps": 1.45,
            "eps_growth_year": -46.69,
            "eps_4q": 5.64,
            "eps_4q_growth_year": null,
            "roe": 6.79,
            "roe_4q": 30.580000000000002,
            "gross_profit": 99647,
            "gross_margin": 50.26,
            "gross_margin_4q_avg": 49.58,
            "net_income": 52648,
            "net_income_4q": null,
            "revenue": 198266,
            "revenue_4q": null,
            "common_shares": 363287,
            "book_valuer_per_share": 22.08,
            "book_valuer_per_share_4q_avg": 23.67,
            "equity": 801994,
            "current_ratio": 394.31,
            "debt_ratio": 21.89,
            "inventory_turnover_ratio": 2.13,
            "account_receivable_turnover_ratio": null,
            "reinvestment_rate": null,
            "research_to_sale_ratio": null,
            "price_fair": 115.9,
            "eps_avg_yearly": 6.82,
            "eps_latest_yearly": 5.8,
            "eps_growth_yearly": 7
        },
        "20032": {
            "year_quarter": 20032,
            "year": 2003,
            "quarter": 2,
            "eps": 0.46,
            "eps_growth_year": -52.08,
            "eps_4q": 5.53,
            "eps_4q_growth_year": -56.3,
            "roe": 2.18,
            "roe_4q": 29.14,
            "gross_profit": 65386,
            "gross_margin": 47.66,
            "gross_margin_4q_avg": 48.64,
            "net_income": 16594,
            "net_income_4q": null,
            "revenue": 137207,
            "revenue_4q": null,
            "common_shares": 363287,
            "book_valuer_per_share": 19.76,
            "book_valuer_per_share_4q_avg": 22.4,
            "equity": 717922,
            "current_ratio": 229.47,
            "debt_ratio": 31.72,
            "inventory_turnover_ratio": 1.17,
            "account_receivable_turnover_ratio": null,
            "reinvestment_rate": null,
            "research_to_sale_ratio": null,
            "price_fair": 17.96,
            "eps_avg_yearly": 5.99,
            "eps_latest_yearly": 1.84,
            "eps_growth_yearly": -39.68
        },
        "20033": {
            "year_quarter": 20033,
            "year": 2003,
            "quarter": 3,
            "eps": 0.18,
            "eps_growth_year": -85.12,
            "eps_4q": 3.62,
            "eps_4q_growth_year": -33.44,
            "roe": 1.07,
            "roe_4q": 21.5,
            "gross_profit": 57535,
            "gross_margin": 43.38,
            "gross_margin_4q_avg": 47.95,
            "net_income": 7730,
            "net_income_4q": null,
            "revenue": 132626,
            "revenue_4q": null,
            "common_shares": 363287,
            "book_valuer_per_share": 19.97,
            "book_valuer_per_share_4q_avg": 20.61,
            "equity": 725652,
            "current_ratio": 264.31,
            "debt_ratio": 28.25,
            "inventory_turnover_ratio": 1.35,
            "account_receivable_turnover_ratio": null,
            "reinvestment_rate": null,
            "research_to_sale_ratio": null,
            "price_fair": 15.7,
            "eps_avg_yearly": 5.23,
            "eps_latest_yearly": 0.72,
            "eps_growth_yearly": -68.79
        },
        "20034": {
            "year_quarter": 20034,
            "year": 2003,
            "quarter": 4,
            "eps": 0.79,
            "eps_growth_year": -63.76,
            "eps_4q": 2.57,
            "eps_4q_growth_year": -62.95,
            "roe": 4.61,
            "roe_4q": 14.650000000000002,
            "gross_profit": 65103,
            "gross_margin": 45.1,
            "gross_margin_4q_avg": 46.6,
            "net_income": 34225,
            "net_income_4q": null,
            "revenue": 144362,
            "revenue_4q": null,
            "common_shares": 432643,
            "book_valuer_per_share": 17.56,
            "book_valuer_per_share_4q_avg": 19.84,
            "equity": 759877,
            "current_ratio": 571.96,
            "debt_ratio": 17.4,
            "inventory_turnover_ratio": 1.71,
            "account_receivable_turnover_ratio": null,
            "reinvestment_rate": null,
            "research_to_sale_ratio": null,
            "price_fair": 174.13,
            "eps_avg_yearly": 4.98,
            "eps_latest_yearly": 3.16,
            "eps_growth_yearly": 109.25
        },
        "20041": {
            "year_quarter": 20041,
            "year": 2004,
            "quarter": 1,
            "eps": 0.52,
            "eps_growth_year": -64.14,
            "eps_4q": 1.87,
            "eps_4q_growth_year": -66.9,
            "roe": 2.93,
            "roe_4q": 10.790000000000001,
            "gross_profit": 67658,
            "gross_margin": 44.65,
            "gross_margin_4q_avg": 45.2,
            "net_income": 22585,
            "net_income_4q": null,
            "revenue": 151543,
            "revenue_4q": null,
            "common_shares": 432643,
            "book_valuer_per_share": 18.09,
            "book_valuer_per_share_4q_avg": 18.85,
            "equity": 782462,
            "current_ratio": 669.85,
            "debt_ratio": 15.63,
            "inventory_turnover_ratio": 1.86,
            "account_receivable_turnover_ratio": null,
            "reinvestment_rate": null,
            "research_to_sale_ratio": null,
            "price_fair": 162.87,
            "eps_avg_yearly": 4.65,
            "eps_latest_yearly": 2.08,
            "eps_growth_yearly": 81.92
        },
        "20042": {
            "year_quarter": 20042,
            "year": 2004,
            "quarter": 2,
            "eps": 0.88,
            "eps_growth_year": 91.3,
            "eps_4q": 2.36,
            "eps_4q_growth_year": -57.28,
            "roe": 4.98,
            "roe_4q": 13.59,
            "gross_profit": 81917,
            "gross_margin": 56.55,
            "gross_margin_4q_avg": 47.42,
            "net_income": 38279,
            "net_income_4q": null,
            "revenue": 144849,
            "revenue_4q": null,
            "common_shares": 432643,
            "book_valuer_per_share": 17.45,
            "book_valuer_per_share_4q_avg": 18.27,
            "equity": 754843,
            "current_ratio": 380.33,
            "debt_ratio": 22.64,
            "inventory_turnover_ratio": 1.61,
            "account_receivable_turnover_ratio": null,
            "reinvestment_rate": null,
            "research_to_sale_ratio": null,
            "price_fair": 158.9,
            "eps_avg_yearly": 4.54,
            "eps_latest_yearly": 3.52,
            "eps_growth_yearly": 101.42
        },
        "20043": {
            "year_quarter": 20043,
            "year": 2004,
            "quarter": 3,
            "eps": 0.98,
            "eps_growth_year": 444.44,
            "eps_4q": 2.93,
            "eps_4q_growth_year": -19.16,
            "roe": 6.15,
            "roe_4q": 18.67,
            "gross_profit": 94354,
            "gross_margin": 51.08,
            "gross_margin_4q_avg": 49.35,
            "net_income": 47856,
            "net_income_4q": null,
            "revenue": 184719,
            "revenue_4q": null,
            "common_shares": 432643,
            "book_valuer_per_share": 18.55,
            "book_valuer_per_share_4q_avg": 17.91,
            "equity": 802699,
            "current_ratio": 394.14,
            "debt_ratio": 21.46,
            "inventory_turnover_ratio": 2.19,
            "account_receivable_turnover_ratio": null,
            "reinvestment_rate": null,
            "research_to_sale_ratio": null,
            "price_fair": 156.93,
            "eps_avg_yearly": 4.48,
            "eps_latest_yearly": 3.92,
            "eps_growth_yearly": 96.33
        },
        "20044": {
            "year_quarter": 20044,
            "year": 2004,
            "quarter": 4,
            "eps": 0.73,
            "eps_growth_year": -7.59,
            "eps_4q": 2.97,
            "eps_4q_growth_year": 15.85,
            "roe": 4.32,
            "roe_4q": 18.380000000000003,
            "gross_profit": 102946,
            "gross_margin": 54.88,
            "gross_margin_4q_avg": 51.79,
            "net_income": 35377,
            "net_income_4q": null,
            "revenue": 187583,
            "revenue_4q": null,
            "common_shares": 485915,
            "book_valuer_per_share": 17.22,
            "book_valuer_per_share_4q_avg": 17.83,
            "equity": 836801,
            "current_ratio": 499.05,
            "debt_ratio": 15.83,
            "inventory_turnover_ratio": 2.27,
            "account_receivable_turnover_ratio": null,
            "reinvestment_rate": null,
            "research_to_sale_ratio": null,
            "price_fair": 152.37,
            "eps_avg_yearly": 4.35,
            "eps_latest_yearly": 2.92,
            "eps_growth_yearly": 79.8
        },
        "20051": {
            "year_quarter": 20051,
            "year": 2005,
            "quarter": 1,
            "eps": 0.9,
            "eps_growth_year": 73.08,
            "eps_4q": 3.4,
            "eps_4q_growth_year": 82.12,
            "roe": 5.09,
            "roe_4q": 20.54,
            "gross_profit": 90430,
            "gross_margin": 62.32,
            "gross_margin_4q_avg": 56.21,
            "net_income": 43708,
            "net_income_4q": null,
            "revenue": 145095,
            "revenue_4q": null,
            "common_shares": 485915,
            "book_valuer_per_share": 18.12,
            "book_valuer_per_share_4q_avg": 17.84,
            "equity": 880509,
            "current_ratio": 618.31,
            "debt_ratio": 12.07,
            "inventory_turnover_ratio": 1.93,
            "account_receivable_turnover_ratio": null,
            "reinvestment_rate": null,
            "research_to_sale_ratio": null,
            "price_fair": 150.34,
            "eps_avg_yearly": 4.3,
            "eps_latest_yearly": 3.6,
            "eps_growth_yearly": 80.83
        },
        "20052": {
            "year_quarter": 20052,
            "year": 2005,
            "quarter": 2,
            "eps": 2.14,
            "eps_growth_year": 143.18,
            "eps_4q": 4.73,
            "eps_4q_growth_year": 100.2,
            "roe": 12.17,
            "roe_4q": 27.729999999999997,
            "gross_profit": 174288,
            "gross_margin": 75.95,
            "gross_margin_4q_avg": 61.06,
            "net_income": 104801,
            "net_income_4q": null,
            "revenue": 229473,
            "revenue_4q": null,
            "common_shares": 493845,
            "book_valuer_per_share": 17.05,
            "book_valuer_per_share_4q_avg": 17.74,
            "equity": 841950,
            "current_ratio": 278.43,
            "debt_ratio": 24.5,
            "inventory_turnover_ratio": 2.2,
            "account_receivable_turnover_ratio": null,
            "reinvestment_rate": 28.41,
            "research_to_sale_ratio": null,
            "price_fair": 161,
            "eps_avg_yearly": 4.6,
            "eps_latest_yearly": 8.56,
            "eps_growth_yearly": 114.42
        },
        "20053": {
            "year_quarter": 20053,
            "year": 2005,
            "quarter": 3,
            "eps": 1.59,
            "eps_growth_year": 62.24,
            "eps_4q": 5.33,
            "eps_4q_growth_year": 82.01,
            "roe": 8.88,
            "roe_4q": 30.46,
            "gross_profit": 144309,
            "gross_margin": 77.73,
            "gross_margin_4q_avg": 67.72,
            "net_income": 78219,
            "net_income_4q": null,
            "revenue": 185657,
            "revenue_4q": null,
            "common_shares": 494175,
            "book_valuer_per_share": 18.63,
            "book_valuer_per_share_4q_avg": 17.76,
            "equity": 920707,
            "current_ratio": 616.3,
            "debt_ratio": 10.88,
            "inventory_turnover_ratio": 1.14,
            "account_receivable_turnover_ratio": null,
            "reinvestment_rate": 11.41,
            "research_to_sale_ratio": null,
            "price_fair": 165.11,
            "eps_avg_yearly": 4.72,
            "eps_latest_yearly": 6.36,
            "eps_growth_yearly": 99.94
        },
        "20054": {
            "year_quarter": 20054,
            "year": 2005,
            "quarter": 4,
            "eps": 1.96,
            "eps_growth_year": 168.49,
            "eps_4q": 6.56,
            "eps_4q_growth_year": 120.66,
            "roe": 9.96,
            "roe_4q": 36.10000000000001,
            "gross_profit": 181107,
            "gross_margin": 81.1,
            "gross_margin_4q_avg": 74.28,
            "net_income": 96583,
            "net_income_4q": null,
            "revenue": 223318,
            "revenue_4q": null,
            "common_shares": 495645,
            "book_valuer_per_share": 20.57,
            "book_valuer_per_share_4q_avg": 18.59,
            "equity": 1019686,
            "current_ratio": 594.09,
            "debt_ratio": 12.14,
            "inventory_turnover_ratio": 0.81,
            "account_receivable_turnover_ratio": null,
            "reinvestment_rate": 10.86,
            "research_to_sale_ratio": null,
            "price_fair": 171.94,
            "eps_avg_yearly": 4.91,
            "eps_latest_yearly": 7.84,
            "eps_growth_yearly": 99.51
        },
        "20061": {
            "year_quarter": 20061,
            "year": 2006,
            "quarter": 1,
            "eps": 1.72,
            "eps_growth_year": 91.11,
            "eps_4q": 7.36,
            "eps_4q_growth_year": 116.2,
            "roe": 8.03,
            "roe_4q": 39.040000000000006,
            "gross_profit": 159696,
            "gross_margin": 78.32,
            "gross_margin_4q_avg": 78.28,
            "net_income": 85339,
            "net_income_4q": null,
            "revenue": 203905,
            "revenue_4q": null,
            "common_shares": 496005,
            "book_valuer_per_share": 22.29,
            "book_valuer_per_share_4q_avg": 19.64,
            "equity": 1105612,
            "current_ratio": 647.05,
            "debt_ratio": 11.42,
            "inventory_turnover_ratio": 0.78,
            "account_receivable_turnover_ratio": null,
            "reinvestment_rate": 11.04,
            "research_to_sale_ratio": null,
            "price_fair": 163.19,
            "eps_avg_yearly": 4.66,
            "eps_latest_yearly": 6.88,
            "eps_growth_yearly": 96.26
        },
        "20062": {
            "year_quarter": 20062,
            "year": 2006,
            "quarter": 2,
            "eps": 1.94,
            "eps_growth_year": -9.35,
            "eps_4q": 6.77,
            "eps_4q_growth_year": 43.01,
            "roe": 10.04,
            "roe_4q": 36.910000000000004,
            "gross_profit": 194637,
            "gross_margin": 78.84,
            "gross_margin_4q_avg": 79,
            "net_income": 104543,
            "net_income_4q": null,
            "revenue": 246864,
            "revenue_4q": null,
            "common_shares": 499425,
            "book_valuer_per_share": 19.54,
            "book_valuer_per_share_4q_avg": 20.26,
            "equity": 976078,
            "current_ratio": 274.18,
            "debt_ratio": 27.28,
            "inventory_turnover_ratio": 1,
            "account_receivable_turnover_ratio": null,
            "reinvestment_rate": 10.16,
            "research_to_sale_ratio": null,
            "price_fair": 171.76,
            "eps_avg_yearly": 4.91,
            "eps_latest_yearly": 7.76,
            "eps_growth_yearly": 115.64
        },
        "20063": {
            "year_quarter": 20063,
            "year": 2006,
            "quarter": 3,
            "eps": 1.66,
            "eps_growth_year": 4.4,
            "eps_4q": 6.96,
            "eps_4q_growth_year": 30.64,
            "roe": 8.78,
            "roe_4q": 36.81,
            "gross_profit": 180101,
            "gross_margin": 84.06,
            "gross_margin_4q_avg": 80.58,
            "net_income": 89714,
            "net_income_4q": null,
            "revenue": 214257,
            "revenue_4q": null,
            "common_shares": 540926,
            "book_valuer_per_share": 19.71,
            "book_valuer_per_share_4q_avg": 20.53,
            "equity": 1066370,
            "current_ratio": 640.21,
            "debt_ratio": 9.75,
            "inventory_turnover_ratio": 0.6,
            "account_receivable_turnover_ratio": null,
            "reinvestment_rate": 3.28,
            "research_to_sale_ratio": null,
            "price_fair": 175.7,
            "eps_avg_yearly": 5.02,
            "eps_latest_yearly": 6.64,
            "eps_growth_yearly": 105.52
        },
        "20064": {
            "year_quarter": 20064,
            "year": 2006,
            "quarter": 4,
            "eps": 2.12,
            "eps_growth_year": 8.16,
            "eps_4q": 7.3,
            "eps_4q_growth_year": 11.2,
            "roe": 10.19,
            "roe_4q": 37.04,
            "gross_profit": 209859,
            "gross_margin": 83.72,
            "gross_margin_4q_avg": 81.24,
            "net_income": 114520,
            "net_income_4q": null,
            "revenue": 250656,
            "revenue_4q": null,
            "common_shares": 540986,
            "book_valuer_per_share": 21.83,
            "book_valuer_per_share_4q_avg": 20.84,
            "equity": 1180955,
            "current_ratio": 620.4,
            "debt_ratio": 10.18,
            "inventory_turnover_ratio": 0.63,
            "account_receivable_turnover_ratio": null,
            "reinvestment_rate": -8.06,
            "research_to_sale_ratio": null,
            "price_fair": 175.18,
            "eps_avg_yearly": 5.01,
            "eps_latest_yearly": 8.48,
            "eps_growth_yearly": 92.41
        },
        "20071": {
            "year_quarter": 20071,
            "year": 2007,
            "quarter": 1,
            "eps": 1.46,
            "eps_growth_year": -15.12,
            "eps_4q": 7.18,
            "eps_4q_growth_year": -2.44,
            "roe": 6.46,
            "roe_4q": 35.47,
            "gross_profit": 152013,
            "gross_margin": 83.02,
            "gross_margin_4q_avg": 82.41,
            "net_income": 78866,
            "net_income_4q": null,
            "revenue": 183109,
            "revenue_4q": null,
            "common_shares": 540986,
            "book_valuer_per_share": 23.29,
            "book_valuer_per_share_4q_avg": 21.09,
            "equity": 1259821,
            "current_ratio": 658.77,
            "debt_ratio": 9.92,
            "inventory_turnover_ratio": 0.53,
            "account_receivable_turnover_ratio": null,
            "reinvestment_rate": -7.85,
            "research_to_sale_ratio": null,
            "price_fair": 175.26,
            "eps_avg_yearly": 5.01,
            "eps_latest_yearly": 5.84,
            "eps_growth_yearly": 92.99
        },
        "20072": {
            "year_quarter": 20072,
            "year": 2007,
            "quarter": 2,
            "eps": 1.6,
            "eps_growth_year": -17.53,
            "eps_4q": 6.48,
            "eps_4q_growth_year": -4.28,
            "roe": 7.97,
            "roe_4q": 33.4,
            "gross_profit": 164462,
            "gross_margin": 84.85,
            "gross_margin_4q_avg": 83.91,
            "net_income": 92856,
            "net_income_4q": null,
            "revenue": 193833,
            "revenue_4q": null,
            "common_shares": 548473,
            "book_valuer_per_share": 19.52,
            "book_valuer_per_share_4q_avg": 21.09,
            "equity": 1070350,
            "current_ratio": 270.54,
            "debt_ratio": 26.86,
            "inventory_turnover_ratio": 0.63,
            "account_receivable_turnover_ratio": null,
            "reinvestment_rate": -8.51,
            "research_to_sale_ratio": null,
            "price_fair": 185.24,
            "eps_avg_yearly": 5.29,
            "eps_latest_yearly": 6.4,
            "eps_growth_yearly": 112.46
        },
        "20073": {
            "year_quarter": 20073,
            "year": 2007,
            "quarter": 3,
            "eps": 2.26,
            "eps_growth_year": 36.14,
            "eps_4q": 7.19,
            "eps_4q_growth_year": 3.31,
            "roe": 10.91,
            "roe_4q": 35.53,
            "gross_profit": 226651,
            "gross_margin": 85.61,
            "gross_margin_4q_avg": 84.3,
            "net_income": 131189,
            "net_income_4q": null,
            "revenue": 264754,
            "revenue_4q": null,
            "common_shares": 584767,
            "book_valuer_per_share": 22.82,
            "book_valuer_per_share_4q_avg": 21.87,
            "equity": 1334389,
            "current_ratio": 1478.56,
            "debt_ratio": 36.65,
            "inventory_turnover_ratio": 0.94,
            "account_receivable_turnover_ratio": null,
            "reinvestment_rate": -7.18,
            "research_to_sale_ratio": null,
            "price_fair": 203.44,
            "eps_avg_yearly": 5.81,
            "eps_latest_yearly": 9.04,
            "eps_growth_yearly": 137.99
        },
        "20074": {
            "year_quarter": 20074,
            "year": 2007,
            "quarter": 4,
            "eps": 0.66,
            "eps_growth_year": -68.87,
            "eps_4q": 5.84,
            "eps_4q_growth_year": -19.89,
            "roe": 2.91,
            "roe_4q": 28.25,
            "gross_profit": 159147,
            "gross_margin": 81.23,
            "gross_margin_4q_avg": 83.68,
            "net_income": 38559,
            "net_income_4q": null,
            "revenue": 195912,
            "revenue_4q": null,
            "common_shares": 584767,
            "book_valuer_per_share": 22.44,
            "book_valuer_per_share_4q_avg": 22.02,
            "equity": 1312309,
            "current_ratio": 842.37,
            "debt_ratio": 39.15,
            "inventory_turnover_ratio": 0.74,
            "account_receivable_turnover_ratio": null,
            "reinvestment_rate": -6.85,
            "research_to_sale_ratio": null,
            "price_fair": 202.3,
            "eps_avg_yearly": 5.78,
            "eps_latest_yearly": 2.64,
            "eps_growth_yearly": 35.57
        },
        "20081": {
            "year_quarter": 20081,
            "year": 2008,
            "quarter": 1,
            "eps": 0.61,
            "eps_growth_year": -58.22,
            "eps_4q": 5.12,
            "eps_4q_growth_year": -28.72,
            "roe": 2.66,
            "roe_4q": 24.45,
            "gross_profit": 151140,
            "gross_margin": 83.13,
            "gross_margin_4q_avg": 83.71,
            "net_income": 35556,
            "net_income_4q": null,
            "revenue": 181817,
            "revenue_4q": null,
            "common_shares": 584767,
            "book_valuer_per_share": 23.32,
            "book_valuer_per_share_4q_avg": 22.03,
            "equity": 1363881,
            "current_ratio": 927.75,
            "debt_ratio": 38.14,
            "inventory_turnover_ratio": 0.52,
            "account_receivable_turnover_ratio": null,
            "reinvestment_rate": -6.67,
            "research_to_sale_ratio": null,
            "price_fair": 203.09,
            "eps_avg_yearly": 5.8,
            "eps_latest_yearly": 2.44,
            "eps_growth_yearly": 42.22
        },
        "20082": {
            "year_quarter": 20082,
            "year": 2008,
            "quarter": 2,
            "eps": 0.76,
            "eps_growth_year": -52.5,
            "eps_4q": 4.05,
            "eps_4q_growth_year": -37.45,
            "roe": 3.8,
            "roe_4q": 20.28,
            "gross_profit": 147406,
            "gross_margin": 85.46,
            "gross_margin_4q_avg": 83.86,
            "net_income": 47399,
            "net_income_4q": null,
            "revenue": 172484,
            "revenue_4q": null,
            "common_shares": 584767,
            "book_valuer_per_share": 19.39,
            "book_valuer_per_share_4q_avg": 21.99,
            "equity": 1133731,
            "current_ratio": 381.45,
            "debt_ratio": 49.02,
            "inventory_turnover_ratio": 0.46,
            "account_receivable_turnover_ratio": null,
            "reinvestment_rate": -6.35,
            "research_to_sale_ratio": null,
            "price_fair": 202.04,
            "eps_avg_yearly": 5.77,
            "eps_latest_yearly": 3.04,
            "eps_growth_yearly": 31.06
        },
        "20083": {
            "year_quarter": 20083,
            "year": 2008,
            "quarter": 3,
            "eps": 0.72,
            "eps_growth_year": -68.14,
            "eps_4q": 2.67,
            "eps_4q_growth_year": -62.81,
            "roe": 3.89,
            "roe_4q": 13.26,
            "gross_profit": 147764,
            "gross_margin": 79.62,
            "gross_margin_4q_avg": 82.36,
            "net_income": 44762,
            "net_income_4q": null,
            "revenue": 185576,
            "revenue_4q": null,
            "common_shares": 627109,
            "book_valuer_per_share": 18.58,
            "book_valuer_per_share_4q_avg": 20.93,
            "equity": 1165007,
            "current_ratio": 1123.4,
            "debt_ratio": 40.83,
            "inventory_turnover_ratio": 0.83,
            "account_receivable_turnover_ratio": null,
            "reinvestment_rate": -6.09,
            "research_to_sale_ratio": null,
            "price_fair": 199.76,
            "eps_avg_yearly": 5.71,
            "eps_latest_yearly": 2.88,
            "eps_growth_yearly": 26.9
        },
        "20084": {
            "year_quarter": 20084,
            "year": 2008,
            "quarter": 4,
            "eps": -0.48,
            "eps_growth_year": -172.73,
            "eps_4q": 1.58,
            "eps_4q_growth_year": -72.97,
            "roe": -2.59,
            "roe_4q": 7.76,
            "gross_profit": 101141,
            "gross_margin": 61.36,
            "gross_margin_4q_avg": 77.39,
            "net_income": -29892,
            "net_income_4q": null,
            "revenue": 164828,
            "revenue_4q": null,
            "common_shares": 627109,
            "book_valuer_per_share": 18.19,
            "book_valuer_per_share_4q_avg": 19.87,
            "equity": 1140873,
            "current_ratio": 990.59,
            "debt_ratio": 37.84,
            "inventory_turnover_ratio": 1.33,
            "account_receivable_turnover_ratio": 1.62,
            "reinvestment_rate": -6.16,
            "research_to_sale_ratio": null,
            "price_fair": 206.27,
            "eps_avg_yearly": 5.89,
            "eps_latest_yearly": 2.88,
            "eps_growth_yearly": 35.5
        },
        "20091": {
            "year_quarter": 20091,
            "year": 2009,
            "quarter": 1,
            "eps": 0.65,
            "eps_growth_year": 6.56,
            "eps_4q": 1.66,
            "eps_4q_growth_year": -67.62,
            "roe": 3.46,
            "roe_4q": 8.559999999999999,
            "gross_profit": 109626,
            "gross_margin": 79.82,
            "gross_margin_4q_avg": 76.57,
            "net_income": 40217,
            "net_income_4q": null,
            "revenue": 137347,
            "revenue_4q": null,
            "common_shares": 627109,
            "book_valuer_per_share": 18.89,
            "book_valuer_per_share_4q_avg": 18.76,
            "equity": 1184389,
            "current_ratio": 1004.01,
            "debt_ratio": 37.16,
            "inventory_turnover_ratio": 0.59,
            "account_receivable_turnover_ratio": 1.31,
            "reinvestment_rate": -5.93,
            "research_to_sale_ratio": null,
            "price_fair": 212,
            "eps_avg_yearly": 6.06,
            "eps_latest_yearly": 2.88,
            "eps_growth_yearly": 31.38
        },
        "20092": {
            "year_quarter": 20092,
            "year": 2009,
            "quarter": 2,
            "eps": -1.37,
            "eps_growth_year": -280.26,
            "eps_4q": -0.47,
            "eps_4q_growth_year": -111.61,
            "roe": -7.43,
            "roe_4q": -2.6699999999999995,
            "gross_profit": 123172,
            "gross_margin": 81.91,
            "gross_margin_4q_avg": 75.68,
            "net_income": -84584,
            "net_income_4q": null,
            "revenue": 150374,
            "revenue_4q": null,
            "common_shares": 627109,
            "book_valuer_per_share": 17.41,
            "book_valuer_per_share_4q_avg": 18.27,
            "equity": 1091960,
            "current_ratio": 544.73,
            "debt_ratio": 38.36,
            "inventory_turnover_ratio": 0.64,
            "account_receivable_turnover_ratio": 1.41,
            "reinvestment_rate": -6.57,
            "research_to_sale_ratio": null,
            "price_fair": 17.59,
            "eps_avg_yearly": 5.86,
            "eps_latest_yearly": 2.88,
            "eps_growth_yearly": -8.6
        },
        "20093": {
            "year_quarter": 20093,
            "year": 2009,
            "quarter": 3,
            "eps": 0.51,
            "eps_growth_year": -29.17,
            "eps_4q": -0.66,
            "eps_4q_growth_year": -124.71,
            "roe": 2.92,
            "roe_4q": -3.6399999999999997,
            "gross_profit": 123847,
            "gross_margin": 75.58,
            "gross_margin_4q_avg": 74.67,
            "net_income": 32344,
            "net_income_4q": null,
            "revenue": 163870,
            "revenue_4q": null,
            "common_shares": 642564,
            "book_valuer_per_share": 17.45,
            "book_valuer_per_share_4q_avg": 17.99,
            "equity": 1121504,
            "current_ratio": 207.53,
            "debt_ratio": 33.09,
            "inventory_turnover_ratio": 0.84,
            "account_receivable_turnover_ratio": 1.46,
            "reinvestment_rate": -6.63,
            "research_to_sale_ratio": null,
            "price_fair": 17.47,
            "eps_avg_yearly": 5.82,
            "eps_latest_yearly": 2.88,
            "eps_growth_yearly": -0.75
        },
        "20094": {
            "year_quarter": 20094,
            "year": 2009,
            "quarter": 4,
            "eps": 0.44,
            "eps_growth_year": null,
            "eps_4q": 0.25,
            "eps_4q_growth_year": -83.97,
            "roe": 2.47,
            "roe_4q": 1.4200000000000008,
            "gross_profit": 116253,
            "gross_margin": 70.37,
            "gross_margin_4q_avg": 76.92,
            "net_income": 28074,
            "net_income_4q": null,
            "revenue": 165212,
            "revenue_4q": null,
            "common_shares": 642564,
            "book_valuer_per_share": 18.19,
            "book_valuer_per_share_4q_avg": 17.99,
            "equity": 1152638,
            "current_ratio": 208.06,
            "debt_ratio": 32.98,
            "inventory_turnover_ratio": 1.12,
            "account_receivable_turnover_ratio": 2.78,
            "reinvestment_rate": 21.36,
            "research_to_sale_ratio": null,
            "price_fair": 15.95,
            "eps_avg_yearly": 5.32,
            "eps_latest_yearly": 1.76,
            "eps_growth_yearly": -13.08
        },
        "20101": {
            "year_quarter": 20101,
            "year": 2010,
            "quarter": 1,
            "eps": 0.26,
            "eps_growth_year": -60,
            "eps_4q": -0.1,
            "eps_4q_growth_year": -106.18,
            "roe": 1.3,
            "roe_4q": -0.7399999999999993,
            "gross_profit": 122507,
            "gross_margin": 74.03,
            "gross_margin_4q_avg": 75.47,
            "net_income": 16187,
            "net_income_4q": null,
            "revenue": 165482,
            "revenue_4q": null,
            "common_shares": 642564,
            "book_valuer_per_share": 19.82,
            "book_valuer_per_share_4q_avg": 18.22,
            "equity": 1328127,
            "current_ratio": 249.97,
            "debt_ratio": 28.45,
            "inventory_turnover_ratio": 1.33,
            "account_receivable_turnover_ratio": 1.5,
            "reinvestment_rate": 21.59,
            "research_to_sale_ratio": 28.16,
            "price_fair": 14.49,
            "eps_avg_yearly": 4.83,
            "eps_latest_yearly": 1.04,
            "eps_growth_yearly": -22.63
        },
        "20102": {
            "year_quarter": 20102,
            "year": 2010,
            "quarter": 2,
            "eps": 0.67,
            "eps_growth_year": null,
            "eps_4q": 1.67,
            "eps_4q_growth_year": null,
            "roe": 3.31,
            "roe_4q": 10,
            "gross_profit": 158745,
            "gross_margin": 81.66,
            "gross_margin_4q_avg": 75.41,
            "net_income": 51142,
            "net_income_4q": null,
            "revenue": 194398,
            "revenue_4q": null,
            "common_shares": 775814,
            "book_valuer_per_share": 23.02,
            "book_valuer_per_share_4q_avg": 19.62,
            "equity": 1761062,
            "current_ratio": 315.18,
            "debt_ratio": 23.56,
            "inventory_turnover_ratio": 1.58,
            "account_receivable_turnover_ratio": 1.63,
            "reinvestment_rate": 30.9,
            "research_to_sale_ratio": 23.57,
            "price_fair": 154.23,
            "eps_avg_yearly": 4.41,
            "eps_latest_yearly": 2.68,
            "eps_growth_yearly": 25.67
        },
        "20103": {
            "year_quarter": 20103,
            "year": 2010,
            "quarter": 3,
            "eps": -0.18,
            "eps_growth_year": -135.18,
            "eps_4q": 1.07,
            "eps_4q_growth_year": null,
            "roe": -0.78,
            "roe_4q": 6.300000000000001,
            "gross_profit": 108243,
            "gross_margin": 78.55,
            "gross_margin_4q_avg": 76.15,
            "net_income": -13680,
            "net_income_4q": null,
            "revenue": 137800,
            "revenue_4q": null,
            "common_shares": 775814,
            "book_valuer_per_share": 22.81,
            "book_valuer_per_share_4q_avg": 20.96,
            "equity": 1739079,
            "current_ratio": 1611.28,
            "debt_ratio": 3.94,
            "inventory_turnover_ratio": 1.26,
            "account_receivable_turnover_ratio": 1.21,
            "reinvestment_rate": 40.51,
            "research_to_sale_ratio": 33.49,
            "price_fair": 147.13,
            "eps_avg_yearly": 4.2,
            "eps_latest_yearly": 2.68,
            "eps_growth_yearly": 33.25
        },
        "20104": {
            "year_quarter": 20104,
            "year": 2010,
            "quarter": 4,
            "eps": -0.6,
            "eps_growth_year": -235.87,
            "eps_4q": 0.11,
            "eps_4q_growth_year": -58.2,
            "roe": -2.66,
            "roe_4q": 1.1699999999999997,
            "gross_profit": 89451,
            "gross_margin": 77.95,
            "gross_margin_4q_avg": 78.05,
            "net_income": -45577,
            "net_income_4q": null,
            "revenue": 114752,
            "revenue_4q": null,
            "common_shares": 769884,
            "book_valuer_per_share": 22.2,
            "book_valuer_per_share_4q_avg": 21.96,
            "equity": 1692780,
            "current_ratio": 1465.72,
            "debt_ratio": 4.06,
            "inventory_turnover_ratio": 1.01,
            "account_receivable_turnover_ratio": 1.49,
            "reinvestment_rate": 96.43,
            "research_to_sale_ratio": 50.52,
            "price_fair": 132.16,
            "eps_avg_yearly": 3.78,
            "eps_latest_yearly": 2.68,
            "eps_growth_yearly": 25.49
        },
        "20111": {
            "year_quarter": 20111,
            "year": 2011,
            "quarter": 1,
            "eps": -0.19,
            "eps_growth_year": -173.08,
            "eps_4q": -0.3,
            "eps_4q_growth_year": null,
            "roe": -0.87,
            "roe_4q": -1.0000000000000004,
            "gross_profit": 65203,
            "gross_margin": 72.74,
            "gross_margin_4q_avg": 77.73,
            "net_income": -14628,
            "net_income_4q": null,
            "revenue": 89642,
            "revenue_4q": null,
            "common_shares": 769884,
            "book_valuer_per_share": 22.09,
            "book_valuer_per_share_4q_avg": 22.53,
            "equity": 1684048,
            "current_ratio": 1427.83,
            "debt_ratio": 3.72,
            "inventory_turnover_ratio": 1.05,
            "account_receivable_turnover_ratio": 1.54,
            "reinvestment_rate": 136.75,
            "research_to_sale_ratio": 57.26,
            "price_fair": 124.13,
            "eps_avg_yearly": 3.55,
            "eps_latest_yearly": 2.68,
            "eps_growth_yearly": 42.16
        },
        "20112": {
            "year_quarter": 20112,
            "year": 2011,
            "quarter": 2,
            "eps": -0.51,
            "eps_growth_year": -176.01,
            "eps_4q": -1.48,
            "eps_4q_growth_year": -188.46,
            "roe": -2.32,
            "roe_4q": -6.63,
            "gross_profit": 68869,
            "gross_margin": 67.88,
            "gross_margin_4q_avg": 74.28,
            "net_income": -38745,
            "net_income_4q": null,
            "revenue": 101462,
            "revenue_4q": null,
            "common_shares": 769884,
            "book_valuer_per_share": 21.63,
            "book_valuer_per_share_4q_avg": 22.18,
            "equity": 1648833,
            "current_ratio": 1135.53,
            "debt_ratio": 4.63,
            "inventory_turnover_ratio": 1.7,
            "account_receivable_turnover_ratio": 1.61,
            "reinvestment_rate": 189.56,
            "research_to_sale_ratio": 46.18,
            "price_fair": 111.65,
            "eps_avg_yearly": 3.19,
            "eps_latest_yearly": 2.68,
            "eps_growth_yearly": 42.63
        },
        "20113": {
            "year_quarter": 20113,
            "year": 2011,
            "quarter": 3,
            "eps": -0.44,
            "eps_growth_year": null,
            "eps_4q": -1.74,
            "eps_4q_growth_year": -261.99,
            "roe": -2.04,
            "roe_4q": -7.89,
            "gross_profit": 64671,
            "gross_margin": 69.43,
            "gross_margin_4q_avg": 72,
            "net_income": -33436,
            "net_income_4q": null,
            "revenue": 93141,
            "revenue_4q": null,
            "common_shares": 769884,
            "book_valuer_per_share": 21.27,
            "book_valuer_per_share_4q_avg": 21.8,
            "equity": 1621312,
            "current_ratio": 1220.38,
            "debt_ratio": 4.35,
            "inventory_turnover_ratio": 1.72,
            "account_receivable_turnover_ratio": 1.39,
            "reinvestment_rate": 295.05,
            "research_to_sale_ratio": 46.15,
            "price_fair": 82.4,
            "eps_avg_yearly": 2.35,
            "eps_latest_yearly": 2.68,
            "eps_growth_yearly": 25.15
        },
        "20114": {
            "year_quarter": 20114,
            "year": 2011,
            "quarter": 4,
            "eps": -1.7,
            "eps_growth_year": null,
            "eps_4q": -2.84,
            "eps_4q_growth_year": -2783.79,
            "roe": -8.34,
            "roe_4q": -13.569999999999999,
            "gross_profit": 62115,
            "gross_margin": 69.67,
            "gross_margin_4q_avg": 69.93,
            "net_income": -129826,
            "net_income_4q": null,
            "revenue": 89157,
            "revenue_4q": null,
            "common_shares": 769884,
            "book_valuer_per_share": 19.58,
            "book_valuer_per_share_4q_avg": 21.14,
            "equity": 1493002,
            "current_ratio": 1029.25,
            "debt_ratio": 5.9,
            "inventory_turnover_ratio": 1.57,
            "account_receivable_turnover_ratio": 1.39,
            "reinvestment_rate": null,
            "research_to_sale_ratio": 53.66,
            "price_fair": 80.73,
            "eps_avg_yearly": 2.31,
            "eps_latest_yearly": 2.68,
            "eps_growth_yearly": 76.54
        },
        "20121": {
            "year_quarter": 20121,
            "year": 2012,
            "quarter": 1,
            "eps": -0.1,
            "eps_growth_year": null,
            "eps_4q": -2.75,
            "eps_4q_growth_year": null,
            "roe": -0.53,
            "roe_4q": -13.23,
            "gross_profit": 61266,
            "gross_margin": 70.6,
            "gross_margin_4q_avg": 69.4,
            "net_income": -7888,
            "net_income_4q": null,
            "revenue": 86773,
            "revenue_4q": null,
            "common_shares": 769884,
            "book_valuer_per_share": 19.5,
            "book_valuer_per_share_4q_avg": 20.5,
            "equity": 1486811,
            "current_ratio": 987.5,
            "debt_ratio": 5.98,
            "inventory_turnover_ratio": 1.29,
            "account_receivable_turnover_ratio": 1.44,
            "reinvestment_rate": null,
            "research_to_sale_ratio": 44.48,
            "price_fair": 79.8,
            "eps_avg_yearly": 2.28,
            "eps_latest_yearly": 2.68,
            "eps_growth_yearly": 97.91
        },
        "20122": {
            "year_quarter": 20122,
            "year": 2012,
            "quarter": 2,
            "eps": -0.02,
            "eps_growth_year": null,
            "eps_4q": -2.27,
            "eps_4q_growth_year": null,
            "roe": -0.11,
            "roe_4q": -11.02,
            "gross_profit": 62781,
            "gross_margin": 70.93,
            "gross_margin_4q_avg": 70.16,
            "net_income": -1604,
            "net_income_4q": null,
            "revenue": 88511,
            "revenue_4q": null,
            "common_shares": 769884,
            "book_valuer_per_share": 19.26,
            "book_valuer_per_share_4q_avg": 19.9,
            "equity": 1468128,
            "current_ratio": 813.93,
            "debt_ratio": 7.05,
            "inventory_turnover_ratio": 1.18,
            "account_receivable_turnover_ratio": 1.73,
            "reinvestment_rate": null,
            "research_to_sale_ratio": 44.83,
            "price_fair": 73.15,
            "eps_avg_yearly": 2.09,
            "eps_latest_yearly": 2.68,
            "eps_growth_yearly": 97.79
        },
        "20123": {
            "year_quarter": 20123,
            "year": 2012,
            "quarter": 3,
            "eps": -0.28,
            "eps_growth_year": null,
            "eps_4q": -2.11,
            "eps_4q_growth_year": null,
            "roe": -1.48,
            "roe_4q": -10.46,
            "gross_profit": 55737,
            "gross_margin": 60.09,
            "gross_margin_4q_avg": 67.82,
            "net_income": -21526,
            "net_income_4q": null,
            "revenue": 92757,
            "revenue_4q": null,
            "common_shares": 769884,
            "book_valuer_per_share": 18.99,
            "book_valuer_per_share_4q_avg": 19.33,
            "equity": 1447740,
            "current_ratio": 901.6,
            "debt_ratio": 6.35,
            "inventory_turnover_ratio": 1.82,
            "account_receivable_turnover_ratio": 1.7,
            "reinvestment_rate": null,
            "research_to_sale_ratio": 43.8,
            "price_fair": 63.93,
            "eps_avg_yearly": 1.83,
            "eps_latest_yearly": 2.68,
            "eps_growth_yearly": 137.41
        },
        "20124": {
            "year_quarter": 20124,
            "year": 2012,
            "quarter": 4,
            "eps": -0.84,
            "eps_growth_year": null,
            "eps_4q": -1.25,
            "eps_4q_growth_year": null,
            "roe": -4.52,
            "roe_4q": -6.640000000000001,
            "gross_profit": 51008,
            "gross_margin": 59.97,
            "gross_margin_4q_avg": 65.4,
            "net_income": -63915,
            "net_income_4q": null,
            "revenue": 85059,
            "revenue_4q": null,
            "common_shares": 769884,
            "book_valuer_per_share": 18.1,
            "book_valuer_per_share_4q_avg": 18.96,
            "equity": 1380109,
            "current_ratio": 859.84,
            "debt_ratio": 6.95,
            "inventory_turnover_ratio": 1.52,
            "account_receivable_turnover_ratio": 1.49,
            "reinvestment_rate": null,
            "research_to_sale_ratio": 38.06,
            "price_fair": 63.93,
            "eps_avg_yearly": 1.83,
            "eps_latest_yearly": 2.68,
            "eps_growth_yearly": 137.41
        },
        "20131": {
            "year_quarter": 20131,
            "year": 2013,
            "quarter": 1,
            "eps": -0.08,
            "eps_growth_year": null,
            "eps_4q": -1.2,
            "eps_4q_growth_year": null,
            "roe": -0.42,
            "roe_4q": -6.53,
            "gross_profit": 50648,
            "gross_margin": 57.61,
            "gross_margin_4q_avg": 62.15,
            "net_income": -5815,
            "net_income_4q": null,
            "revenue": 87921,
            "revenue_4q": null,
            "common_shares": 779884,
            "book_valuer_per_share": 17.91,
            "book_valuer_per_share_4q_avg": 18.57,
            "equity": 1383217,
            "current_ratio": 916.65,
            "debt_ratio": 8.16,
            "inventory_turnover_ratio": 1.43,
            "account_receivable_turnover_ratio": 1.55,
            "reinvestment_rate": null,
            "research_to_sale_ratio": 38.62,
            "price_fair": 63.93,
            "eps_avg_yearly": 1.83,
            "eps_latest_yearly": 2.68,
            "eps_growth_yearly": 137.41
        },
        "20132": {
            "year_quarter": 20132,
            "year": 2013,
            "quarter": 2,
            "eps": 0.18,
            "eps_growth_year": null,
            "eps_4q": -1.01,
            "eps_4q_growth_year": null,
            "roe": 0.99,
            "roe_4q": -5.43,
            "gross_profit": 79805,
            "gross_margin": 62.82,
            "gross_margin_4q_avg": 60.12,
            "net_income": 13466,
            "net_income_4q": null,
            "revenue": 127040,
            "revenue_4q": null,
            "common_shares": 779884,
            "book_valuer_per_share": 17.14,
            "book_valuer_per_share_4q_avg": 18.04,
            "equity": 1323700,
            "current_ratio": 552.65,
            "debt_ratio": 13.22,
            "inventory_turnover_ratio": 1.72,
            "account_receivable_turnover_ratio": 1.92,
            "reinvestment_rate": null,
            "research_to_sale_ratio": 23.39,
            "price_fair": 63.93,
            "eps_avg_yearly": 1.83,
            "eps_latest_yearly": 2.68,
            "eps_growth_yearly": 137.41
        },
        "20133": {
            "year_quarter": 20133,
            "year": 2013,
            "quarter": 3,
            "eps": -0.1,
            "eps_growth_year": null,
            "eps_4q": -0.83,
            "eps_4q_growth_year": null,
            "roe": -0.56,
            "roe_4q": -4.51,
            "gross_profit": 56081,
            "gross_margin": 63.76,
            "gross_margin_4q_avg": 61.04,
            "net_income": -7720,
            "net_income_4q": null,
            "revenue": 87958,
            "revenue_4q": null,
            "common_shares": 772384,
            "book_valuer_per_share": 18.86,
            "book_valuer_per_share_4q_avg": 18,
            "equity": 1456465,
            "current_ratio": 1384.01,
            "debt_ratio": 6.15,
            "inventory_turnover_ratio": 1.26,
            "account_receivable_turnover_ratio": 1.44,
            "reinvestment_rate": null,
            "research_to_sale_ratio": 32.83,
            "price_fair": 63.93,
            "eps_avg_yearly": 1.83,
            "eps_latest_yearly": 2.68,
            "eps_growth_yearly": 137.41
        },
        "20134": {
            "year_quarter": 20134,
            "year": 2013,
            "quarter": 4,
            "eps": 0.04,
            "eps_growth_year": null,
            "eps_4q": 0.04,
            "eps_4q_growth_year": null,
            "roe": 0.22,
            "roe_4q": 0.22999999999999993,
            "gross_profit": 49158,
            "gross_margin": 60.29,
            "gross_margin_4q_avg": 61.12,
            "net_income": 3315,
            "net_income_4q": null,
            "revenue": 81530,
            "revenue_4q": null,
            "common_shares": 772184,
            "book_valuer_per_share": 19.44,
            "book_valuer_per_share_4q_avg": 18.34,
            "equity": 1500897,
            "current_ratio": 1684.89,
            "debt_ratio": 5.07,
            "inventory_turnover_ratio": 1.54,
            "account_receivable_turnover_ratio": 1.64,
            "reinvestment_rate": null,
            "research_to_sale_ratio": 31.2,
            "price_fair": 65.1,
            "eps_avg_yearly": 1.86,
            "eps_latest_yearly": 2.68,
            "eps_growth_yearly": 233.57
        },
        "20141": {
            "year_quarter": 20141,
            "year": 2014,
            "quarter": 1,
            "eps": 0.82,
            "eps_growth_year": null,
            "eps_4q": 0.94,
            "eps_4q_growth_year": null,
            "roe": 4.2,
            "roe_4q": 4.85,
            "gross_profit": 52440,
            "gross_margin": 64.03,
            "gross_margin_4q_avg": 62.73,
            "net_income": 63229,
            "net_income_4q": null,
            "revenue": 81893,
            "revenue_4q": null,
            "common_shares": 772184,
            "book_valuer_per_share": 19.57,
            "book_valuer_per_share_4q_avg": 18.75,
            "equity": 1511291,
            "current_ratio": 1442.36,
            "debt_ratio": 5.86,
            "inventory_turnover_ratio": 1.22,
            "account_receivable_turnover_ratio": 1.6,
            "reinvestment_rate": null,
            "research_to_sale_ratio": 43.18,
            "price_fair": 104.3,
            "eps_avg_yearly": 2.98,
            "eps_latest_yearly": 3.28,
            "eps_growth_yearly": 4215.38
        },
        "20142": {
            "year_quarter": 20142,
            "year": 2014,
            "quarter": 2,
            "eps": 0.02,
            "eps_growth_year": -88.89,
            "eps_4q": 0.79,
            "eps_4q_growth_year": null,
            "roe": 0.13,
            "roe_4q": 3.9899999999999998,
            "gross_profit": 58191,
            "gross_margin": 64.65,
            "gross_margin_4q_avg": 63.18,
            "net_income": 1889,
            "net_income_4q": null,
            "revenue": 90015,
            "revenue_4q": null,
            "common_shares": 772184,
            "book_valuer_per_share": 18.47,
            "book_valuer_per_share_4q_avg": 19.09,
            "equity": 1426045,
            "current_ratio": 659.61,
            "debt_ratio": 10.43,
            "inventory_turnover_ratio": 1,
            "account_receivable_turnover_ratio": 1.62,
            "reinvestment_rate": null,
            "research_to_sale_ratio": 32.4,
            "price_fair": 58.8,
            "eps_avg_yearly": 1.68,
            "eps_latest_yearly": 0.08,
            "eps_growth_yearly": 3704.88
        },
        "20143": {
            "year_quarter": 20143,
            "year": 2014,
            "quarter": 3,
            "eps": 0.08,
            "eps_growth_year": null,
            "eps_4q": 0.97,
            "eps_4q_growth_year": null,
            "roe": 0.44,
            "roe_4q": 4.99,
            "gross_profit": 57871,
            "gross_margin": 60.25,
            "gross_margin_4q_avg": 62.31,
            "net_income": 6318,
            "net_income_4q": null,
            "revenue": 96053,
            "revenue_4q": null,
            "common_shares": 771924,
            "book_valuer_per_share": 18.34,
            "book_valuer_per_share_4q_avg": 18.96,
            "equity": 1415374,
            "current_ratio": 1604.65,
            "debt_ratio": 5.4,
            "inventory_turnover_ratio": 1.23,
            "account_receivable_turnover_ratio": 1.61,
            "reinvestment_rate": null,
            "research_to_sale_ratio": 30.97,
            "price_fair": 42.93,
            "eps_avg_yearly": 1.23,
            "eps_latest_yearly": 0.32,
            "eps_growth_yearly": 2869.92
        },
        "20144": {
            "year_quarter": 20144,
            "year": 2014,
            "quarter": 4,
            "eps": 0.12,
            "eps_growth_year": 178.68,
            "eps_4q": 1.05,
            "eps_4q_growth_year": 2386.06,
            "roe": 0.65,
            "roe_4q": 5.42,
            "gross_profit": 55436,
            "gross_margin": 59.17,
            "gross_margin_4q_avg": 62.03,
            "net_income": 9235,
            "net_income_4q": null,
            "revenue": 93684,
            "revenue_4q": null,
            "common_shares": 771924,
            "book_valuer_per_share": 18.44,
            "book_valuer_per_share_4q_avg": 18.71,
            "equity": 1423494,
            "current_ratio": 1552.21,
            "debt_ratio": 5.6,
            "inventory_turnover_ratio": 1.44,
            "account_receivable_turnover_ratio": 1.48,
            "reinvestment_rate": null,
            "research_to_sale_ratio": 29.33,
            "price_fair": 36.4,
            "eps_avg_yearly": 1.04,
            "eps_latest_yearly": 0.48,
            "eps_growth_yearly": 2202.44
        },
        "20151": {
            "year_quarter": 20151,
            "year": 2015,
            "quarter": 1,
            "eps": -0.04,
            "eps_growth_year": -104.88,
            "eps_4q": 0.18,
            "eps_4q_growth_year": -80.5,
            "roe": -0.23,
            "roe_4q": 0.9900000000000001,
            "gross_profit": 55490,
            "gross_margin": 62.2,
            "gross_margin_4q_avg": 61.57,
            "net_income": -3254,
            "net_income_4q": null,
            "revenue": 89215,
            "revenue_4q": null,
            "common_shares": 771924,
            "book_valuer_per_share": 18.26,
            "book_valuer_per_share_4q_avg": 18.38,
            "equity": 1415634,
            "current_ratio": 1282.67,
            "debt_ratio": 6.43,
            "inventory_turnover_ratio": 1.11,
            "account_receivable_turnover_ratio": 1.63,
            "reinvestment_rate": null,
            "research_to_sale_ratio": 34.94,
            "price_fair": 36.4,
            "eps_avg_yearly": 1.04,
            "eps_latest_yearly": 0.48,
            "eps_growth_yearly": 2202.44
        },
        "20152": {
            "year_quarter": 20152,
            "year": 2015,
            "quarter": 2,
            "eps": -0.15,
            "eps_growth_year": -850,
            "eps_4q": 0.01,
            "eps_4q_growth_year": -98.2,
            "roe": -0.79,
            "roe_4q": 0.07,
            "gross_profit": 53972,
            "gross_margin": 62.02,
            "gross_margin_4q_avg": 60.91,
            "net_income": -11198,
            "net_income_4q": null,
            "revenue": 87018,
            "revenue_4q": null,
            "common_shares": 775214,
            "book_valuer_per_share": 18.3,
            "book_valuer_per_share_4q_avg": 18.34,
            "equity": 1420326,
            "current_ratio": 710.35,
            "debt_ratio": 9.79,
            "inventory_turnover_ratio": 0.9,
            "account_receivable_turnover_ratio": 1.79,
            "reinvestment_rate": null,
            "research_to_sale_ratio": 35.66,
            "price_fair": 36.4,
            "eps_avg_yearly": 1.04,
            "eps_latest_yearly": 0.48,
            "eps_growth_yearly": 2202.44
        },
        "20153": {
            "year_quarter": 20153,
            "year": 2015,
            "quarter": 3,
            "eps": 1.57,
            "eps_growth_year": 1862.5,
            "eps_4q": 1.5,
            "eps_4q_growth_year": 54.69,
            "roe": 8.4,
            "roe_4q": 8.03,
            "gross_profit": 55484,
            "gross_margin": 63.08,
            "gross_margin_4q_avg": 61.62,
            "net_income": 121572,
            "net_income_4q": null,
            "revenue": 87957,
            "revenue_4q": null,
            "common_shares": 776024,
            "book_valuer_per_share": 18.99,
            "book_valuer_per_share_4q_avg": 18.5,
            "equity": 1474748,
            "current_ratio": 1737.27,
            "debt_ratio": 5.02,
            "inventory_turnover_ratio": 0.94,
            "account_receivable_turnover_ratio": 1.64,
            "reinvestment_rate": null,
            "research_to_sale_ratio": 31.48,
            "price_fair": 36.4,
            "eps_avg_yearly": 1.04,
            "eps_latest_yearly": 0.48,
            "eps_growth_yearly": 2202.44
        },
        "20154": {
            "year_quarter": 20154,
            "year": 2015,
            "quarter": 4,
            "eps": -0.15,
            "eps_growth_year": -221.75,
            "eps_4q": 1.23,
            "eps_4q_growth_year": 17.95,
            "roe": -0.75,
            "roe_4q": 6.63,
            "gross_profit": 61243,
            "gross_margin": 60.99,
            "gross_margin_4q_avg": 62.07,
            "net_income": -11320,
            "net_income_4q": null,
            "revenue": 100414,
            "revenue_4q": null,
            "common_shares": 776504,
            "book_valuer_per_share": 20.03,
            "book_valuer_per_share_4q_avg": 18.9,
            "equity": 1556097,
            "current_ratio": 1668.7,
            "debt_ratio": 4.88,
            "inventory_turnover_ratio": 1.42,
            "account_receivable_turnover_ratio": 1.83,
            "reinvestment_rate": 602.62,
            "research_to_sale_ratio": 24.6,
            "price_fair": 36.4,
            "eps_avg_yearly": 1.04,
            "eps_latest_yearly": 0.48,
            "eps_growth_yearly": 2202.44
        },
        "20161": {
            "year_quarter": 20161,
            "year": 2016,
            "quarter": 1,
            "eps": -0.04,
            "eps_growth_year": null,
            "eps_4q": 1.23,
            "eps_4q_growth_year": 574.32,
            "roe": -0.19,
            "roe_4q": 6.670000000000001,
            "gross_profit": 49447,
            "gross_margin": 61.23,
            "gross_margin_4q_avg": 61.83,
            "net_income": -2987,
            "net_income_4q": null,
            "revenue": 80760,
            "revenue_4q": null,
            "common_shares": 776964,
            "book_valuer_per_share": 20.33,
            "book_valuer_per_share_4q_avg": 19.41,
            "equity": 1584219,
            "current_ratio": 1500.82,
            "debt_ratio": 5.13,
            "inventory_turnover_ratio": 1.32,
            "account_receivable_turnover_ratio": 1.56,
            "reinvestment_rate": 574.18,
            "research_to_sale_ratio": 39.07,
            "price_fair": 36.4,
            "eps_avg_yearly": 1.04,
            "eps_latest_yearly": 0.48,
            "eps_growth_yearly": 2202.44
        },
        "20162": {
            "year_quarter": 20162,
            "year": 2016,
            "quarter": 2,
            "eps": 0.2,
            "eps_growth_year": null,
            "eps_4q": 1.57,
            "eps_4q_growth_year": 10995.84,
            "roe": 0.97,
            "roe_4q": 8.43,
            "gross_profit": 60723,
            "gross_margin": 59.35,
            "gross_margin_4q_avg": 61.16,
            "net_income": 15368,
            "net_income_4q": null,
            "revenue": 102310,
            "revenue_4q": null,
            "common_shares": 779244,
            "book_valuer_per_share": 20.37,
            "book_valuer_per_share_4q_avg": 19.93,
            "equity": 1588074,
            "current_ratio": 952.88,
            "debt_ratio": 7.2,
            "inventory_turnover_ratio": 1.63,
            "account_receivable_turnover_ratio": 1.79,
            "reinvestment_rate": 482.32,
            "research_to_sale_ratio": 25.9,
            "price_fair": 36.4,
            "eps_avg_yearly": 1.04,
            "eps_latest_yearly": 0.48,
            "eps_growth_yearly": 2202.44
        },
        "20163": {
            "year_quarter": 20163,
            "year": 2016,
            "quarter": 3,
            "eps": 0.6,
            "eps_growth_year": -61.78,
            "eps_4q": 0.62,
            "eps_4q_growth_year": -58.74,
            "roe": 2.96,
            "roe_4q": 2.9899999999999998,
            "gross_profit": 69552,
            "gross_margin": 60.69,
            "gross_margin_4q_avg": 60.57,
            "net_income": 47117,
            "net_income_4q": null,
            "revenue": 114596,
            "revenue_4q": null,
            "common_shares": 779434,
            "book_valuer_per_share": 20.48,
            "book_valuer_per_share_4q_avg": 20.3,
            "equity": 1595992,
            "current_ratio": 1550.45,
            "debt_ratio": 5.71,
            "inventory_turnover_ratio": 1.43,
            "account_receivable_turnover_ratio": 1.8,
            "reinvestment_rate": 201.86,
            "research_to_sale_ratio": 23.17,
            "price_fair": 45.92,
            "eps_avg_yearly": 1.31,
            "eps_latest_yearly": 2.4,
            "eps_growth_yearly": 1921.95
        },
        "20164": {
            "year_quarter": 20164,
            "year": 2016,
            "quarter": 4,
            "eps": 0.1,
            "eps_growth_year": null,
            "eps_4q": 0.86,
            "eps_4q_growth_year": -30.34,
            "roe": 0.46,
            "roe_4q": 4.199999999999999,
            "gross_profit": 55836,
            "gross_margin": 54.64,
            "gross_margin_4q_avg": 58.98,
            "net_income": 7431,
            "net_income_4q": null,
            "revenue": 102190,
            "revenue_4q": null,
            "common_shares": 779434,
            "book_valuer_per_share": 20.73,
            "book_valuer_per_share_4q_avg": 20.48,
            "equity": 1615550,
            "current_ratio": 935.41,
            "debt_ratio": 7.46,
            "inventory_turnover_ratio": 1.35,
            "account_receivable_turnover_ratio": 1.58,
            "reinvestment_rate": 200.62,
            "research_to_sale_ratio": 31.12,
            "price_fair": 40.6,
            "eps_avg_yearly": 1.16,
            "eps_latest_yearly": 0.4,
            "eps_growth_yearly": 1546.07
        },
        "20171": {
            "year_quarter": 20171,
            "year": 2017,
            "quarter": 1,
            "eps": -0.31,
            "eps_growth_year": null,
            "eps_4q": 0.58,
            "eps_4q_growth_year": -52.67,
            "roe": -1.5,
            "roe_4q": 2.8899999999999997,
            "gross_profit": 41318,
            "gross_margin": 54.91,
            "gross_margin_4q_avg": 57.4,
            "net_income": -24337,
            "net_income_4q": null,
            "revenue": 75246,
            "revenue_4q": null,
            "common_shares": 779464,
            "book_valuer_per_share": 20.82,
            "book_valuer_per_share_4q_avg": 20.6,
            "equity": 1626926,
            "current_ratio": 1035.07,
            "debt_ratio": 6.3,
            "inventory_turnover_ratio": 0.98,
            "account_receivable_turnover_ratio": 1.32,
            "reinvestment_rate": 174.47,
            "research_to_sale_ratio": 48.36,
            "price_fair": 40.6,
            "eps_avg_yearly": 1.16,
            "eps_latest_yearly": 0.4,
            "eps_growth_yearly": 1546.07
        },
        "20172": {
            "year_quarter": 20172,
            "year": 2017,
            "quarter": 2,
            "eps": 2.83,
            "eps_growth_year": 1315,
            "eps_4q": 3.22,
            "eps_4q_growth_year": 104.39,
            "roe": 13.72,
            "roe_4q": 15.64,
            "gross_profit": 44856,
            "gross_margin": 52.67,
            "gross_margin_4q_avg": 55.73,
            "net_income": 221008,
            "net_income_4q": null,
            "revenue": 85171,
            "revenue_4q": null,
            "common_shares": 781304,
            "book_valuer_per_share": 20.41,
            "book_valuer_per_share_4q_avg": 20.61,
            "equity": 1594699,
            "current_ratio": 729.44,
            "debt_ratio": 8,
            "inventory_turnover_ratio": 1.04,
            "account_receivable_turnover_ratio": 1.7,
            "reinvestment_rate": 99.21,
            "research_to_sale_ratio": 44.66,
            "price_fair": 40.6,
            "eps_avg_yearly": 1.16,
            "eps_latest_yearly": 0.4,
            "eps_growth_yearly": 1546.07
        },
        "20173": {
            "year_quarter": 20173,
            "year": 2017,
            "quarter": 3,
            "eps": -0.08,
            "eps_growth_year": -113.33,
            "eps_4q": 2.53,
            "eps_4q_growth_year": 309,
            "roe": -0.41,
            "roe_4q": 12.270000000000001,
            "gross_profit": 50382,
            "gross_margin": 55.19,
            "gross_margin_4q_avg": 54.35,
            "net_income": -6534,
            "net_income_4q": null,
            "revenue": 91296,
            "revenue_4q": null,
            "common_shares": 781304,
            "book_valuer_per_share": 20.33,
            "book_valuer_per_share_4q_avg": 20.57,
            "equity": 1588435,
            "current_ratio": 1079.18,
            "debt_ratio": 6.01,
            "inventory_turnover_ratio": 1.05,
            "account_receivable_turnover_ratio": 1.68,
            "reinvestment_rate": 66.7,
            "research_to_sale_ratio": 43.24,
            "price_fair": 40.6,
            "eps_avg_yearly": 1.16,
            "eps_latest_yearly": 0.4,
            "eps_growth_yearly": 1546.07
        },
        "20174": {
            "year_quarter": 20174,
            "year": 2017,
            "quarter": 4,
            "eps": -0.11,
            "eps_growth_year": -210.4,
            "eps_4q": 2.3,
            "eps_4q_growth_year": 167.99,
            "roe": -0.53,
            "roe_4q": 11.280000000000001,
            "gross_profit": 66185,
            "gross_margin": 57.03,
            "gross_margin_4q_avg": 54.95,
            "net_income": -8316,
            "net_income_4q": null,
            "revenue": 116063,
            "revenue_4q": null,
            "common_shares": 789824,
            "book_valuer_per_share": 19.98,
            "book_valuer_per_share_4q_avg": 20.39,
            "equity": 1578704,
            "current_ratio": 891.81,
            "debt_ratio": 7.14,
            "inventory_turnover_ratio": 1.46,
            "account_receivable_turnover_ratio": 1.93,
            "reinvestment_rate": 67.04,
            "research_to_sale_ratio": 35,
            "price_fair": 40.6,
            "eps_avg_yearly": 1.16,
            "eps_latest_yearly": 0.4,
            "eps_growth_yearly": 1546.07
        },
        "20181": {
            "year_quarter": 20181,
            "year": 2018,
            "quarter": 1,
            "eps": 0.25,
            "eps_growth_year": null,
            "eps_4q": 2.86,
            "eps_4q_growth_year": 391.16,
            "roe": 1.26,
            "roe_4q": 14.040000000000001,
            "gross_profit": 84078,
            "gross_margin": 56.95,
            "gross_margin_4q_avg": 55.46,
            "net_income": 20082,
            "net_income_4q": null,
            "revenue": 147643,
            "revenue_4q": null,
            "common_shares": 790524,
            "book_valuer_per_share": 20.3,
            "book_valuer_per_share_4q_avg": 20.26,
            "equity": 1604661,
            "current_ratio": 896.05,
            "debt_ratio": 7.38,
            "inventory_turnover_ratio": 1.71,
            "account_receivable_turnover_ratio": 2.29,
            "reinvestment_rate": 86.22,
            "research_to_sale_ratio": 29.1,
            "price_fair": 25.76,
            "eps_avg_yearly": 0.74,
            "eps_latest_yearly": 0.4,
            "eps_growth_yearly": 295.28
        },
        "20182": {
            "year_quarter": 20182,
            "year": 2018,
            "quarter": 2,
            "eps": -0.02,
            "eps_growth_year": -100.71,
            "eps_4q": 0.05,
            "eps_4q_growth_year": -98.45,
            "roe": -0.08,
            "roe_4q": 0.23999999999999994,
            "gross_profit": 67111,
            "gross_margin": 56.47,
            "gross_margin_4q_avg": 56.41,
            "net_income": -1304,
            "net_income_4q": null,
            "revenue": 118837,
            "revenue_4q": null,
            "common_shares": 790524,
            "book_valuer_per_share": 19.86,
            "book_valuer_per_share_4q_avg": 20.12,
            "equity": 1570257,
            "current_ratio": 542.49,
            "debt_ratio": 10.96,
            "inventory_turnover_ratio": 1.15,
            "account_receivable_turnover_ratio": 1.94,
            "reinvestment_rate": 89.43,
            "research_to_sale_ratio": 38.93,
            "price_fair": 31.5,
            "eps_avg_yearly": 0.9,
            "eps_latest_yearly": 0.4,
            "eps_growth_yearly": 466.67
        },
        "20183": {
            "year_quarter": 20183,
            "year": 2018,
            "quarter": 3,
            "eps": -0.08,
            "eps_growth_year": null,
            "eps_4q": 0.05,
            "eps_4q_growth_year": -97.89,
            "roe": -0.4,
            "roe_4q": 0.25,
            "gross_profit": 58799,
            "gross_margin": 60.69,
            "gross_margin_4q_avg": 57.79,
            "net_income": -6254,
            "net_income_4q": null,
            "revenue": 96890,
            "revenue_4q": null,
            "common_shares": 790524,
            "book_valuer_per_share": 19.66,
            "book_valuer_per_share_4q_avg": 19.95,
            "equity": 1554190,
            "current_ratio": 834.81,
            "debt_ratio": 7.26,
            "inventory_turnover_ratio": 0.86,
            "account_receivable_turnover_ratio": 1.74,
            "reinvestment_rate": 113.53,
            "research_to_sale_ratio": 50.37,
            "price_fair": 38.27,
            "eps_avg_yearly": 1.09,
            "eps_latest_yearly": 0.4,
            "eps_growth_yearly": 222.22
        },
        "20184": {
            "year_quarter": 20184,
            "year": 2018,
            "quarter": 4,
            "eps": -0.48,
            "eps_growth_year": null,
            "eps_4q": -0.32,
            "eps_4q_growth_year": -114.12,
            "roe": -2.48,
            "roe_4q": -1.7,
            "gross_profit": 58187,
            "gross_margin": 48.83,
            "gross_margin_4q_avg": 55.74,
            "net_income": -38208,
            "net_income_4q": null,
            "revenue": 119159,
            "revenue_4q": null,
            "common_shares": 790524,
            "book_valuer_per_share": 19.27,
            "book_valuer_per_share_4q_avg": 19.77,
            "equity": 1523488,
            "current_ratio": 533.21,
            "debt_ratio": 9.06,
            "inventory_turnover_ratio": 1.41,
            "account_receivable_turnover_ratio": 1.87,
            "reinvestment_rate": 149.65,
            "research_to_sale_ratio": 43.02,
            "price_fair": 49,
            "eps_avg_yearly": 1.4,
            "eps_latest_yearly": 0.4,
            "eps_growth_yearly": 233.33
        },
        "20191": {
            "year_quarter": 20191,
            "year": 2019,
            "quarter": 1,
            "eps": -0.11,
            "eps_growth_year": -144,
            "eps_4q": -0.69,
            "eps_4q_growth_year": -123.94,
            "roe": -0.55,
            "roe_4q": -3.5100000000000002,
            "gross_profit": 50257,
            "gross_margin": 54.03,
            "gross_margin_4q_avg": 55.01,
            "net_income": -8407,
            "net_income_4q": null,
            "revenue": 93019,
            "revenue_4q": null,
            "common_shares": 790524,
            "book_valuer_per_share": 19.21,
            "book_valuer_per_share_4q_avg": 19.5,
            "equity": 1518801,
            "current_ratio": 579.6,
            "debt_ratio": 8.24,
            "inventory_turnover_ratio": 0.8,
            "account_receivable_turnover_ratio": 1.45,
            "reinvestment_rate": 128.77,
            "research_to_sale_ratio": 49.05,
            "price_fair": 49,
            "eps_avg_yearly": 1.4,
            "eps_latest_yearly": 0.4,
            "eps_growth_yearly": 233.33
        },
        "20192": {
            "year_quarter": 20192,
            "year": 2019,
            "quarter": 2,
            "eps": 0.08,
            "eps_growth_year": null,
            "eps_4q": -0.59,
            "eps_4q_growth_year": -1284.28,
            "roe": 0.42,
            "roe_4q": -3.01,
            "gross_profit": 57502,
            "gross_margin": 53.6,
            "gross_margin_4q_avg": 54.29,
            "net_income": 6350,
            "net_income_4q": null,
            "revenue": 107289,
            "revenue_4q": null,
            "common_shares": 790524,
            "book_valuer_per_share": 19.07,
            "book_valuer_per_share_4q_avg": 19.3,
            "equity": 1507858,
            "current_ratio": 578.94,
            "debt_ratio": 8.43,
            "inventory_turnover_ratio": 0.82,
            "account_receivable_turnover_ratio": 1.99,
            "reinvestment_rate": 98.15,
            "research_to_sale_ratio": 44.19,
            "price_fair": 49,
            "eps_avg_yearly": 1.4,
            "eps_latest_yearly": 0.4,
            "eps_growth_yearly": 233.33
        },
        "20193": {
            "year_quarter": 20193,
            "year": 2019,
            "quarter": 3,
            "eps": -0.58,
            "eps_growth_year": null,
            "eps_4q": -1.08,
            "eps_4q_growth_year": -2136.91,
            "roe": -3.06,
            "roe_4q": -5.67,
            "gross_profit": 46231,
            "gross_margin": 51.55,
            "gross_margin_4q_avg": 52,
            "net_income": -45449,
            "net_income_4q": null,
            "revenue": 89687,
            "revenue_4q": null,
            "common_shares": 790524,
            "book_valuer_per_share": 18.51,
            "book_valuer_per_share_4q_avg": 19.02,
            "equity": 1463627,
            "current_ratio": 542.38,
            "debt_ratio": 8.17,
            "inventory_turnover_ratio": 0.76,
            "account_receivable_turnover_ratio": 1.69,
            "reinvestment_rate": 183.68,
            "research_to_sale_ratio": 54.48,
            "price_fair": 49,
            "eps_avg_yearly": 1.4,
            "eps_latest_yearly": 0.4,
            "eps_growth_yearly": 233.33
        },
        "20194": {
            "year_quarter": 20194,
            "year": 2019,
            "quarter": 4,
            "eps": -0.01,
            "eps_growth_year": null,
            "eps_4q": -0.61,
            "eps_4q_growth_year": null,
            "roe": -0.03,
            "roe_4q": -3.2199999999999998,
            "gross_profit": 60933,
            "gross_margin": 54.14,
            "gross_margin_4q_avg": 53.33,
            "net_income": -430,
            "net_income_4q": null,
            "revenue": 112549,
            "revenue_4q": null,
            "common_shares": 790524,
            "book_valuer_per_share": 18.57,
            "book_valuer_per_share_4q_avg": 18.84,
            "equity": 1468323,
            "current_ratio": 552.98,
            "debt_ratio": 8,
            "inventory_turnover_ratio": 1,
            "account_receivable_turnover_ratio": 2.18,
            "reinvestment_rate": 128.19,
            "research_to_sale_ratio": 44.34,
            "price_fair": 49,
            "eps_avg_yearly": 1.4,
            "eps_latest_yearly": 0.4,
            "eps_growth_yearly": 233.33
        },
        "20201": {
            "year_quarter": 20201,
            "year": 2020,
            "quarter": 1,
            "eps": -0.13,
            "eps_growth_year": null,
            "eps_4q": -0.63,
            "eps_4q_growth_year": null,
            "roe": -0.69,
            "roe_4q": -3.3600000000000003,
            "gross_profit": 44579,
            "gross_margin": 52.15,
            "gross_margin_4q_avg": 52.86,
            "net_income": -10057,
            "net_income_4q": null,
            "revenue": 85475,
            "revenue_4q": null,
            "common_shares": 790344,
            "book_valuer_per_share": 18.21,
            "book_valuer_per_share_4q_avg": 18.59,
            "equity": 1439358,
            "current_ratio": 501.38,
            "debt_ratio": 8.71,
            "inventory_turnover_ratio": 0.83,
            "account_receivable_turnover_ratio": 1.87,
            "reinvestment_rate": 108.06,
            "research_to_sale_ratio": 52.26,
            "price_fair": 49,
            "eps_avg_yearly": 1.4,
            "eps_latest_yearly": 0.4,
            "eps_growth_yearly": 233.33
        },
        "20202": {
            "year_quarter": 20202,
            "year": 2020,
            "quarter": 2,
            "eps": 0.32,
            "eps_growth_year": 300,
            "eps_4q": -0.4,
            "eps_4q_growth_year": null,
            "roe": 1.73,
            "roe_4q": -2.05,
            "gross_profit": 77039,
            "gross_margin": 50.69,
            "gross_margin_4q_avg": 52.13,
            "net_income": 24951,
            "net_income_4q": null,
            "revenue": 151979,
            "revenue_4q": null,
            "common_shares": 790344,
            "book_valuer_per_share": 18.57,
            "book_valuer_per_share_4q_avg": 18.47,
            "equity": 1447613,
            "current_ratio": 483.56,
            "debt_ratio": 8.86,
            "inventory_turnover_ratio": 1.66,
            "account_receivable_turnover_ratio": 3.39,
            "reinvestment_rate": 117.27,
            "research_to_sale_ratio": 24.79,
            "price_fair": 49,
            "eps_avg_yearly": 1.4,
            "eps_latest_yearly": 0.4,
            "eps_growth_yearly": 233.33
        },
        "20203": {
            "year_quarter": 20203,
            "year": 2020,
            "quarter": 3,
            "eps": 1.07,
            "eps_growth_year": null,
            "eps_4q": 1.24,
            "eps_4q_growth_year": null,
            "roe": 5.59,
            "roe_4q": 6.6000000000000005,
            "gross_profit": 141954,
            "gross_margin": 50.93,
            "gross_margin_4q_avg": 51.98,
            "net_income": 83537,
            "net_income_4q": null,
            "revenue": 278724,
            "revenue_4q": null,
            "common_shares": 790144,
            "book_valuer_per_share": 19.68,
            "book_valuer_per_share_4q_avg": 18.76,
            "equity": 1539313,
            "current_ratio": 499.64,
            "debt_ratio": 9.5,
            "inventory_turnover_ratio": 2.61,
            "account_receivable_turnover_ratio": 4.26,
            "reinvestment_rate": 169.09,
            "research_to_sale_ratio": 15.57,
            "price_fair": 81.9,
            "eps_avg_yearly": 2.34,
            "eps_latest_yearly": 4.28,
            "eps_growth_yearly": 302.08
        },
        "20204": {
            "year_quarter": 20204,
            "year": 2020,
            "quarter": 4,
            "eps": 1.17,
            "eps_growth_year": null,
            "eps_4q": 2.41,
            "eps_4q_growth_year": null,
            "roe": 5.78,
            "roe_4q": 12.410000000000002,
            "gross_profit": 158220,
            "gross_margin": 51.68,
            "gross_margin_4q_avg": 51.36,
            "net_income": 91936,
            "net_income_4q": null,
            "revenue": 306180,
            "revenue_4q": null,
            "common_shares": 795889,
            "book_valuer_per_share": 20.9,
            "book_valuer_per_share_4q_avg": 19.34,
            "equity": 1642832,
            "current_ratio": 513.1,
            "debt_ratio": 9.95,
            "inventory_turnover_ratio": 2.16,
            "account_receivable_turnover_ratio": 3.49,
            "reinvestment_rate": 72.1,
            "research_to_sale_ratio": 14.2,
            "price_fair": 156.8,
            "eps_avg_yearly": 4.48,
            "eps_latest_yearly": 4.68,
            "eps_growth_yearly": 487.44
        },
        "20211": {
            "year_quarter": 20211,
            "year": 2021,
            "quarter": 1,
            "eps": 1.14,
            "eps_growth_year": null,
            "eps_4q": 3.68,
            "eps_4q_growth_year": null,
            "roe": 5.44,
            "roe_4q": 18.540000000000003,
            "gross_profit": 155671,
            "gross_margin": 47.82,
            "gross_margin_4q_avg": 50.28,
            "net_income": 89902,
            "net_income_4q": null,
            "revenue": 325559,
            "revenue_4q": null,
            "common_shares": 798676,
            "book_valuer_per_share": 21.11,
            "book_valuer_per_share_4q_avg": 20.07,
            "equity": 1663473,
            "current_ratio": 393.86,
            "debt_ratio": 12.89,
            "inventory_turnover_ratio": 1.93,
            "account_receivable_turnover_ratio": 2.89,
            "reinvestment_rate": 34.23,
            "research_to_sale_ratio": 13.26,
            "price_fair": 157.73,
            "eps_avg_yearly": 4.51,
            "eps_latest_yearly": 4.56,
            "eps_growth_yearly": 321.54
        },
        "20212": {
            "year_quarter": 20212,
            "year": 2021,
            "quarter": 2,
            "eps": 2.66,
            "eps_growth_year": 731.25,
            "eps_4q": 6.03,
            "eps_4q_growth_year": null,
            "roe": 11.86,
            "roe_4q": 28.67,
            "gross_profit": 283789,
            "gross_margin": 59.75,
            "gross_margin_4q_avg": 52.55,
            "net_income": 209817,
            "net_income_4q": null,
            "revenue": 474949,
            "revenue_4q": null,
            "common_shares": 798786,
            "book_valuer_per_share": 23.77,
            "book_valuer_per_share_4q_avg": 21.37,
            "equity": 1873336,
            "current_ratio": 509.06,
            "debt_ratio": 11.36,
            "inventory_turnover_ratio": 1.67,
            "account_receivable_turnover_ratio": 3.61,
            "reinvestment_rate": 25.29,
            "research_to_sale_ratio": 8.72,
            "price_fair": 211.4,
            "eps_avg_yearly": 6.04,
            "eps_latest_yearly": 10.64,
            "eps_growth_yearly": 374.49
        },
        "20213": {
            "year_quarter": 20213,
            "year": 2021,
            "quarter": 3,
            "eps": 2.23,
            "eps_growth_year": 108.41,
            "eps_4q": 7.2,
            "eps_4q_growth_year": 479.84,
            "roe": 8.96,
            "roe_4q": 32.04,
            "gross_profit": 251949,
            "gross_margin": 54.23,
            "gross_margin_4q_avg": 53.37,
            "net_income": 175696,
            "net_income_4q": null,
            "revenue": 464585,
            "revenue_4q": null,
            "common_shares": 798846,
            "book_valuer_per_share": 26,
            "book_valuer_per_share_4q_avg": 22.95,
            "equity": 2049083,
            "current_ratio": 826.51,
            "debt_ratio": 7.47,
            "inventory_turnover_ratio": 1.32,
            "account_receivable_turnover_ratio": 2.83,
            "reinvestment_rate": 26.32,
            "research_to_sale_ratio": 9.44,
            "price_fair": 231.56,
            "eps_avg_yearly": 6.62,
            "eps_latest_yearly": 8.92,
            "eps_growth_yearly": 286.66
        },
        "20214": {
            "year_quarter": 20214,
            "year": 2021,
            "quarter": 4,
            "eps": -0.3,
            "eps_growth_year": -125.4,
            "eps_4q": 5.82,
            "eps_4q_growth_year": 141.19,
            "roe": -1.17,
            "roe_4q": 25.09,
            "gross_profit": 77895,
            "gross_margin": 33.09,
            "gross_margin_4q_avg": 48.72,
            "net_income": -23007,
            "net_income_4q": null,
            "revenue": 235386,
            "revenue_4q": null,
            "common_shares": 798846,
            "book_valuer_per_share": 24.27,
            "book_valuer_per_share_4q_avg": 23.79,
            "equity": 1880168,
            "current_ratio": 433.33,
            "debt_ratio": 12.59,
            "inventory_turnover_ratio": 0.64,
            "account_receivable_turnover_ratio": 1.19,
            "reinvestment_rate": 24.85,
            "research_to_sale_ratio": 21.92,
            "price_fair": 231.56,
            "eps_avg_yearly": 6.62,
            "eps_latest_yearly": 8.92,
            "eps_growth_yearly": 286.66
        },
        "20221": {
            "year_quarter": 20221,
            "year": 2022,
            "quarter": 1,
            "eps": -0.05,
            "eps_growth_year": -104.39,
            "eps_4q": 4.63,
            "eps_4q_growth_year": 25.62,
            "roe": -0.19,
            "roe_4q": 19.46,
            "gross_profit": 54245,
            "gross_margin": 27.79,
            "gross_margin_4q_avg": 43.72,
            "net_income": -3589,
            "net_income_4q": null,
            "revenue": 195183,
            "revenue_4q": null,
            "common_shares": 786126,
            "book_valuer_per_share": 23.24,
            "book_valuer_per_share_4q_avg": 24.32,
            "equity": 1802490,
            "current_ratio": 513.81,
            "debt_ratio": 10.14,
            "inventory_turnover_ratio": 0.48,
            "account_receivable_turnover_ratio": 1.03,
            "reinvestment_rate": 29.75,
            "research_to_sale_ratio": 20.46,
            "price_fair": 231.56,
            "eps_avg_yearly": 6.62,
            "eps_latest_yearly": 8.92,
            "eps_growth_yearly": 286.66
        },
        "20222": {
            "year_quarter": 20222,
            "year": 2022,
            "quarter": 2,
            "eps": 0.08,
            "eps_growth_year": -96.99,
            "eps_4q": 2.01,
            "eps_4q_growth_year": -66.73,
            "roe": 0.36,
            "roe_4q": 7.960000000000001,
            "gross_profit": 66981,
            "gross_margin": 25.03,
            "gross_margin_4q_avg": 35.04,
            "net_income": 6483,
            "net_income_4q": null,
            "revenue": 267569,
            "revenue_4q": null,
            "common_shares": 786146,
            "book_valuer_per_share": 23.32,
            "book_valuer_per_share_4q_avg": 24.21,
            "equity": 1808364,
            "current_ratio": 503.41,
            "debt_ratio": 10.48,
            "inventory_turnover_ratio": 0.76,
            "account_receivable_turnover_ratio": 1.37,
            "reinvestment_rate": 26.77,
            "research_to_sale_ratio": 15.28,
            "price_fair": 231.56,
            "eps_avg_yearly": 6.62,
            "eps_latest_yearly": 8.92,
            "eps_growth_yearly": 286.66
        },
        "20223": {
            "year_quarter": 20223,
            "year": 2022,
            "quarter": 3,
            "eps": -1.25,
            "eps_growth_year": -156.05,
            "eps_4q": -1.51,
            "eps_4q_growth_year": -121.01,
            "roe": -5.52,
            "roe_4q": -6.52,
            "gross_profit": -26236,
            "gross_margin": -26.97,
            "gross_margin_4q_avg": 14.74,
            "net_income": -97183,
            "net_income_4q": null,
            "revenue": 97291,
            "revenue_4q": null,
            "common_shares": 786356,
            "book_valuer_per_share": 22.07,
            "book_valuer_per_share_4q_avg": 23.23,
            "equity": 1712033,
            "current_ratio": 562.22,
            "debt_ratio": 9.01,
            "inventory_turnover_ratio": 0.56,
            "account_receivable_turnover_ratio": 0.64,
            "reinvestment_rate": 18.23,
            "research_to_sale_ratio": 50.81,
            "price_fair": 231.56,
            "eps_avg_yearly": 6.62,
            "eps_latest_yearly": 8.92,
            "eps_growth_yearly": 286.66
        },
        "20224": {
            "year_quarter": 20224,
            "year": 2022,
            "quarter": 4,
            "eps": -0.42,
            "eps_growth_year": null,
            "eps_4q": -1.63,
            "eps_4q_growth_year": -128.04,
            "roe": -1.91,
            "roe_4q": -7.26,
            "gross_profit": 43171,
            "gross_margin": 26.08,
            "gross_margin_4q_avg": 12.98,
            "net_income": -32373,
            "net_income_4q": null,
            "revenue": 165501,
            "revenue_4q": null,
            "common_shares": 786356,
            "book_valuer_per_share": 21.69,
            "book_valuer_per_share_4q_avg": 22.58,
            "equity": 1682619,
            "current_ratio": 585.56,
            "debt_ratio": 8.38,
            "inventory_turnover_ratio": 0.68,
            "account_receivable_turnover_ratio": 1.78,
            "reinvestment_rate": 1.22,
            "research_to_sale_ratio": 25.98,
            "price_fair": 231.56,
            "eps_avg_yearly": 6.62,
            "eps_latest_yearly": 8.92,
            "eps_growth_yearly": 286.66
        },
        "20231": {
            "year_quarter": 20231,
            "year": 2023,
            "quarter": 1,
            "eps": -0.34,
            "eps_growth_year": null,
            "eps_4q": -1.93,
            "eps_4q_growth_year": -141.7,
            "roe": -1.61,
            "roe_4q": -8.68,
            "gross_profit": 38024,
            "gross_margin": 37.68,
            "gross_margin_4q_avg": 15.46,
            "net_income": -26673,
            "net_income_4q": null,
            "revenue": 100918,
            "revenue_4q": null,
            "common_shares": 786356,
            "book_valuer_per_share": 21.11,
            "book_valuer_per_share_4q_avg": 22.05,
            "equity": 1637363,
            "current_ratio": 664.24,
            "debt_ratio": 7.5,
            "inventory_turnover_ratio": 0.44,
            "account_receivable_turnover_ratio": 1.31,
            "reinvestment_rate": -11.32,
            "research_to_sale_ratio": 40.2,
            "price_fair": 231.56,
            "eps_avg_yearly": 6.62,
            "eps_latest_yearly": 8.92,
            "eps_growth_yearly": 286.66
        },
        "20232": {
            "year_quarter": 20232,
            "year": 2023,
            "quarter": 2,
            "eps": -0.26,
            "eps_growth_year": -425,
            "eps_4q": -2.27,
            "eps_4q_growth_year": -213.04,
            "roe": -1.21,
            "roe_4q": -10.25,
            "gross_profit": 36889,
            "gross_margin": 29.78,
            "gross_margin_4q_avg": 16.64,
            "net_income": -19706,
            "net_income_4q": null,
            "revenue": 123876,
            "revenue_4q": null,
            "common_shares": 786416,
            "book_valuer_per_share": 20.84,
            "book_valuer_per_share_4q_avg": 21.43,
            "equity": 1616717,
            "current_ratio": 683.87,
            "debt_ratio": 7.15,
            "inventory_turnover_ratio": 0.84,
            "account_receivable_turnover_ratio": 2.36,
            "reinvestment_rate": -4.93,
            "research_to_sale_ratio": 35.46,
            "price_fair": 231.56,
            "eps_avg_yearly": 6.62,
            "eps_latest_yearly": 8.92,
            "eps_growth_yearly": 286.66
        },
        "20233": {
            "year_quarter": 20233,
            "year": 2023,
            "quarter": 3,
            "eps": 0.18,
            "eps_growth_year": null,
            "eps_4q": -0.84,
            "eps_4q_growth_year": null,
            "roe": 0.84,
            "roe_4q": -3.8899999999999997,
            "gross_profit": 51822,
            "gross_margin": 57,
            "gross_margin_4q_avg": 37.64,
            "net_income": 13614,
            "net_income_4q": null,
            "revenue": 90921,
            "revenue_4q": null,
            "common_shares": 786416,
            "book_valuer_per_share": 21.06,
            "book_valuer_per_share_4q_avg": 21.18,
            "equity": 1633525,
            "current_ratio": 832.68,
            "debt_ratio": 5.95,
            "inventory_turnover_ratio": 0.53,
            "account_receivable_turnover_ratio": 2.06,
            "reinvestment_rate": -3.99,
            "research_to_sale_ratio": 48.08,
            "price_fair": 231.56,
            "eps_avg_yearly": 6.62,
            "eps_latest_yearly": 8.92,
            "eps_growth_yearly": 286.66
        }
    },
    "months": {
        "2003-04": {
            "month": "2003-04",
            "price": "107.56",
            "revenue": 53619
        },
        "2003-05": {
            "month": "2003-05",
            "price": "103.47",
            "revenue": 43697
        },
        "2003-06": {
            "month": "2003-06",
            "price": "91.92",
            "revenue": 39890
        },
        "2003-07": {
            "month": "2003-07",
            "price": "88.11",
            "revenue": 42431
        },
        "2003-08": {
            "month": "2003-08",
            "price": "87.98",
            "revenue": 40685
        },
        "2003-09": {
            "month": "2003-09",
            "price": "82.25",
            "revenue": 49509
        },
        "2003-10": {
            "month": "2003-10",
            "price": "56.05",
            "revenue": 71875
        },
        "2003-11": {
            "month": "2003-11",
            "price": "46.68",
            "revenue": 37925
        },
        "2003-12": {
            "month": "2003-12",
            "price": "44.76",
            "revenue": 34562
        },
        "2004-01": {
            "month": "2004-01",
            "price": "49.91",
            "revenue": 30673
        },
        "2004-02": {
            "month": "2004-02",
            "price": "53.16",
            "revenue": 62386
        },
        "2004-03": {
            "month": "2004-03",
            "price": "60.00",
            "revenue": 58484
        },
        "2004-04": {
            "month": "2004-04",
            "price": "53.74",
            "revenue": 47838
        },
        "2004-05": {
            "month": "2004-05",
            "price": "44.04",
            "revenue": 48940
        },
        "2004-06": {
            "month": "2004-06",
            "price": "46.33",
            "revenue": 48071
        },
        "2004-07": {
            "month": "2004-07",
            "price": "44.52",
            "revenue": 65777
        },
        "2004-08": {
            "month": "2004-08",
            "price": "43.38",
            "revenue": 62656
        },
        "2004-09": {
            "month": "2004-09",
            "price": "41.71",
            "revenue": 56287
        },
        "2004-10": {
            "month": "2004-10",
            "price": "31.31",
            "revenue": 52332
        },
        "2004-11": {
            "month": "2004-11",
            "price": "29.25",
            "revenue": 55027
        },
        "2004-12": {
            "month": "2004-12",
            "price": "33.32",
            "revenue": 80224
        },
        "2005-01": {
            "month": "2005-01",
            "price": "42.69",
            "revenue": 47929
        },
        "2005-02": {
            "month": "2005-02",
            "price": "46.54",
            "revenue": 33330
        },
        "2005-03": {
            "month": "2005-03",
            "price": "43.76",
            "revenue": 63835
        },
        "2005-04": {
            "month": "2005-04",
            "price": "42.71",
            "revenue": 67096
        },
        "2005-05": {
            "month": "2005-05",
            "price": "59.72",
            "revenue": 109066
        },
        "2005-06": {
            "month": "2005-06",
            "price": "68.65",
            "revenue": 53312
        },
        "2005-07": {
            "month": "2005-07",
            "price": "63.73",
            "revenue": 64645
        },
        "2005-08": {
            "month": "2005-08",
            "price": "58.09",
            "revenue": 62630
        },
        "2005-09": {
            "month": "2005-09",
            "price": "70.42",
            "revenue": 58383
        },
        "2005-10": {
            "month": "2005-10",
            "price": "71.62",
            "revenue": 75130
        },
        "2005-11": {
            "month": "2005-11",
            "price": "83.70",
            "revenue": 77785
        },
        "2005-12": {
            "month": "2005-12",
            "price": "93.47",
            "revenue": 70402
        },
        "2006-01": {
            "month": "2006-01",
            "price": "144.44",
            "revenue": 86120
        },
        "2006-02": {
            "month": "2006-02",
            "price": "158.71",
            "revenue": 62348
        },
        "2006-03": {
            "month": "2006-03",
            "price": "178.65",
            "revenue": 63063
        },
        "2006-04": {
            "month": "2006-04",
            "price": "169.58",
            "revenue": 66437
        },
        "2006-05": {
            "month": "2006-05",
            "price": "147.26",
            "revenue": 102386
        },
        "2006-06": {
            "month": "2006-06",
            "price": "129.15",
            "revenue": 70416
        },
        "2006-07": {
            "month": "2006-07",
            "price": "127.40",
            "revenue": 63168
        },
        "2006-08": {
            "month": "2006-08",
            "price": "142.72",
            "revenue": 77447
        },
        "2006-09": {
            "month": "2006-09",
            "price": "177.69",
            "revenue": 73641
        },
        "2006-10": {
            "month": "2006-10",
            "price": "169.92",
            "revenue": 96303
        },
        "2006-11": {
            "month": "2006-11",
            "price": "193.50",
            "revenue": 86956
        },
        "2006-12": {
            "month": "2006-12",
            "price": "202.86",
            "revenue": 67397
        },
        "2007-01": {
            "month": "2007-01",
            "price": "214.66",
            "revenue": 60486
        },
        "2007-02": {
            "month": "2007-02",
            "price": "179.46",
            "revenue": 48959
        },
        "2007-03": {
            "month": "2007-03",
            "price": "196.17",
            "revenue": 73664
        },
        "2007-04": {
            "month": "2007-04",
            "price": "221.90",
            "revenue": 62504
        },
        "2007-05": {
            "month": "2007-05",
            "price": "216.39",
            "revenue": 62840
        },
        "2007-06": {
            "month": "2007-06",
            "price": "256.40",
            "revenue": 68489
        },
        "2007-07": {
            "month": "2007-07",
            "price": "267.36",
            "revenue": 80354
        },
        "2007-08": {
            "month": "2007-08",
            "price": "192.72",
            "revenue": 91347
        },
        "2007-09": {
            "month": "2007-09",
            "price": "197.83",
            "revenue": 93053
        },
        "2007-10": {
            "month": "2007-10",
            "price": "168.00",
            "revenue": 73431
        },
        "2007-11": {
            "month": "2007-11",
            "price": "128.93",
            "revenue": 71687
        },
        "2007-12": {
            "month": "2007-12",
            "price": "114.60",
            "revenue": 50794
        },
        "2008-01": {
            "month": "2008-01",
            "price": "104.51",
            "revenue": 78247
        },
        "2008-02": {
            "month": "2008-02",
            "price": "89.69",
            "revenue": 45406
        },
        "2008-03": {
            "month": "2008-03",
            "price": "94.04",
            "revenue": 58163
        },
        "2008-04": {
            "month": "2008-04",
            "price": "99.45",
            "revenue": 61170
        },
        "2008-05": {
            "month": "2008-05",
            "price": "109.42",
            "revenue": 61781
        },
        "2008-06": {
            "month": "2008-06",
            "price": "87.42",
            "revenue": 49534
        },
        "2008-07": {
            "month": "2008-07",
            "price": "73.40",
            "revenue": 56406
        },
        "2008-08": {
            "month": "2008-08",
            "price": "74.38",
            "revenue": 64573
        },
        "2008-09": {
            "month": "2008-09",
            "price": "52.48",
            "revenue": 64597
        },
        "2008-10": {
            "month": "2008-10",
            "price": "49.47",
            "revenue": 81732
        },
        "2008-11": {
            "month": "2008-11",
            "price": "37.52",
            "revenue": 44316
        },
        "2008-12": {
            "month": "2008-12",
            "price": "35.20",
            "revenue": 38780
        },
        "2009-01": {
            "month": "2009-01",
            "price": "41.49",
            "revenue": 33490
        },
        "2009-02": {
            "month": "2009-02",
            "price": "40.52",
            "revenue": 50632
        },
        "2009-03": {
            "month": "2009-03",
            "price": "45.63",
            "revenue": 53226
        },
        "2009-04": {
            "month": "2009-04",
            "price": "55.84",
            "revenue": 58635
        },
        "2009-05": {
            "month": "2009-05",
            "price": "70.76",
            "revenue": 46327
        },
        "2009-06": {
            "month": "2009-06",
            "price": "70.58",
            "revenue": 45412
        },
        "2009-07": {
            "month": "2009-07",
            "price": "70.83",
            "revenue": 48695
        },
        "2009-08": {
            "month": "2009-08",
            "price": "64.49",
            "revenue": 66775
        },
        "2009-09": {
            "month": "2009-09",
            "price": "60.37",
            "revenue": 60813
        },
        "2009-10": {
            "month": "2009-10",
            "price": "59.15",
            "revenue": 57091
        },
        "2009-11": {
            "month": "2009-11",
            "price": "59.48",
            "revenue": 55266
        },
        "2009-12": {
            "month": "2009-12",
            "price": "70.95",
            "revenue": 52768
        },
        "2010-01": {
            "month": "2010-01",
            "price": "71.26",
            "revenue": 57636
        },
        "2010-02": {
            "month": "2010-02",
            "price": "59.86",
            "revenue": 43041
        },
        "2010-03": {
            "month": "2010-03",
            "price": "65.57",
            "revenue": 60077
        },
        "2010-04": {
            "month": "2010-04",
            "price": "68.62",
            "revenue": 51187
        },
        "2010-05": {
            "month": "2010-05",
            "price": "54.94",
            "revenue": 51967
        },
        "2010-06": {
            "month": "2010-06",
            "price": "53.10",
            "revenue": 90956
        },
        "2010-07": {
            "month": "2010-07",
            "price": "55.77",
            "revenue": 48901
        },
        "2010-08": {
            "month": "2010-08",
            "price": "54.49",
            "revenue": 33039
        },
        "2010-09": {
            "month": "2010-09",
            "price": "52.92",
            "revenue": 55846
        },
        "2010-10": {
            "month": "2010-10",
            "price": "49.42",
            "revenue": 37255
        },
        "2010-11": {
            "month": "2010-11",
            "price": "43.82",
            "revenue": 41219
        },
        "2010-12": {
            "month": "2010-12",
            "price": "46.96",
            "revenue": 36327
        },
        "2011-01": {
            "month": "2011-01",
            "price": "42.95",
            "revenue": 34957
        },
        "2011-02": {
            "month": "2011-02",
            "price": "39.59",
            "revenue": 24722
        },
        "2011-03": {
            "month": "2011-03",
            "price": "34.52",
            "revenue": 29962
        },
        "2011-04": {
            "month": "2011-04",
            "price": "32.03",
            "revenue": 31196
        },
        "2011-05": {
            "month": "2011-05",
            "price": "37.15",
            "revenue": 45191
        },
        "2011-06": {
            "month": "2011-06",
            "price": "38.33",
            "revenue": 25075
        },
        "2011-07": {
            "month": "2011-07",
            "price": "32.89",
            "revenue": 28269
        },
        "2011-08": {
            "month": "2011-08",
            "price": "27.14",
            "revenue": 29911
        },
        "2011-09": {
            "month": "2011-09",
            "price": "24.19",
            "revenue": 34962
        },
        "2011-10": {
            "month": "2011-10",
            "price": "24.23",
            "revenue": 23227
        },
        "2011-11": {
            "month": "2011-11",
            "price": "23.86",
            "revenue": 30574
        },
        "2011-12": {
            "month": "2011-12",
            "price": "17.57",
            "revenue": 35356
        },
        "2012-01": {
            "month": "2012-01",
            "price": "18.09",
            "revenue": 23453
        },
        "2012-02": {
            "month": "2012-02",
            "price": "23.60",
            "revenue": 29618
        },
        "2012-03": {
            "month": "2012-03",
            "price": "23.57",
            "revenue": 33701
        },
        "2012-04": {
            "month": "2012-04",
            "price": "19.38",
            "revenue": 27901
        },
        "2012-05": {
            "month": "2012-05",
            "price": "18.88",
            "revenue": 29766
        },
        "2012-06": {
            "month": "2012-06",
            "price": "18.27",
            "revenue": 30844
        },
        "2012-07": {
            "month": "2012-07",
            "price": "18.89",
            "revenue": 28365
        },
        "2012-08": {
            "month": "2012-08",
            "price": "18.83",
            "revenue": 28957
        },
        "2012-09": {
            "month": "2012-09",
            "price": "20.53",
            "revenue": 35435
        },
        "2012-10": {
            "month": "2012-10",
            "price": "18.67",
            "revenue": 32537
        },
        "2012-11": {
            "month": "2012-11",
            "price": "18.02",
            "revenue": 24010
        },
        "2012-12": {
            "month": "2012-12",
            "price": "17.76",
            "revenue": 28512
        },
        "2013-01": {
            "month": "2013-01",
            "price": "17.44",
            "revenue": 31169
        },
        "2013-02": {
            "month": "2013-02",
            "price": "17.79",
            "revenue": 20490
        },
        "2013-03": {
            "month": "2013-03",
            "price": "18.85",
            "revenue": 36262
        },
        "2013-04": {
            "month": "2013-04",
            "price": "18.38",
            "revenue": 40970
        },
        "2013-05": {
            "month": "2013-05",
            "price": "20.79",
            "revenue": 39834
        },
        "2013-06": {
            "month": "2013-06",
            "price": "19.46",
            "revenue": 46236
        },
        "2013-07": {
            "month": "2013-07",
            "price": "19.73",
            "revenue": 30660
        },
        "2013-08": {
            "month": "2013-08",
            "price": "21.89",
            "revenue": 31048
        },
        "2013-09": {
            "month": "2013-09",
            "price": "20.41",
            "revenue": 26249
        },
        "2013-10": {
            "month": "2013-10",
            "price": "20.55",
            "revenue": 28010
        },
        "2013-11": {
            "month": "2013-11",
            "price": "19.27",
            "revenue": 27581
        },
        "2013-12": {
            "month": "2013-12",
            "price": "21.86",
            "revenue": 25940
        },
        "2014-01": {
            "month": "2014-01",
            "price": "23.27",
            "revenue": 27547
        },
        "2014-02": {
            "month": "2014-02",
            "price": "21.47",
            "revenue": 28559
        },
        "2014-03": {
            "month": "2014-03",
            "price": "22.32",
            "revenue": 25787
        },
        "2014-04": {
            "month": "2014-04",
            "price": "22.12",
            "revenue": 31678
        },
        "2014-05": {
            "month": "2014-05",
            "price": "21.90",
            "revenue": 27300
        },
        "2014-06": {
            "month": "2014-06",
            "price": "22.80",
            "revenue": 31036
        },
        "2014-07": {
            "month": "2014-07",
            "price": "22.49",
            "revenue": 31501
        },
        "2014-08": {
            "month": "2014-08",
            "price": "21.31",
            "revenue": 31002
        },
        "2014-09": {
            "month": "2014-09",
            "price": "20.30",
            "revenue": 33551
        },
        "2014-10": {
            "month": "2014-10",
            "price": "20.70",
            "revenue": 30290
        },
        "2014-11": {
            "month": "2014-11",
            "price": "20.13",
            "revenue": 31828
        },
        "2014-12": {
            "month": "2014-12",
            "price": "20.38",
            "revenue": 31566
        },
        "2015-01": {
            "month": "2015-01",
            "price": "20.43",
            "revenue": 33539
        },
        "2015-02": {
            "month": "2015-02",
            "price": "20.37",
            "revenue": 23907
        },
        "2015-03": {
            "month": "2015-03",
            "price": "20.29",
            "revenue": 31769
        },
        "2015-04": {
            "month": "2015-04",
            "price": "20.36",
            "revenue": 31532
        },
        "2015-05": {
            "month": "2015-05",
            "price": "19.23",
            "revenue": 23597
        },
        "2015-06": {
            "month": "2015-06",
            "price": "23.17",
            "revenue": 31889
        },
        "2015-07": {
            "month": "2015-07",
            "price": "24.51",
            "revenue": 26898
        },
        "2015-08": {
            "month": "2015-08",
            "price": "20.71",
            "revenue": 31234
        },
        "2015-09": {
            "month": "2015-09",
            "price": "22.18",
            "revenue": 29825
        },
        "2015-10": {
            "month": "2015-10",
            "price": "24.16",
            "revenue": 35556
        },
        "2015-11": {
            "month": "2015-11",
            "price": "30.93",
            "revenue": 32888
        },
        "2015-12": {
            "month": "2015-12",
            "price": "35.52",
            "revenue": 31970
        },
        "2016-01": {
            "month": "2016-01",
            "price": "32.81",
            "revenue": 28151
        },
        "2016-02": {
            "month": "2016-02",
            "price": "34.36",
            "revenue": 21330
        },
        "2016-03": {
            "month": "2016-03",
            "price": "36.44",
            "revenue": 31280
        },
        "2016-04": {
            "month": "2016-04",
            "price": "34.28",
            "revenue": 32685
        },
        "2016-05": {
            "month": "2016-05",
            "price": "28.73",
            "revenue": 31861
        },
        "2016-06": {
            "month": "2016-06",
            "price": "27.93",
            "revenue": 37763
        },
        "2016-07": {
            "month": "2016-07",
            "price": "30.21",
            "revenue": 37042
        },
        "2016-08": {
            "month": "2016-08",
            "price": "30.43",
            "revenue": 40971
        },
        "2016-09": {
            "month": "2016-09",
            "price": "29.55",
            "revenue": 36583
        },
        "2016-10": {
            "month": "2016-10",
            "price": "28.37",
            "revenue": 32948
        },
        "2016-11": {
            "month": "2016-11",
            "price": "25.53",
            "revenue": 34001
        },
        "2016-12": {
            "month": "2016-12",
            "price": "26.28",
            "revenue": 35241
        },
        "2017-01": {
            "month": "2017-01",
            "price": "27.15",
            "revenue": 20422
        },
        "2017-02": {
            "month": "2017-02",
            "price": "26.89",
            "revenue": 22212
        },
        "2017-03": {
            "month": "2017-03",
            "price": "26.40",
            "revenue": 32612
        },
        "2017-04": {
            "month": "2017-04",
            "price": "23.21",
            "revenue": 24037
        },
        "2017-05": {
            "month": "2017-05",
            "price": "20.28",
            "revenue": 29932
        },
        "2017-06": {
            "month": "2017-06",
            "price": "22.58",
            "revenue": 31202
        },
        "2017-07": {
            "month": "2017-07",
            "price": "23.00",
            "revenue": 31130
        },
        "2017-08": {
            "month": "2017-08",
            "price": "23.48",
            "revenue": 27226
        },
        "2017-09": {
            "month": "2017-09",
            "price": "23.51",
            "revenue": 32940
        },
        "2017-10": {
            "month": "2017-10",
            "price": "23.56",
            "revenue": 34057
        },
        "2017-11": {
            "month": "2017-11",
            "price": "27.20",
            "revenue": 34473
        },
        "2017-12": {
            "month": "2017-12",
            "price": "24.43",
            "revenue": 47533
        },
        "2018-01": {
            "month": "2018-01",
            "price": "26.35",
            "revenue": 51722
        },
        "2018-02": {
            "month": "2018-02",
            "price": "29.67",
            "revenue": 46487
        },
        "2018-03": {
            "month": "2018-03",
            "price": "35.08",
            "revenue": 49433
        },
        "2018-04": {
            "month": "2018-04",
            "price": "29.69",
            "revenue": 43774
        },
        "2018-05": {
            "month": "2018-05",
            "price": "30.02",
            "revenue": 38329
        },
        "2018-06": {
            "month": "2018-06",
            "price": "31.36",
            "revenue": 36734
        },
        "2018-07": {
            "month": "2018-07",
            "price": "27.45",
            "revenue": 31302
        },
        "2018-08": {
            "month": "2018-08",
            "price": "25.45",
            "revenue": 34384
        },
        "2018-09": {
            "month": "2018-09",
            "price": "22.83",
            "revenue": 31205
        },
        "2018-10": {
            "month": "2018-10",
            "price": "17.96",
            "revenue": 35954
        },
        "2018-11": {
            "month": "2018-11",
            "price": "17.20",
            "revenue": 40511
        },
        "2018-12": {
            "month": "2018-12",
            "price": "18.24",
            "revenue": 42694
        },
        "2019-01": {
            "month": "2019-01",
            "price": "17.86",
            "revenue": 34705
        },
        "2019-02": {
            "month": "2019-02",
            "price": "18.84",
            "revenue": 18981
        },
        "2019-03": {
            "month": "2019-03",
            "price": "18.29",
            "revenue": 39333
        },
        "2019-04": {
            "month": "2019-04",
            "price": "17.94",
            "revenue": 35809
        },
        "2019-05": {
            "month": "2019-05",
            "price": "16.68",
            "revenue": 36834
        },
        "2019-06": {
            "month": "2019-06",
            "price": "16.62",
            "revenue": 34646
        },
        "2019-07": {
            "month": "2019-07",
            "price": "17.42",
            "revenue": 28354
        },
        "2019-08": {
            "month": "2019-08",
            "price": "17.06",
            "revenue": 25590
        },
        "2019-09": {
            "month": "2019-09",
            "price": "17.20",
            "revenue": 35742
        },
        "2019-10": {
            "month": "2019-10",
            "price": "17.63",
            "revenue": 35535
        },
        "2019-11": {
            "month": "2019-11",
            "price": "17.12",
            "revenue": 37688
        },
        "2019-12": {
            "month": "2019-12",
            "price": "16.75",
            "revenue": 39327
        },
        "2020-01": {
            "month": "2020-01",
            "price": "17.01",
            "revenue": 28228
        },
        "2020-02": {
            "month": "2020-02",
            "price": "16.03",
            "revenue": 21599
        },
        "2020-03": {
            "month": "2020-03",
            "price": "12.04",
            "revenue": 35648
        },
        "2020-04": {
            "month": "2020-04",
            "price": "12.48",
            "revenue": 39857
        },
        "2020-05": {
            "month": "2020-05",
            "price": "18.58",
            "revenue": 51214
        },
        "2020-06": {
            "month": "2020-06",
            "price": "29.78",
            "revenue": 60908
        },
        "2020-07": {
            "month": "2020-07",
            "price": "29.91",
            "revenue": 77662
        },
        "2020-08": {
            "month": "2020-08",
            "price": "35.18",
            "revenue": 92817
        },
        "2020-09": {
            "month": "2020-09",
            "price": "45.05",
            "revenue": 108245
        },
        "2020-10": {
            "month": "2020-10",
            "price": "41.97",
            "revenue": 109418
        },
        "2020-11": {
            "month": "2020-11",
            "price": "43.06",
            "revenue": 113058
        },
        "2020-12": {
            "month": "2020-12",
            "price": "56.18",
            "revenue": 83704
        },
        "2021-01": {
            "month": "2021-01",
            "price": "86.66",
            "revenue": 104986
        },
        "2021-02": {
            "month": "2021-02",
            "price": "88.07",
            "revenue": 83437
        },
        "2021-03": {
            "month": "2021-03",
            "price": "97.70",
            "revenue": 137136
        },
        "2021-04": {
            "month": "2021-04",
            "price": "149.95",
            "revenue": 146429
        },
        "2021-05": {
            "month": "2021-05",
            "price": "110.01",
            "revenue": 156821
        },
        "2021-06": {
            "month": "2021-06",
            "price": "128.62",
            "revenue": 171699
        },
        "2021-07": {
            "month": "2021-07",
            "price": "147.23",
            "revenue": 180855
        },
        "2021-08": {
            "month": "2021-08",
            "price": "122.25",
            "revenue": 200569
        },
        "2021-09": {
            "month": "2021-09",
            "price": "101.78",
            "revenue": 83161
        },
        "2021-10": {
            "month": "2021-10",
            "price": "83.16",
            "revenue": 86282
        },
        "2021-11": {
            "month": "2021-11",
            "price": "111.39",
            "revenue": 75126
        },
        "2021-12": {
            "month": "2021-12",
            "price": "101.04",
            "revenue": 73978
        },
        "2022-01": {
            "month": "2022-01",
            "price": "86.79",
            "revenue": 63136
        },
        "2022-02": {
            "month": "2022-02",
            "price": "80.78",
            "revenue": 53246
        },
        "2022-03": {
            "month": "2022-03",
            "price": "74.19",
            "revenue": 78801
        },
        "2022-04": {
            "month": "2022-04",
            "price": "64.46",
            "revenue": 83602
        },
        "2022-05": {
            "month": "2022-05",
            "price": "54.98",
            "revenue": 87818
        },
        "2022-06": {
            "month": "2022-06",
            "price": "52.60",
            "revenue": 96149
        },
        "2022-07": {
            "month": "2022-07",
            "price": "46.98",
            "revenue": 34200
        },
        "2022-08": {
            "month": "2022-08",
            "price": "54.97",
            "revenue": 28952
        },
        "2022-09": {
            "month": "2022-09",
            "price": "47.08",
            "revenue": 34139
        },
        "2022-10": {
            "month": "2022-10",
            "price": "41.64",
            "revenue": 50040
        },
        "2022-11": {
            "month": "2022-11",
            "price": "43.36",
            "revenue": 55027
        },
        "2022-12": {
            "month": "2022-12",
            "price": "47.04",
            "revenue": 60434
        },
        "2023-01": {
            "month": "2023-01",
            "price": "46.20",
            "revenue": 31546
        },
        "2023-02": {
            "month": "2023-02",
            "price": "49.37",
            "revenue": 26728
        },
        "2023-03": {
            "month": "2023-03",
            "price": "47.56",
            "revenue": 42644
        },
        "2023-04": {
            "month": "2023-04",
            "price": "47.88",
            "revenue": 43771
        },
        "2023-05": {
            "month": "2023-05",
            "price": "42.63",
            "revenue": 43471
        },
        "2023-06": {
            "month": "2023-06",
            "price": "42.60",
            "revenue": 36634
        },
        "2023-07": {
            "month": "2023-07",
            "price": "40.25",
            "revenue": 25667
        },
        "2023-08": {
            "month": "2023-08",
            "price": "36.49",
            "revenue": 28793
        },
        "2023-09": {
            "month": "2023-09",
            "price": "37.88",
            "revenue": 36461
        },
        "2023-10": {
            "month": "2023-10",
            "price": "44.95",
            "revenue": 30916
        },
        "2023-11": {
            "month": "2023-11",
            "price": "52.88",
            "revenue": 31959
        }
    }
}
