{
    "summary": {
        "stock_name": "勝麗",
        "stock_id": "6238",
        "category": "其他電子",
        "main_business": "IC Packaging &amp; Final Test",
        "website_url": "",
        "ceo": "劉福洲",
        "pe_ratio": 43,
        "report_year_from": 2001,
        "report_year_to": 2020,
        "age": 22,
        "eps_negative_percentage": 35,
        "eps_growth_avg": {
            "last_all": -25.63,
            "last_2y": -35.13,
            "last_4y": -22.57,
            "last_8y": 1.56,
            "last_12y": -17.92,
            "last_16y": -17.92,
            "last_20y": null,
            "at_2006_last_3y": -100,
            "at_2007_last_3y": null,
            "at_2008_last_3y": null,
            "at_2009_last_3y": null,
            "at_2010_last_3y": -91.62,
            "at_2011_last_3y": -95.81,
            "at_2012_last_3y": -95.81,
            "at_2013_last_3y": -30.54,
            "at_2014_last_3y": -24.89,
            "at_2015_last_3y": 41.78,
            "at_2016_last_3y": 31.65,
            "at_2017_last_3y": 4.47,
            "at_2018_last_3y": 26.21,
            "at_2019_last_3y": -10.53,
            "at_2020_last_3y": -28.53,
            "at_2021_last_3y": -28.53,
            "at_2022_last_3y": -28.53,
            "at_2023_last_3y": -28.53,
            "at_2006_last_all": -64.2,
            "at_2007_last_all": -64.2,
            "at_2008_last_all": -64.2,
            "at_2009_last_all": -64.2,
            "at_2010_last_all": -73.34,
            "at_2011_last_all": -80,
            "at_2012_last_all": -80,
            "at_2013_last_all": -44,
            "at_2014_last_all": -49.11,
            "at_2015_last_all": -27.81,
            "at_2016_last_all": -24.18,
            "at_2017_last_all": -22.46,
            "at_2018_last_all": -18.99,
            "at_2019_last_all": -21.53,
            "at_2020_last_all": -25.63,
            "at_2021_last_all": -25.63,
            "at_2022_last_all": -25.63,
            "at_2023_last_all": -25.63
        },
        "latest_eps": 4.22,
        "latest_price": 179.5,
        "latest_roe": 12.03,
        "latest_gross_margin": 29.92,
        "latest_equity": 2265810,
        "latest_revenue": 634850,
        "latest_gross_profit": 189945,
        "latest_net_income": 88629,
        "latest_debt_ratio": 28.93,
        "latest_current_ratio": 212.39,
        "latest_account_receivable_turnover_ratio": 1.46,
        "latest_inventory_turnover_ratio": 2.31,
        "latest_reinvestment_rate": 14.83,
        "latest_research_to_sale_ratio": 2.39
    },
    "eps_dividends": {
        "2001": {
            "cash": 0,
            "stock": 1,
            "eps": 0.81
        },
        "2002": {
            "cash": 0,
            "stock": 1,
            "eps": 0.58
        },
        "2003": {
            "cash": 0.45,
            "stock": 0.55,
            "eps": -1.09
        },
        "2004": {
            "cash": 0,
            "stock": 0,
            "eps": -2.3
        },
        "2005": {
            "cash": 0,
            "stock": 0,
            "eps": -6.56
        },
        "2006": {
            "cash": 0,
            "stock": 0,
            "eps": -5.87
        },
        "2007": {
            "cash": 0,
            "stock": 0,
            "eps": -3.8
        },
        "2008": {
            "cash": 0,
            "stock": 0,
            "eps": -1.24
        },
        "2009": {
            "cash": 0,
            "stock": 0,
            "eps": 1.91
        },
        "2010": {
            "cash": 0,
            "stock": 0,
            "eps": 0.16
        },
        "2011": {
            "cash": 0,
            "stock": 0,
            "eps": -1.46
        },
        "2012": {
            "cash": 0,
            "stock": 0,
            "eps": 0.66
        },
        "2013": {
            "cash": 0,
            "stock": 0,
            "eps": 4.54
        },
        "2014": {
            "cash": 0,
            "stock": 0,
            "eps": 1.15
        },
        "2015": {
            "cash": 0,
            "stock": 0,
            "eps": 9.5
        },
        "2016": {
            "cash": 6,
            "stock": 0.8,
            "eps": 9.62
        },
        "2017": {
            "cash": 7.6,
            "stock": 0,
            "eps": 8.78
        },
        "2018": {
            "cash": 8,
            "stock": 0,
            "eps": 9.86
        },
        "2019": {
            "cash": 8.25,
            "stock": 0,
            "eps": 5.23
        },
        "2020": {
            "cash": 3.07,
            "stock": 0,
            "eps": 1.53
        }
    },
    "dividends": {
        "2001-06-07": {
            "cash": 0,
            "stock": 1
        },
        "2002-07-31": {
            "cash": 0,
            "stock": 1
        },
        "2003-06-24": {
            "cash": 0.45,
            "stock": 0.55
        },
        "2016-08-30": {
            "cash": 6,
            "stock": 0.8
        },
        "2017-08-04": {
            "cash": 7.6,
            "stock": 0
        },
        "2018-09-14": {
            "cash": 8,
            "stock": 0
        },
        "2019-08-16": {
            "cash": 8.25,
            "stock": 0
        },
        "2020-03-31": {
            "cash": 3.07,
            "stock": 0
        }
    },
    "prices": {
        "200101": "無",
        "200102": "無",
        "200103": "無",
        "200104": "無",
        "200105": "無",
        "200106": "無",
        "200107": "無",
        "200108": "無",
        "200109": "無",
        "200110": "無",
        "200111": "無",
        "200112": "無",
        "200201": "無",
        "200202": "無",
        "200203": "無",
        "200204": "無",
        "200205": "無",
        "200206": "無",
        "200207": "無",
        "200208": "無",
        "200209": "無",
        "200210": "無",
        "200211": "無",
        "200212": "無",
        "200301": "無",
        "200302": "無",
        "200303": "13.75",
        "200304": "11.43",
        "200305": "11.18",
        "200306": "13.44",
        "200307": "12.10",
        "200308": "11.98",
        "200309": "10.20",
        "200310": "9.95",
        "200311": "9.56",
        "200312": "9.39",
        "200401": "9.42",
        "200402": "10.02",
        "200403": "11.28",
        "200404": "10.71",
        "200405": "8.43",
        "200406": "7.31",
        "200407": "5.88",
        "200408": "6.25",
        "200409": "5.29",
        "200410": "4.37",
        "200411": "3.66",
        "200412": "3.26",
        "200501": "3.34",
        "200502": "3.20",
        "200503": "3.22",
        "200504": "3.08",
        "200505": "3.13",
        "200506": "3.81",
        "200507": "4.77",
        "200508": "4.10",
        "200509": "3.48",
        "200510": "2.99",
        "200511": "2.68",
        "200512": "2.85",
        "200601": "3.09",
        "200602": "2.93",
        "200603": "2.71",
        "200604": "4.93",
        "200605": "3.81",
        "200606": "2.29",
        "200607": "2.43",
        "200608": "1.91",
        "200609": "2.01",
        "200610": "1.93",
        "200611": "1.34",
        "200612": "1.60",
        "200701": "1.94",
        "200702": "1.76",
        "200703": "4.28",
        "200704": "4.85",
        "200705": "6.06",
        "200706": "5.24",
        "200707": "5.05",
        "200708": "3.88",
        "200709": "3.33",
        "200710": "3.47",
        "200711": "3.02",
        "200712": "2.61",
        "200801": "3.23",
        "200802": "2.72",
        "200803": "2.58",
        "200804": "2.32",
        "200805": "2.49",
        "200806": "2.08",
        "200807": "1.80",
        "200808": "1.87",
        "200809": "1.42",
        "200810": "1.01",
        "200811": "0.69",
        "200812": "1.95",
        "200901": "2.11",
        "200902": "2.01",
        "200903": "1.93",
        "200904": "2.26",
        "200905": "2.88",
        "200906": "3.61",
        "200907": "3.42",
        "200908": "5.96",
        "200909": "9.09",
        "200910": "8.81",
        "200911": "11.52",
        "200912": "12.61",
        "201001": "12.29",
        "201002": "11.77",
        "201003": "11.90",
        "201004": "20.08",
        "201005": "15.77",
        "201006": "14.92",
        "201007": "14.77",
        "201008": "11.41",
        "201009": "10.79",
        "201010": "10.32",
        "201011": "13.06",
        "201012": "13.05",
        "201101": "11.79",
        "201102": "13.12",
        "201103": "13.52",
        "201104": "10.05",
        "201105": "10.15",
        "201106": "無",
        "201107": "12.17",
        "201108": "10.52",
        "201109": "9.44",
        "201110": "無",
        "201111": "無",
        "201112": "7.99",
        "201201": "6.85",
        "201202": "無",
        "201203": "5.29",
        "201204": "2.96",
        "201205": "2.90",
        "201206": "無",
        "201207": "無",
        "201208": "無",
        "201209": "3.41",
        "201210": "3.80",
        "201211": "4.43",
        "201212": "無",
        "201301": "5.40",
        "201302": "無",
        "201303": "5.19",
        "201304": "6.14",
        "201305": "8.40",
        "201306": "10.27",
        "201307": "9.19",
        "201308": "12.49",
        "201309": "12.17",
        "201310": "11.42",
        "201311": "14.97",
        "201312": "13.39",
        "201401": "17.02",
        "201402": "17.30",
        "201403": "18.39",
        "201404": "21.71",
        "201405": "28.56",
        "201406": "30.24",
        "201407": "28.51",
        "201408": "24.64",
        "201409": "28.12",
        "201410": "25.98",
        "201411": "28.91",
        "201412": "34.94",
        "201501": "43.37",
        "201502": "43.94",
        "201503": "48.09",
        "201504": "50.96",
        "201505": "62.10",
        "201506": "69.37",
        "201507": "66.13",
        "201508": "59.89",
        "201509": "76.00",
        "201510": "134.43",
        "201511": "159.76",
        "201512": "169.20",
        "201601": "188.02",
        "201602": "248.27",
        "201603": "324.07",
        "201604": "363.32",
        "201605": "289.57",
        "201606": "302.71",
        "201607": "303.48",
        "201608": "252.87",
        "201609": "204.79",
        "201610": "176.50",
        "201611": "168.34",
        "201612": "184.50",
        "201701": "212.94",
        "201702": "224.33",
        "201703": "201.07",
        "201704": "169.58",
        "201705": "180.95",
        "201706": "194.93",
        "201707": "196.14",
        "201708": "210.07",
        "201709": "262.95",
        "201710": "278.71",
        "201711": "248.41",
        "201712": "261.38",
        "201801": "266.64",
        "201802": "261.38",
        "201803": "244.52",
        "201804": "227.31",
        "201805": "213.39",
        "201806": "208.78",
        "201807": "188.36",
        "201808": "172.48",
        "201809": "149.21",
        "201810": "131.91",
        "201811": "132.70",
        "201812": "153.02",
        "201901": "176.14",
        "201902": "189.73",
        "201903": "188.42",
        "201904": "183.58",
        "201905": "157.50",
        "201906": "148.32",
        "201907": "159.76",
        "201908": "132.40",
        "201909": "129.05",
        "201910": "136.07",
        "201911": "153.93",
        "201912": "166.26",
        "202001": "179.20",
        "202002": "177.45",
        "202003": "134.39",
        "202004": "134.40",
        "202005": "159.52",
        "202006": "172.06",
        "202007": "無",
        "202008": "無",
        "202009": "無",
        "202010": "無",
        "202011": "無",
        "202012": "無",
        "202101": "無",
        "202102": "無",
        "202103": "無",
        "202104": "無",
        "202105": "無",
        "202106": "無",
        "202107": "無",
        "202108": "無",
        "202109": "無",
        "202110": "無",
        "202111": "無",
        "202112": "無",
        "202201": "無",
        "202202": "無",
        "202203": "無",
        "202204": "無",
        "202205": "無",
        "202206": "無",
        "202207": "無",
        "202208": "無",
        "202209": "無",
        "202210": "無",
        "202211": "無",
        "202212": "無",
        "202301": "無",
        "202302": "無",
        "202303": "無",
        "202304": "無",
        "202305": "無",
        "202306": "無",
        "202307": "無",
        "202308": "無",
        "202309": "無",
        "202310": "無"
    },
    "quarters": {
        "20011": {
            "year_quarter": 20011,
            "year": 2001,
            "quarter": 1,
            "eps": null,
            "eps_growth_year": null,
            "eps_4q": null,
            "eps_4q_growth_year": null,
            "roe": null,
            "roe_4q": 0,
            "gross_profit": null,
            "gross_margin": null,
            "gross_margin_4q_avg": 0,
            "net_income": null,
            "net_income_4q": null,
            "revenue": null,
            "revenue_4q": null,
            "common_shares": null,
            "book_valuer_per_share": null,
            "book_valuer_per_share_4q_avg": 0,
            "equity": null,
            "current_ratio": null,
            "debt_ratio": null,
            "inventory_turnover_ratio": null,
            "account_receivable_turnover_ratio": null,
            "reinvestment_rate": null,
            "research_to_sale_ratio": null,
            "price_fair": 0,
            "eps_avg_yearly": 0,
            "eps_latest_yearly": 0,
            "eps_growth_yearly": 0
        },
        "20012": {
            "year_quarter": 20012,
            "year": 2001,
            "quarter": 2,
            "eps": null,
            "eps_growth_year": null,
            "eps_4q": null,
            "eps_4q_growth_year": null,
            "roe": null,
            "roe_4q": 0,
            "gross_profit": null,
            "gross_margin": null,
            "gross_margin_4q_avg": 0,
            "net_income": null,
            "net_income_4q": null,
            "revenue": null,
            "revenue_4q": null,
            "common_shares": null,
            "book_valuer_per_share": null,
            "book_valuer_per_share_4q_avg": 0,
            "equity": null,
            "current_ratio": null,
            "debt_ratio": null,
            "inventory_turnover_ratio": null,
            "account_receivable_turnover_ratio": null,
            "reinvestment_rate": null,
            "research_to_sale_ratio": null,
            "price_fair": 0,
            "eps_avg_yearly": 0,
            "eps_latest_yearly": 0,
            "eps_growth_yearly": 0
        },
        "20013": {
            "year_quarter": 20013,
            "year": 2001,
            "quarter": 3,
            "eps": 0.5,
            "eps_growth_year": null,
            "eps_4q": null,
            "eps_4q_growth_year": null,
            "roe": 3.16,
            "roe_4q": 3.16,
            "gross_profit": 52154,
            "gross_margin": 44.26,
            "gross_margin_4q_avg": 14.75,
            "net_income": 22150,
            "net_income_4q": null,
            "revenue": 117825,
            "revenue_4q": null,
            "common_shares": 441500,
            "book_valuer_per_share": 15.9,
            "book_valuer_per_share_4q_avg": 5.3,
            "equity": 701889,
            "current_ratio": 338.17,
            "debt_ratio": 23.77,
            "inventory_turnover_ratio": 0.33,
            "account_receivable_turnover_ratio": null,
            "reinvestment_rate": null,
            "research_to_sale_ratio": null,
            "price_fair": 0,
            "eps_avg_yearly": 0,
            "eps_latest_yearly": 0,
            "eps_growth_yearly": 0
        },
        "20014": {
            "year_quarter": 20014,
            "year": 2001,
            "quarter": 4,
            "eps": 0.31,
            "eps_growth_year": null,
            "eps_4q": null,
            "eps_4q_growth_year": null,
            "roe": 1.92,
            "roe_4q": 5.08,
            "gross_profit": 75472,
            "gross_margin": 46.75,
            "gross_margin_4q_avg": 22.75,
            "net_income": 13640,
            "net_income_4q": null,
            "revenue": 161423,
            "revenue_4q": null,
            "common_shares": 441500,
            "book_valuer_per_share": 16.21,
            "book_valuer_per_share_4q_avg": 8.03,
            "equity": 715531,
            "current_ratio": 296.97,
            "debt_ratio": 25.52,
            "inventory_turnover_ratio": 0.43,
            "account_receivable_turnover_ratio": null,
            "reinvestment_rate": null,
            "research_to_sale_ratio": null,
            "price_fair": 0,
            "eps_avg_yearly": 0,
            "eps_latest_yearly": 0,
            "eps_growth_yearly": 0
        },
        "20021": {
            "year_quarter": 20021,
            "year": 2002,
            "quarter": 1,
            "eps": 0.05,
            "eps_growth_year": null,
            "eps_4q": null,
            "eps_4q_growth_year": null,
            "roe": 0.33,
            "roe_4q": 5.41,
            "gross_profit": 38001,
            "gross_margin": 27.45,
            "gross_margin_4q_avg": 29.62,
            "net_income": 2372,
            "net_income_4q": null,
            "revenue": 138437,
            "revenue_4q": null,
            "common_shares": 441500,
            "book_valuer_per_share": 16.66,
            "book_valuer_per_share_4q_avg": 12.19,
            "equity": 735572,
            "current_ratio": 269.67,
            "debt_ratio": 28.34,
            "inventory_turnover_ratio": 0.47,
            "account_receivable_turnover_ratio": null,
            "reinvestment_rate": null,
            "research_to_sale_ratio": null,
            "price_fair": 0.6,
            "eps_avg_yearly": 0.2,
            "eps_latest_yearly": 0.2,
            "eps_growth_yearly": -335.48
        },
        "20022": {
            "year_quarter": 20022,
            "year": 2002,
            "quarter": 2,
            "eps": 0.4,
            "eps_growth_year": null,
            "eps_4q": 1.26,
            "eps_4q_growth_year": null,
            "roe": 2.42,
            "roe_4q": 7.83,
            "gross_profit": 84512,
            "gross_margin": 46.48,
            "gross_margin_4q_avg": 41.24,
            "net_income": 17775,
            "net_income_4q": null,
            "revenue": 181813,
            "revenue_4q": null,
            "common_shares": 441500,
            "book_valuer_per_share": 16.67,
            "book_valuer_per_share_4q_avg": 16.36,
            "equity": 735808,
            "current_ratio": 321.17,
            "debt_ratio": 29.15,
            "inventory_turnover_ratio": 0.42,
            "account_receivable_turnover_ratio": null,
            "reinvestment_rate": null,
            "research_to_sale_ratio": null,
            "price_fair": 31.5,
            "eps_avg_yearly": 0.9,
            "eps_latest_yearly": 1.6,
            "eps_growth_yearly": 1232.26
        },
        "20023": {
            "year_quarter": 20023,
            "year": 2002,
            "quarter": 3,
            "eps": -0.01,
            "eps_growth_year": -102,
            "eps_4q": 0.75,
            "eps_4q_growth_year": null,
            "roe": -0.07,
            "roe_4q": 4.6,
            "gross_profit": 50952,
            "gross_margin": 30.48,
            "gross_margin_4q_avg": 37.79,
            "net_income": -495,
            "net_income_4q": null,
            "revenue": 167141,
            "revenue_4q": null,
            "common_shares": 441500,
            "book_valuer_per_share": 16.65,
            "book_valuer_per_share_4q_avg": 16.55,
            "equity": 735313,
            "current_ratio": 253.8,
            "debt_ratio": 33.75,
            "inventory_turnover_ratio": 0.46,
            "account_receivable_turnover_ratio": null,
            "reinvestment_rate": null,
            "research_to_sale_ratio": null,
            "price_fair": 31.5,
            "eps_avg_yearly": 0.9,
            "eps_latest_yearly": 1.6,
            "eps_growth_yearly": 1232.26
        },
        "20024": {
            "year_quarter": 20024,
            "year": 2002,
            "quarter": 4,
            "eps": 0.14,
            "eps_growth_year": -54.84,
            "eps_4q": 0.54,
            "eps_4q_growth_year": null,
            "roe": 0.93,
            "roe_4q": 3.6100000000000003,
            "gross_profit": 55683,
            "gross_margin": 32.01,
            "gross_margin_4q_avg": 34.11,
            "net_income": 6900,
            "net_income_4q": null,
            "revenue": 173957,
            "revenue_4q": null,
            "common_shares": 486040,
            "book_valuer_per_share": 15.28,
            "book_valuer_per_share_4q_avg": 16.32,
            "equity": 742524,
            "current_ratio": 277.68,
            "debt_ratio": 35.24,
            "inventory_turnover_ratio": 0.41,
            "account_receivable_turnover_ratio": null,
            "reinvestment_rate": null,
            "research_to_sale_ratio": null,
            "price_fair": 31.5,
            "eps_avg_yearly": 0.9,
            "eps_latest_yearly": 1.6,
            "eps_growth_yearly": 1232.26
        },
        "20031": {
            "year_quarter": 20031,
            "year": 2003,
            "quarter": 1,
            "eps": 0.09,
            "eps_growth_year": 80,
            "eps_4q": 0.58,
            "eps_4q_growth_year": null,
            "roe": 0.6,
            "roe_4q": 3.88,
            "gross_profit": 42769,
            "gross_margin": 29.64,
            "gross_margin_4q_avg": 34.65,
            "net_income": 4441,
            "net_income_4q": null,
            "revenue": 144271,
            "revenue_4q": null,
            "common_shares": 486040,
            "book_valuer_per_share": 15.37,
            "book_valuer_per_share_4q_avg": 15.99,
            "equity": 746965,
            "current_ratio": 322.7,
            "debt_ratio": 31.28,
            "inventory_turnover_ratio": 0.33,
            "account_receivable_turnover_ratio": null,
            "reinvestment_rate": null,
            "research_to_sale_ratio": null,
            "price_fair": 25.2,
            "eps_avg_yearly": 0.72,
            "eps_latest_yearly": 0.36,
            "eps_growth_yearly": 773.89
        },
        "20032": {
            "year_quarter": 20032,
            "year": 2003,
            "quarter": 2,
            "eps": 0.01,
            "eps_growth_year": -97.5,
            "eps_4q": 0.23,
            "eps_4q_growth_year": -81.64,
            "roe": 0.05,
            "roe_4q": 1.51,
            "gross_profit": 56700,
            "gross_margin": 45.63,
            "gross_margin_4q_avg": 34.44,
            "net_income": 384,
            "net_income_4q": null,
            "revenue": 124253,
            "revenue_4q": null,
            "common_shares": 486040,
            "book_valuer_per_share": 14.92,
            "book_valuer_per_share_4q_avg": 15.56,
            "equity": 725307,
            "current_ratio": 228.68,
            "debt_ratio": 36,
            "inventory_turnover_ratio": 0.2,
            "account_receivable_turnover_ratio": null,
            "reinvestment_rate": null,
            "research_to_sale_ratio": null,
            "price_fair": 19.25,
            "eps_avg_yearly": 0.55,
            "eps_latest_yearly": 0.04,
            "eps_growth_yearly": 491.53
        },
        "20033": {
            "year_quarter": 20033,
            "year": 2003,
            "quarter": 3,
            "eps": -0.41,
            "eps_growth_year": null,
            "eps_4q": -0.19,
            "eps_4q_growth_year": -124.81,
            "roe": -2.99,
            "roe_4q": -1.4100000000000001,
            "gross_profit": -3173,
            "gross_margin": -1.36,
            "gross_margin_4q_avg": 26.48,
            "net_income": -21353,
            "net_income_4q": null,
            "revenue": 233583,
            "revenue_4q": null,
            "common_shares": 514712,
            "book_valuer_per_share": 13.68,
            "book_valuer_per_share_4q_avg": 14.81,
            "equity": 703941,
            "current_ratio": 205.14,
            "debt_ratio": 40.05,
            "inventory_turnover_ratio": 0.72,
            "account_receivable_turnover_ratio": null,
            "reinvestment_rate": null,
            "research_to_sale_ratio": null,
            "price_fair": 19.25,
            "eps_avg_yearly": 0.55,
            "eps_latest_yearly": 0.04,
            "eps_growth_yearly": 491.53
        },
        "20034": {
            "year_quarter": 20034,
            "year": 2003,
            "quarter": 4,
            "eps": -0.78,
            "eps_growth_year": -657.14,
            "eps_4q": -1.1,
            "eps_4q_growth_year": -304.18,
            "roe": -5.89,
            "roe_4q": -8.229999999999999,
            "gross_profit": 22123,
            "gross_margin": 13.48,
            "gross_margin_4q_avg": 21.85,
            "net_income": -40272,
            "net_income_4q": null,
            "revenue": 164077,
            "revenue_4q": null,
            "common_shares": 514712,
            "book_valuer_per_share": 12.87,
            "book_valuer_per_share_4q_avg": 14.21,
            "equity": 662583,
            "current_ratio": 243.26,
            "debt_ratio": 47.34,
            "inventory_turnover_ratio": 0.47,
            "account_receivable_turnover_ratio": null,
            "reinvestment_rate": null,
            "research_to_sale_ratio": null,
            "price_fair": 19.25,
            "eps_avg_yearly": 0.55,
            "eps_latest_yearly": 0.04,
            "eps_growth_yearly": 491.53
        },
        "20041": {
            "year_quarter": 20041,
            "year": 2004,
            "quarter": 1,
            "eps": -0.16,
            "eps_growth_year": -277.78,
            "eps_4q": -1.35,
            "eps_4q_growth_year": -332.43,
            "roe": -1.25,
            "roe_4q": -10.079999999999998,
            "gross_profit": 29582,
            "gross_margin": 18.98,
            "gross_margin_4q_avg": 19.18,
            "net_income": -8247,
            "net_income_4q": null,
            "revenue": 155874,
            "revenue_4q": null,
            "common_shares": 514712,
            "book_valuer_per_share": 12.7,
            "book_valuer_per_share_4q_avg": 13.54,
            "equity": 653769,
            "current_ratio": 273.54,
            "debt_ratio": 44.35,
            "inventory_turnover_ratio": 0.43,
            "account_receivable_turnover_ratio": null,
            "reinvestment_rate": null,
            "research_to_sale_ratio": null,
            "price_fair": 19.25,
            "eps_avg_yearly": 0.55,
            "eps_latest_yearly": 0.04,
            "eps_growth_yearly": 491.53
        },
        "20042": {
            "year_quarter": 20042,
            "year": 2004,
            "quarter": 2,
            "eps": -0.34,
            "eps_growth_year": -3500,
            "eps_4q": -1.7,
            "eps_4q_growth_year": -835.6,
            "roe": -2.73,
            "roe_4q": -12.86,
            "gross_profit": 25024,
            "gross_margin": 22.64,
            "gross_margin_4q_avg": 13.44,
            "net_income": -17609,
            "net_income_4q": null,
            "revenue": 110548,
            "revenue_4q": null,
            "common_shares": 514712,
            "book_valuer_per_share": 12.37,
            "book_valuer_per_share_4q_avg": 12.91,
            "equity": 636658,
            "current_ratio": 163.27,
            "debt_ratio": 42.75,
            "inventory_turnover_ratio": 0.31,
            "account_receivable_turnover_ratio": null,
            "reinvestment_rate": null,
            "research_to_sale_ratio": null,
            "price_fair": 19.25,
            "eps_avg_yearly": 0.55,
            "eps_latest_yearly": 0.04,
            "eps_growth_yearly": 491.53
        },
        "20043": {
            "year_quarter": 20043,
            "year": 2004,
            "quarter": 3,
            "eps": -1.88,
            "eps_growth_year": null,
            "eps_4q": -3.16,
            "eps_4q_growth_year": null,
            "roe": -16.49,
            "roe_4q": -26.36,
            "gross_profit": 16704,
            "gross_margin": 11.8,
            "gross_margin_4q_avg": 16.73,
            "net_income": -96594,
            "net_income_4q": null,
            "revenue": 141595,
            "revenue_4q": null,
            "common_shares": 514712,
            "book_valuer_per_share": 10.39,
            "book_valuer_per_share_4q_avg": 12.08,
            "equity": 534942,
            "current_ratio": 131.21,
            "debt_ratio": 53.65,
            "inventory_turnover_ratio": 0.46,
            "account_receivable_turnover_ratio": null,
            "reinvestment_rate": null,
            "research_to_sale_ratio": null,
            "price_fair": 19.25,
            "eps_avg_yearly": 0.55,
            "eps_latest_yearly": 0.04,
            "eps_growth_yearly": 491.53
        },
        "20044": {
            "year_quarter": 20044,
            "year": 2004,
            "quarter": 4,
            "eps": 0.08,
            "eps_growth_year": null,
            "eps_4q": -2.37,
            "eps_4q_growth_year": null,
            "roe": 0.75,
            "roe_4q": -19.72,
            "gross_profit": 65594,
            "gross_margin": 33.48,
            "gross_margin_4q_avg": 21.73,
            "net_income": 3991,
            "net_income_4q": null,
            "revenue": 195916,
            "revenue_4q": null,
            "common_shares": 514712,
            "book_valuer_per_share": 10.42,
            "book_valuer_per_share_4q_avg": 11.47,
            "equity": 536120,
            "current_ratio": 129.02,
            "debt_ratio": 53.45,
            "inventory_turnover_ratio": 0.48,
            "account_receivable_turnover_ratio": null,
            "reinvestment_rate": null,
            "research_to_sale_ratio": null,
            "price_fair": 19.25,
            "eps_avg_yearly": 0.55,
            "eps_latest_yearly": 0.04,
            "eps_growth_yearly": 491.53
        },
        "20051": {
            "year_quarter": 20051,
            "year": 2005,
            "quarter": 1,
            "eps": 0.03,
            "eps_growth_year": null,
            "eps_4q": -1.95,
            "eps_4q_growth_year": null,
            "roe": 0.31,
            "roe_4q": -18.159999999999997,
            "gross_profit": 36726,
            "gross_margin": 28.32,
            "gross_margin_4q_avg": 24.06,
            "net_income": 1670,
            "net_income_4q": null,
            "revenue": 129678,
            "revenue_4q": null,
            "common_shares": 514712,
            "book_valuer_per_share": 10.43,
            "book_valuer_per_share_4q_avg": 10.9,
            "equity": 537000,
            "current_ratio": 131.48,
            "debt_ratio": 50.79,
            "inventory_turnover_ratio": 0.38,
            "account_receivable_turnover_ratio": null,
            "reinvestment_rate": null,
            "research_to_sale_ratio": null,
            "price_fair": 16.24,
            "eps_avg_yearly": 0.46,
            "eps_latest_yearly": 0.12,
            "eps_growth_yearly": 343.22
        },
        "20052": {
            "year_quarter": 20052,
            "year": 2005,
            "quarter": 2,
            "eps": -0.29,
            "eps_growth_year": null,
            "eps_4q": -2.06,
            "eps_4q_growth_year": null,
            "roe": -2.82,
            "roe_4q": -18.25,
            "gross_profit": 19372,
            "gross_margin": 20.49,
            "gross_margin_4q_avg": 23.52,
            "net_income": -14908,
            "net_income_4q": null,
            "revenue": 94537,
            "revenue_4q": null,
            "common_shares": 514712,
            "book_valuer_per_share": 10.12,
            "book_valuer_per_share_4q_avg": 10.34,
            "equity": 520870,
            "current_ratio": 136.43,
            "debt_ratio": 49.2,
            "inventory_turnover_ratio": 0.37,
            "account_receivable_turnover_ratio": null,
            "reinvestment_rate": null,
            "research_to_sale_ratio": null,
            "price_fair": 16.24,
            "eps_avg_yearly": 0.46,
            "eps_latest_yearly": 0.12,
            "eps_growth_yearly": 343.22
        },
        "20053": {
            "year_quarter": 20053,
            "year": 2005,
            "quarter": 3,
            "eps": -1.55,
            "eps_growth_year": null,
            "eps_4q": -1.3,
            "eps_4q_growth_year": null,
            "roe": -16.01,
            "roe_4q": -17.770000000000003,
            "gross_profit": -9864,
            "gross_margin": -252.66,
            "gross_margin_4q_avg": -42.59,
            "net_income": -82889,
            "net_income_4q": null,
            "revenue": 3904,
            "revenue_4q": null,
            "common_shares": 706528,
            "book_valuer_per_share": 7.28,
            "book_valuer_per_share_4q_avg": 9.56,
            "equity": 514607,
            "current_ratio": 136.3,
            "debt_ratio": 47.9,
            "inventory_turnover_ratio": 0.08,
            "account_receivable_turnover_ratio": null,
            "reinvestment_rate": null,
            "research_to_sale_ratio": null,
            "price_fair": 16.24,
            "eps_avg_yearly": 0.46,
            "eps_latest_yearly": 0.12,
            "eps_growth_yearly": 343.22
        },
        "20054": {
            "year_quarter": 20054,
            "year": 2005,
            "quarter": 4,
            "eps": -4.75,
            "eps_growth_year": -6037.5,
            "eps_4q": -6.4,
            "eps_4q_growth_year": null,
            "roe": -72.68,
            "roe_4q": -91.2,
            "gross_profit": -61457,
            "gross_margin": 62.14,
            "gross_margin_4q_avg": -35.43,
            "net_income": -274725,
            "net_income_4q": null,
            "revenue": -98896,
            "revenue_4q": null,
            "common_shares": 706528,
            "book_valuer_per_share": 3.41,
            "book_valuer_per_share_4q_avg": 7.81,
            "equity": 241416,
            "current_ratio": 102.06,
            "debt_ratio": 68.14,
            "inventory_turnover_ratio": -0.2,
            "account_receivable_turnover_ratio": null,
            "reinvestment_rate": null,
            "research_to_sale_ratio": null,
            "price_fair": 16.24,
            "eps_avg_yearly": 0.46,
            "eps_latest_yearly": 0.12,
            "eps_growth_yearly": 343.22
        },
        "20061": {
            "year_quarter": 20061,
            "year": 2006,
            "quarter": 1,
            "eps": -0.19,
            "eps_growth_year": -733.33,
            "eps_4q": -5.43,
            "eps_4q_growth_year": null,
            "roe": -5.77,
            "roe_4q": -97.28,
            "gross_profit": 17230,
            "gross_margin": 19.26,
            "gross_margin_4q_avg": -37.69,
            "net_income": -13515,
            "net_income_4q": null,
            "revenue": 89455,
            "revenue_4q": null,
            "common_shares": 706528,
            "book_valuer_per_share": 3.21,
            "book_valuer_per_share_4q_avg": 6.01,
            "equity": 227049,
            "current_ratio": 92.17,
            "debt_ratio": 67.6,
            "inventory_turnover_ratio": 0.38,
            "account_receivable_turnover_ratio": null,
            "reinvestment_rate": null,
            "research_to_sale_ratio": null,
            "price_fair": 18.55,
            "eps_avg_yearly": 0.53,
            "eps_latest_yearly": 0.12,
            "eps_growth_yearly": 512.9
        },
        "20062": {
            "year_quarter": 20062,
            "year": 2006,
            "quarter": 2,
            "eps": -0.47,
            "eps_growth_year": null,
            "eps_4q": -5.71,
            "eps_4q_growth_year": null,
            "roe": -15.36,
            "roe_4q": -109.82000000000001,
            "gross_profit": -24228,
            "gross_margin": -36.5,
            "gross_margin_4q_avg": -51.94,
            "net_income": -32455,
            "net_income_4q": null,
            "revenue": 66377,
            "revenue_4q": null,
            "common_shares": 706528,
            "book_valuer_per_share": 2.77,
            "book_valuer_per_share_4q_avg": 4.17,
            "equity": 195409,
            "current_ratio": 90.98,
            "debt_ratio": 69.79,
            "inventory_turnover_ratio": 0.51,
            "account_receivable_turnover_ratio": null,
            "reinvestment_rate": null,
            "research_to_sale_ratio": null,
            "price_fair": 0.52,
            "eps_avg_yearly": 0.17,
            "eps_latest_yearly": 0.12,
            "eps_growth_yearly": -249.47
        },
        "20063": {
            "year_quarter": 20063,
            "year": 2006,
            "quarter": 3,
            "eps": -0.67,
            "eps_growth_year": null,
            "eps_4q": -5.2,
            "eps_4q_growth_year": null,
            "roe": -27.3,
            "roe_4q": -121.11,
            "gross_profit": -11165,
            "gross_margin": -19.97,
            "gross_margin_4q_avg": 6.23,
            "net_income": -47026,
            "net_income_4q": null,
            "revenue": 55921,
            "revenue_4q": null,
            "common_shares": 706528,
            "book_valuer_per_share": 2.11,
            "book_valuer_per_share_4q_avg": 2.88,
            "equity": 149054,
            "current_ratio": 79.43,
            "debt_ratio": 73.59,
            "inventory_turnover_ratio": 0.43,
            "account_receivable_turnover_ratio": null,
            "reinvestment_rate": null,
            "research_to_sale_ratio": null,
            "price_fair": 0.52,
            "eps_avg_yearly": 0.17,
            "eps_latest_yearly": 0.12,
            "eps_growth_yearly": -249.47
        },
        "20064": {
            "year_quarter": 20064,
            "year": 2006,
            "quarter": 4,
            "eps": -4.54,
            "eps_growth_year": null,
            "eps_4q": -8.45,
            "eps_4q_growth_year": null,
            "roe": -113.95,
            "roe_4q": -162.38000000000002,
            "gross_profit": -23017,
            "gross_margin": -52.75,
            "gross_margin_4q_avg": -22.49,
            "net_income": -107854,
            "net_income_4q": null,
            "revenue": 43638,
            "revenue_4q": null,
            "common_shares": 240678,
            "book_valuer_per_share": 1.66,
            "book_valuer_per_share_4q_avg": 2.44,
            "equity": 40240,
            "current_ratio": 91.15,
            "debt_ratio": 90.31,
            "inventory_turnover_ratio": 0.56,
            "account_receivable_turnover_ratio": null,
            "reinvestment_rate": null,
            "research_to_sale_ratio": null,
            "price_fair": 0.52,
            "eps_avg_yearly": 0.17,
            "eps_latest_yearly": 0.12,
            "eps_growth_yearly": -249.47
        },
        "20071": {
            "year_quarter": 20071,
            "year": 2007,
            "quarter": 1,
            "eps": -0.84,
            "eps_growth_year": null,
            "eps_4q": -8.77,
            "eps_4q_growth_year": null,
            "roe": -65.47,
            "roe_4q": -222.08000000000004,
            "gross_profit": -1425,
            "gross_margin": -2.69,
            "gross_margin_4q_avg": -27.98,
            "net_income": -19853,
            "net_income_4q": null,
            "revenue": 52887,
            "revenue_4q": null,
            "common_shares": 240678,
            "book_valuer_per_share": 0.85,
            "book_valuer_per_share_4q_avg": 1.85,
            "equity": 20408,
            "current_ratio": 75.16,
            "debt_ratio": 94.8,
            "inventory_turnover_ratio": 0.59,
            "account_receivable_turnover_ratio": null,
            "reinvestment_rate": null,
            "research_to_sale_ratio": null,
            "price_fair": 0.24,
            "eps_avg_yearly": 0.08,
            "eps_latest_yearly": 0.12,
            "eps_growth_yearly": -302.78
        },
        "20072": {
            "year_quarter": 20072,
            "year": 2007,
            "quarter": 2,
            "eps": -2.23,
            "eps_growth_year": null,
            "eps_4q": -4.66,
            "eps_4q_growth_year": null,
            "roe": -343.23,
            "roe_4q": -549.95,
            "gross_profit": -12336,
            "gross_margin": -86.24,
            "gross_margin_4q_avg": -40.41,
            "net_income": -76747,
            "net_income_4q": null,
            "revenue": 14304,
            "revenue_4q": null,
            "common_shares": 539568,
            "book_valuer_per_share": 0.45,
            "book_valuer_per_share_4q_avg": 1.27,
            "equity": 24313,
            "current_ratio": 171.06,
            "debt_ratio": 92.38,
            "inventory_turnover_ratio": 0.36,
            "account_receivable_turnover_ratio": null,
            "reinvestment_rate": null,
            "research_to_sale_ratio": null,
            "price_fair": 0.36,
            "eps_avg_yearly": 0.12,
            "eps_latest_yearly": 0.12,
            "eps_growth_yearly": -250
        },
        "20073": {
            "year_quarter": 20073,
            "year": 2007,
            "quarter": 3,
            "eps": -0.91,
            "eps_growth_year": null,
            "eps_4q": -2.58,
            "eps_4q_growth_year": null,
            "roe": -118.19,
            "roe_4q": -640.84,
            "gross_profit": -5547,
            "gross_margin": -31.41,
            "gross_margin_4q_avg": -43.27,
            "net_income": -37402,
            "net_income_4q": null,
            "revenue": 17661,
            "revenue_4q": null,
            "common_shares": 936459,
            "book_valuer_per_share": 0.42,
            "book_valuer_per_share_4q_avg": 0.85,
            "equity": 38979,
            "current_ratio": 169.13,
            "debt_ratio": 86.91,
            "inventory_turnover_ratio": 0.41,
            "account_receivable_turnover_ratio": null,
            "reinvestment_rate": null,
            "research_to_sale_ratio": null,
            "price_fair": 0.36,
            "eps_avg_yearly": 0.12,
            "eps_latest_yearly": 0.12,
            "eps_growth_yearly": -250
        },
        "20074": {
            "year_quarter": 20074,
            "year": 2007,
            "quarter": 4,
            "eps": 0.18,
            "eps_growth_year": null,
            "eps_4q": -2.33,
            "eps_4q_growth_year": null,
            "roe": 21.95,
            "roe_4q": -504.94000000000005,
            "gross_profit": -11188,
            "gross_margin": -42.42,
            "gross_margin_4q_avg": -40.69,
            "net_income": 9609,
            "net_income_4q": null,
            "revenue": 26374,
            "revenue_4q": null,
            "common_shares": 936458,
            "book_valuer_per_share": 0.52,
            "book_valuer_per_share_4q_avg": 0.56,
            "equity": 48584,
            "current_ratio": 149.65,
            "debt_ratio": 79.52,
            "inventory_turnover_ratio": 0.88,
            "account_receivable_turnover_ratio": null,
            "reinvestment_rate": null,
            "research_to_sale_ratio": null,
            "price_fair": 0.36,
            "eps_avg_yearly": 0.12,
            "eps_latest_yearly": 0.12,
            "eps_growth_yearly": -250
        },
        "20081": {
            "year_quarter": 20081,
            "year": 2008,
            "quarter": 1,
            "eps": 0.04,
            "eps_growth_year": null,
            "eps_4q": -1.09,
            "eps_4q_growth_year": null,
            "roe": 7.32,
            "roe_4q": -432.15000000000003,
            "gross_profit": -2592,
            "gross_margin": -9.97,
            "gross_margin_4q_avg": -42.51,
            "net_income": 3692,
            "net_income_4q": null,
            "revenue": 25988,
            "revenue_4q": null,
            "common_shares": 936458,
            "book_valuer_per_share": 0.56,
            "book_valuer_per_share_4q_avg": 0.49,
            "equity": 52271,
            "current_ratio": 213.21,
            "debt_ratio": 73.71,
            "inventory_turnover_ratio": 0.85,
            "account_receivable_turnover_ratio": null,
            "reinvestment_rate": null,
            "research_to_sale_ratio": null,
            "price_fair": 0.42,
            "eps_avg_yearly": 0.14,
            "eps_latest_yearly": 0.16,
            "eps_growth_yearly": -280.56
        },
        "20082": {
            "year_quarter": 20082,
            "year": 2008,
            "quarter": 2,
            "eps": -0.36,
            "eps_growth_year": null,
            "eps_4q": -0.62,
            "eps_4q_growth_year": null,
            "roe": -94.43,
            "roe_4q": -183.35000000000002,
            "gross_profit": -7211,
            "gross_margin": -58.33,
            "gross_margin_4q_avg": -35.53,
            "net_income": -33532,
            "net_income_4q": null,
            "revenue": 12362,
            "revenue_4q": null,
            "common_shares": 936458,
            "book_valuer_per_share": 0.2,
            "book_valuer_per_share_4q_avg": 0.43,
            "equity": 18747,
            "current_ratio": 174.62,
            "debt_ratio": 87.87,
            "inventory_turnover_ratio": 0.89,
            "account_receivable_turnover_ratio": null,
            "reinvestment_rate": null,
            "research_to_sale_ratio": null,
            "price_fair": 0.42,
            "eps_avg_yearly": 0.14,
            "eps_latest_yearly": 0.16,
            "eps_growth_yearly": -280.56
        },
        "20083": {
            "year_quarter": 20083,
            "year": 2008,
            "quarter": 3,
            "eps": 0.07,
            "eps_growth_year": null,
            "eps_4q": -0.78,
            "eps_4q_growth_year": null,
            "roe": 8.54,
            "roe_4q": -56.62000000000002,
            "gross_profit": 755,
            "gross_margin": 2.27,
            "gross_margin_4q_avg": -27.11,
            "net_income": 1673,
            "net_income_4q": null,
            "revenue": 33317,
            "revenue_4q": null,
            "common_shares": 234115,
            "book_valuer_per_share": 0.87,
            "book_valuer_per_share_4q_avg": 0.54,
            "equity": 20421,
            "current_ratio": 173.24,
            "debt_ratio": 85,
            "inventory_turnover_ratio": 2.14,
            "account_receivable_turnover_ratio": null,
            "reinvestment_rate": null,
            "research_to_sale_ratio": null,
            "price_fair": 0.42,
            "eps_avg_yearly": 0.14,
            "eps_latest_yearly": 0.16,
            "eps_growth_yearly": -280.56
        },
        "20084": {
            "year_quarter": 20084,
            "year": 2008,
            "quarter": 4,
            "eps": -0.99,
            "eps_growth_year": -650,
            "eps_4q": -2.19,
            "eps_4q_growth_year": null,
            "roe": -141.29,
            "roe_4q": -219.86,
            "gross_profit": -22960,
            "gross_margin": -57.44,
            "gross_margin_4q_avg": -30.87,
            "net_income": -23135,
            "net_income_4q": null,
            "revenue": 39975,
            "revenue_4q": null,
            "common_shares": 343114,
            "book_valuer_per_share": 0.36,
            "book_valuer_per_share_4q_avg": 0.5,
            "equity": 12327,
            "current_ratio": 172.87,
            "debt_ratio": 90.99,
            "inventory_turnover_ratio": 4.4,
            "account_receivable_turnover_ratio": 3.21,
            "reinvestment_rate": null,
            "research_to_sale_ratio": null,
            "price_fair": 0.42,
            "eps_avg_yearly": 0.14,
            "eps_latest_yearly": 0.16,
            "eps_growth_yearly": -280.56
        },
        "20091": {
            "year_quarter": 20091,
            "year": 2009,
            "quarter": 1,
            "eps": -0.01,
            "eps_growth_year": -125,
            "eps_4q": -1.62,
            "eps_4q_growth_year": null,
            "roe": -3.48,
            "roe_4q": -230.66,
            "gross_profit": 4375,
            "gross_margin": 4.62,
            "gross_margin_4q_avg": -27.22,
            "net_income": -422,
            "net_income_4q": null,
            "revenue": 94778,
            "revenue_4q": null,
            "common_shares": 343114,
            "book_valuer_per_share": 0.35,
            "book_valuer_per_share_4q_avg": 0.45,
            "equity": 11905,
            "current_ratio": 139.43,
            "debt_ratio": 93.77,
            "inventory_turnover_ratio": 1.87,
            "account_receivable_turnover_ratio": 2.91,
            "reinvestment_rate": null,
            "research_to_sale_ratio": null,
            "price_fair": 0.48,
            "eps_avg_yearly": 0.16,
            "eps_latest_yearly": 0.16,
            "eps_growth_yearly": -311.11
        },
        "20092": {
            "year_quarter": 20092,
            "year": 2009,
            "quarter": 2,
            "eps": 0.38,
            "eps_growth_year": null,
            "eps_4q": -0.26,
            "eps_4q_growth_year": null,
            "roe": 70.68,
            "roe_4q": -65.54999999999998,
            "gross_profit": 18387,
            "gross_margin": 9.47,
            "gross_margin_4q_avg": -10.27,
            "net_income": 13012,
            "net_income_4q": null,
            "revenue": 194132,
            "revenue_4q": null,
            "common_shares": 343114,
            "book_valuer_per_share": 0.73,
            "book_valuer_per_share_4q_avg": 0.58,
            "equity": 24917,
            "current_ratio": 212.7,
            "debt_ratio": 89.11,
            "inventory_turnover_ratio": 1.97,
            "account_receivable_turnover_ratio": 3.22,
            "reinvestment_rate": null,
            "research_to_sale_ratio": null,
            "price_fair": 0.48,
            "eps_avg_yearly": 0.16,
            "eps_latest_yearly": 0.16,
            "eps_growth_yearly": -311.11
        },
        "20093": {
            "year_quarter": 20093,
            "year": 2009,
            "quarter": 3,
            "eps": 0.88,
            "eps_growth_year": 1157.14,
            "eps_4q": 0.57,
            "eps_4q_growth_year": null,
            "roe": 75.28,
            "roe_4q": 1.1900000000000261,
            "gross_profit": 38587,
            "gross_margin": 10.8,
            "gross_margin_4q_avg": -8.14,
            "net_income": 30082,
            "net_income_4q": null,
            "revenue": 357303,
            "revenue_4q": null,
            "common_shares": 343115,
            "book_valuer_per_share": 1.6,
            "book_valuer_per_share_4q_avg": 0.76,
            "equity": 55000,
            "current_ratio": 146.89,
            "debt_ratio": 81.81,
            "inventory_turnover_ratio": 3.36,
            "account_receivable_turnover_ratio": 4.1,
            "reinvestment_rate": null,
            "research_to_sale_ratio": null,
            "price_fair": 64.4,
            "eps_avg_yearly": 1.84,
            "eps_latest_yearly": 3.52,
            "eps_growth_yearly": 107.6
        },
        "20094": {
            "year_quarter": 20094,
            "year": 2009,
            "quarter": 4,
            "eps": 0.66,
            "eps_growth_year": null,
            "eps_4q": 1.9,
            "eps_4q_growth_year": null,
            "roe": 33.98,
            "roe_4q": 176.46,
            "gross_profit": 35649,
            "gross_margin": 10.29,
            "gross_margin_4q_avg": 8.8,
            "net_income": 22501,
            "net_income_4q": null,
            "revenue": 346459,
            "revenue_4q": null,
            "common_shares": 343114,
            "book_valuer_per_share": 2.26,
            "book_valuer_per_share_4q_avg": 1.24,
            "equity": 77456,
            "current_ratio": 160.42,
            "debt_ratio": 75.12,
            "inventory_turnover_ratio": 4.84,
            "account_receivable_turnover_ratio": 16.36,
            "reinvestment_rate": null,
            "research_to_sale_ratio": null,
            "price_fair": 73.73,
            "eps_avg_yearly": 2.11,
            "eps_latest_yearly": 2.64,
            "eps_growth_yearly": 38.4
        },
        "20101": {
            "year_quarter": 20101,
            "year": 2010,
            "quarter": 1,
            "eps": 0.25,
            "eps_growth_year": null,
            "eps_4q": 2.17,
            "eps_4q_growth_year": null,
            "roe": 10.67,
            "roe_4q": 190.61,
            "gross_profit": 23334,
            "gross_margin": 3.35,
            "gross_margin_4q_avg": 8.48,
            "net_income": 8723,
            "net_income_4q": null,
            "revenue": 696721,
            "revenue_4q": null,
            "common_shares": 343114,
            "book_valuer_per_share": 2.51,
            "book_valuer_per_share_4q_avg": 1.78,
            "equity": 86105,
            "current_ratio": 150.41,
            "debt_ratio": 76.52,
            "inventory_turnover_ratio": 13.15,
            "account_receivable_turnover_ratio": 8.28,
            "reinvestment_rate": null,
            "research_to_sale_ratio": null,
            "price_fair": 5.49,
            "eps_avg_yearly": 1.83,
            "eps_latest_yearly": 1,
            "eps_growth_yearly": -33.32
        },
        "20102": {
            "year_quarter": 20102,
            "year": 2010,
            "quarter": 2,
            "eps": 0.24,
            "eps_growth_year": -35.99,
            "eps_4q": 2.03,
            "eps_4q_growth_year": null,
            "roe": 9.24,
            "roe_4q": 129.17000000000002,
            "gross_profit": 21684,
            "gross_margin": 2.95,
            "gross_margin_4q_avg": 6.85,
            "net_income": 8346,
            "net_income_4q": null,
            "revenue": 735728,
            "revenue_4q": null,
            "common_shares": 343114,
            "book_valuer_per_share": 2.76,
            "book_valuer_per_share_4q_avg": 2.28,
            "equity": 94534,
            "current_ratio": 149.61,
            "debt_ratio": 76.93,
            "inventory_turnover_ratio": 7.53,
            "account_receivable_turnover_ratio": 6.13,
            "reinvestment_rate": null,
            "research_to_sale_ratio": null,
            "price_fair": 4.97,
            "eps_avg_yearly": 1.66,
            "eps_latest_yearly": 0.96,
            "eps_growth_yearly": -29.86
        },
        "20103": {
            "year_quarter": 20103,
            "year": 2010,
            "quarter": 3,
            "eps": -0.13,
            "eps_growth_year": -114.48,
            "eps_4q": 1.79,
            "eps_4q_growth_year": 214.01,
            "roe": -2.81,
            "roe_4q": 51.08,
            "gross_profit": 20801,
            "gross_margin": 2.55,
            "gross_margin_4q_avg": 4.79,
            "net_income": -2624,
            "net_income_4q": null,
            "revenue": 814687,
            "revenue_4q": null,
            "common_shares": 205869,
            "book_valuer_per_share": 4.47,
            "book_valuer_per_share_4q_avg": 3,
            "equity": 92054,
            "current_ratio": 142.07,
            "debt_ratio": 79.26,
            "inventory_turnover_ratio": 6.12,
            "account_receivable_turnover_ratio": 9.41,
            "reinvestment_rate": null,
            "research_to_sale_ratio": null,
            "price_fair": 4.97,
            "eps_avg_yearly": 1.66,
            "eps_latest_yearly": 0.96,
            "eps_growth_yearly": -29.86
        },
        "20104": {
            "year_quarter": 20104,
            "year": 2010,
            "quarter": 4,
            "eps": -0.2,
            "eps_growth_year": -129.81,
            "eps_4q": 0.5,
            "eps_4q_growth_year": -73.42,
            "roe": -4.49,
            "roe_4q": 12.61,
            "gross_profit": 19372,
            "gross_margin": 2.53,
            "gross_margin_4q_avg": 2.85,
            "net_income": -4050,
            "net_income_4q": null,
            "revenue": 766643,
            "revenue_4q": null,
            "common_shares": 205869,
            "book_valuer_per_share": 4.29,
            "book_valuer_per_share_4q_avg": 3.51,
            "equity": 88333,
            "current_ratio": 140.86,
            "debt_ratio": 79.86,
            "inventory_turnover_ratio": 7.77,
            "account_receivable_turnover_ratio": 6.32,
            "reinvestment_rate": null,
            "research_to_sale_ratio": null,
            "price_fair": 4.97,
            "eps_avg_yearly": 1.66,
            "eps_latest_yearly": 0.96,
            "eps_growth_yearly": -29.86
        },
        "20111": {
            "year_quarter": 20111,
            "year": 2011,
            "quarter": 1,
            "eps": 0.28,
            "eps_growth_year": 12,
            "eps_4q": 0.36,
            "eps_4q_growth_year": -83.25,
            "roe": 6.35,
            "roe_4q": 8.29,
            "gross_profit": 18505,
            "gross_margin": 3.12,
            "gross_margin_4q_avg": 2.79,
            "net_income": 5795,
            "net_income_4q": null,
            "revenue": 592153,
            "revenue_4q": null,
            "common_shares": 205869,
            "book_valuer_per_share": 4.57,
            "book_valuer_per_share_4q_avg": 4.02,
            "equity": 94128,
            "current_ratio": 135.31,
            "debt_ratio": 81.52,
            "inventory_turnover_ratio": 4.3,
            "account_receivable_turnover_ratio": 3.7,
            "reinvestment_rate": null,
            "research_to_sale_ratio": null,
            "price_fair": 4.97,
            "eps_avg_yearly": 1.66,
            "eps_latest_yearly": 0.96,
            "eps_growth_yearly": -29.86
        },
        "20112": {
            "year_quarter": 20112,
            "year": 2011,
            "quarter": 2,
            "eps": -0.72,
            "eps_growth_year": -397.35,
            "eps_4q": -0.77,
            "eps_4q_growth_year": -137.73,
            "roe": -17.15,
            "roe_4q": -18.099999999999998,
            "gross_profit": 2928,
            "gross_margin": 0.84,
            "gross_margin_4q_avg": 2.26,
            "net_income": -14890,
            "net_income_4q": null,
            "revenue": 347256,
            "revenue_4q": null,
            "common_shares": 205869,
            "book_valuer_per_share": 3.86,
            "book_valuer_per_share_4q_avg": 4.3,
            "equity": 79488,
            "current_ratio": 137,
            "debt_ratio": 81.86,
            "inventory_turnover_ratio": 1.96,
            "account_receivable_turnover_ratio": 2.91,
            "reinvestment_rate": null,
            "research_to_sale_ratio": null,
            "price_fair": 4.97,
            "eps_avg_yearly": 1.66,
            "eps_latest_yearly": 0.96,
            "eps_growth_yearly": -29.86
        },
        "20113": {
            "year_quarter": 20113,
            "year": 2011,
            "quarter": 3,
            "eps": -0.82,
            "eps_growth_year": null,
            "eps_4q": -1.46,
            "eps_4q_growth_year": -181.29,
            "roe": -23.98,
            "roe_4q": -39.269999999999996,
            "gross_profit": -11834,
            "gross_margin": -2.68,
            "gross_margin_4q_avg": 0.95,
            "net_income": -16890,
            "net_income_4q": null,
            "revenue": 442303,
            "revenue_4q": null,
            "common_shares": 205869,
            "book_valuer_per_share": 2.98,
            "book_valuer_per_share_4q_avg": 3.93,
            "equity": 61367,
            "current_ratio": 143.94,
            "debt_ratio": 81.38,
            "inventory_turnover_ratio": 4.15,
            "account_receivable_turnover_ratio": 4.88,
            "reinvestment_rate": -935.93,
            "research_to_sale_ratio": null,
            "price_fair": 4.97,
            "eps_avg_yearly": 1.66,
            "eps_latest_yearly": 0.96,
            "eps_growth_yearly": -29.86
        },
        "20114": {
            "year_quarter": 20114,
            "year": 2011,
            "quarter": 4,
            "eps": -0.2,
            "eps_growth_year": null,
            "eps_4q": -1.46,
            "eps_4q_growth_year": -388.96,
            "roe": -6.82,
            "roe_4q": -41.6,
            "gross_profit": 11190,
            "gross_margin": 3.32,
            "gross_margin_4q_avg": 1.15,
            "net_income": -4052,
            "net_income_4q": null,
            "revenue": 337200,
            "revenue_4q": null,
            "common_shares": 205869,
            "book_valuer_per_share": 2.79,
            "book_valuer_per_share_4q_avg": 3.55,
            "equity": 57415,
            "current_ratio": 150.02,
            "debt_ratio": 80.24,
            "inventory_turnover_ratio": 4.4,
            "account_receivable_turnover_ratio": 4.39,
            "reinvestment_rate": null,
            "research_to_sale_ratio": null,
            "price_fair": 4.97,
            "eps_avg_yearly": 1.66,
            "eps_latest_yearly": 0.96,
            "eps_growth_yearly": -29.86
        },
        "20121": {
            "year_quarter": 20121,
            "year": 2012,
            "quarter": 1,
            "eps": -0.28,
            "eps_growth_year": -200,
            "eps_4q": -2.02,
            "eps_4q_growth_year": -656.52,
            "roe": -10.41,
            "roe_4q": -58.36,
            "gross_profit": 11834,
            "gross_margin": 3.87,
            "gross_margin_4q_avg": 1.34,
            "net_income": -5723,
            "net_income_4q": null,
            "revenue": 305823,
            "revenue_4q": null,
            "common_shares": 205869,
            "book_valuer_per_share": 2.55,
            "book_valuer_per_share_4q_avg": 3.05,
            "equity": 52576,
            "current_ratio": 144.9,
            "debt_ratio": 82.26,
            "inventory_turnover_ratio": 4.11,
            "account_receivable_turnover_ratio": 4.51,
            "reinvestment_rate": null,
            "research_to_sale_ratio": null,
            "price_fair": 71.05,
            "eps_avg_yearly": 2.03,
            "eps_latest_yearly": 0.96,
            "eps_growth_yearly": 40.46
        },
        "20122": {
            "year_quarter": 20122,
            "year": 2012,
            "quarter": 2,
            "eps": 0.22,
            "eps_growth_year": null,
            "eps_4q": -1.07,
            "eps_4q_growth_year": null,
            "roe": 8.32,
            "roe_4q": -32.89,
            "gross_profit": 16364,
            "gross_margin": 4.97,
            "gross_margin_4q_avg": 2.37,
            "net_income": 4545,
            "net_income_4q": null,
            "revenue": 329153,
            "revenue_4q": null,
            "common_shares": 205869,
            "book_valuer_per_share": 2.75,
            "book_valuer_per_share_4q_avg": 2.77,
            "equity": 56655,
            "current_ratio": 139.06,
            "debt_ratio": 83.36,
            "inventory_turnover_ratio": 3.76,
            "account_receivable_turnover_ratio": 3.75,
            "reinvestment_rate": -75.81,
            "research_to_sale_ratio": null,
            "price_fair": 71.05,
            "eps_avg_yearly": 2.03,
            "eps_latest_yearly": 0.96,
            "eps_growth_yearly": 40.46
        },
        "20123": {
            "year_quarter": 20123,
            "year": 2012,
            "quarter": 3,
            "eps": 0.33,
            "eps_growth_year": null,
            "eps_4q": 0.08,
            "eps_4q_growth_year": null,
            "roe": 11.32,
            "roe_4q": 2.41,
            "gross_profit": 21352,
            "gross_margin": 7.18,
            "gross_margin_4q_avg": 4.84,
            "net_income": 6829,
            "net_income_4q": null,
            "revenue": 297174,
            "revenue_4q": null,
            "common_shares": 205869,
            "book_valuer_per_share": 3.11,
            "book_valuer_per_share_4q_avg": 2.8,
            "equity": 63983,
            "current_ratio": 149.92,
            "debt_ratio": 79.42,
            "inventory_turnover_ratio": 3.66,
            "account_receivable_turnover_ratio": 2.87,
            "reinvestment_rate": -0.87,
            "research_to_sale_ratio": null,
            "price_fair": 66.08,
            "eps_avg_yearly": 1.89,
            "eps_latest_yearly": 1.32,
            "eps_growth_yearly": 72.37
        },
        "20124": {
            "year_quarter": 20124,
            "year": 2012,
            "quarter": 4,
            "eps": 0.39,
            "eps_growth_year": null,
            "eps_4q": 0.67,
            "eps_4q_growth_year": null,
            "roe": 11.85,
            "roe_4q": 21.080000000000002,
            "gross_profit": 19109,
            "gross_margin": 6.06,
            "gross_margin_4q_avg": 5.52,
            "net_income": 8078,
            "net_income_4q": null,
            "revenue": 315154,
            "revenue_4q": null,
            "common_shares": 205869,
            "book_valuer_per_share": 3.51,
            "book_valuer_per_share_4q_avg": 2.98,
            "equity": 72344,
            "current_ratio": 164.52,
            "debt_ratio": 74.77,
            "inventory_turnover_ratio": 4.13,
            "account_receivable_turnover_ratio": 3.41,
            "reinvestment_rate": -0.43,
            "research_to_sale_ratio": null,
            "price_fair": 64.17,
            "eps_avg_yearly": 1.83,
            "eps_latest_yearly": 1.56,
            "eps_growth_yearly": 72.43
        },
        "20131": {
            "year_quarter": 20131,
            "year": 2013,
            "quarter": 1,
            "eps": 0.5,
            "eps_growth_year": null,
            "eps_4q": 1.45,
            "eps_4q_growth_year": null,
            "roe": 13.36,
            "roe_4q": 44.85,
            "gross_profit": 17971,
            "gross_margin": 5.78,
            "gross_margin_4q_avg": 6,
            "net_income": 10357,
            "net_income_4q": null,
            "revenue": 310984,
            "revenue_4q": null,
            "common_shares": 205869,
            "book_valuer_per_share": 4.02,
            "book_valuer_per_share_4q_avg": 3.35,
            "equity": 82701,
            "current_ratio": 163.52,
            "debt_ratio": 73.85,
            "inventory_turnover_ratio": 3.77,
            "account_receivable_turnover_ratio": 4.14,
            "reinvestment_rate": -0.37,
            "research_to_sale_ratio": null,
            "price_fair": 65,
            "eps_avg_yearly": 1.86,
            "eps_latest_yearly": 2,
            "eps_growth_yearly": 78.2
        },
        "20132": {
            "year_quarter": 20132,
            "year": 2013,
            "quarter": 2,
            "eps": 1.9,
            "eps_growth_year": 760.62,
            "eps_4q": 3.12,
            "eps_4q_growth_year": null,
            "roe": 38.21,
            "roe_4q": 74.74000000000001,
            "gross_profit": 46193,
            "gross_margin": 15.25,
            "gross_margin_4q_avg": 8.57,
            "net_income": 39069,
            "net_income_4q": null,
            "revenue": 302921,
            "revenue_4q": null,
            "common_shares": 205869,
            "book_valuer_per_share": 5.91,
            "book_valuer_per_share_4q_avg": 4.14,
            "equity": 121770,
            "current_ratio": 165.94,
            "debt_ratio": 70.13,
            "inventory_turnover_ratio": 1.92,
            "account_receivable_turnover_ratio": 5.92,
            "reinvestment_rate": -0.39,
            "research_to_sale_ratio": null,
            "price_fair": 90.13,
            "eps_avg_yearly": 2.58,
            "eps_latest_yearly": 7.6,
            "eps_growth_yearly": 208.42
        },
        "20133": {
            "year_quarter": 20133,
            "year": 2013,
            "quarter": 3,
            "eps": 0.97,
            "eps_growth_year": 192.42,
            "eps_4q": 3.76,
            "eps_4q_growth_year": 4740.64,
            "roe": 15.11,
            "roe_4q": 78.53,
            "gross_profit": 28906,
            "gross_margin": 10.09,
            "gross_margin_4q_avg": 9.3,
            "net_income": 19898,
            "net_income_4q": null,
            "revenue": 286560,
            "revenue_4q": null,
            "common_shares": 205869,
            "book_valuer_per_share": 6.88,
            "book_valuer_per_share_4q_avg": 5.08,
            "equity": 141668,
            "current_ratio": 234.42,
            "debt_ratio": 55.76,
            "inventory_turnover_ratio": 1.69,
            "account_receivable_turnover_ratio": 5.96,
            "reinvestment_rate": -0.44,
            "research_to_sale_ratio": null,
            "price_fair": 91.7,
            "eps_avg_yearly": 2.62,
            "eps_latest_yearly": 3.88,
            "eps_growth_yearly": 118.16
        },
        "20134": {
            "year_quarter": 20134,
            "year": 2013,
            "quarter": 4,
            "eps": 1.17,
            "eps_growth_year": 198.01,
            "eps_4q": 4.54,
            "eps_4q_growth_year": 580.29,
            "roe": 15.64,
            "roe_4q": 82.32000000000001,
            "gross_profit": 27981,
            "gross_margin": 7.86,
            "gross_margin_4q_avg": 9.75,
            "net_income": 24073,
            "net_income_4q": null,
            "revenue": 355851,
            "revenue_4q": null,
            "common_shares": 205869,
            "book_valuer_per_share": 8.07,
            "book_valuer_per_share_4q_avg": 6.22,
            "equity": 166159,
            "current_ratio": 332.76,
            "debt_ratio": 55.8,
            "inventory_turnover_ratio": 3.49,
            "account_receivable_turnover_ratio": 8.39,
            "reinvestment_rate": -0.19,
            "research_to_sale_ratio": null,
            "price_fair": 100.63,
            "eps_avg_yearly": 2.88,
            "eps_latest_yearly": 4.68,
            "eps_growth_yearly": 140.97
        },
        "20141": {
            "year_quarter": 20141,
            "year": 2014,
            "quarter": 1,
            "eps": 0.36,
            "eps_growth_year": -28,
            "eps_4q": 3.9,
            "eps_4q_growth_year": 169.42,
            "roe": 4.01,
            "roe_4q": 72.97,
            "gross_profit": 16074,
            "gross_margin": 5.09,
            "gross_margin_4q_avg": 9.57,
            "net_income": 7525,
            "net_income_4q": null,
            "revenue": 315585,
            "revenue_4q": null,
            "common_shares": 232154,
            "book_valuer_per_share": 9.02,
            "book_valuer_per_share_4q_avg": 7.47,
            "equity": 209422,
            "current_ratio": 290.18,
            "debt_ratio": 49.31,
            "inventory_turnover_ratio": 3.26,
            "account_receivable_turnover_ratio": 8.5,
            "reinvestment_rate": -0.19,
            "research_to_sale_ratio": null,
            "price_fair": 102.55,
            "eps_avg_yearly": 2.93,
            "eps_latest_yearly": 1.44,
            "eps_growth_yearly": 137.41
        },
        "20142": {
            "year_quarter": 20142,
            "year": 2014,
            "quarter": 2,
            "eps": 0.38,
            "eps_growth_year": -80,
            "eps_4q": 2.41,
            "eps_4q_growth_year": -22.74,
            "roe": 3.89,
            "roe_4q": 38.65,
            "gross_profit": 13919,
            "gross_margin": 4.31,
            "gross_margin_4q_avg": 6.84,
            "net_income": 8775,
            "net_income_4q": null,
            "revenue": 322859,
            "revenue_4q": null,
            "common_shares": 249654,
            "book_valuer_per_share": 9.7,
            "book_valuer_per_share_4q_avg": 8.42,
            "equity": 242059,
            "current_ratio": 249.9,
            "debt_ratio": 48.08,
            "inventory_turnover_ratio": 2.64,
            "account_receivable_turnover_ratio": 6.44,
            "reinvestment_rate": -0.13,
            "research_to_sale_ratio": null,
            "price_fair": 105,
            "eps_avg_yearly": 3,
            "eps_latest_yearly": 1.52,
            "eps_growth_yearly": 142.19
        },
        "20143": {
            "year_quarter": 20143,
            "year": 2014,
            "quarter": 3,
            "eps": 0.06,
            "eps_growth_year": -93.81,
            "eps_4q": 1.08,
            "eps_4q_growth_year": -71.25,
            "roe": 0.54,
            "roe_4q": 24.08,
            "gross_profit": 7055,
            "gross_margin": 3.46,
            "gross_margin_4q_avg": 5.18,
            "net_income": 1939,
            "net_income_4q": null,
            "revenue": 203808,
            "revenue_4q": null,
            "common_shares": 391506,
            "book_valuer_per_share": 12.18,
            "book_valuer_per_share_4q_avg": 9.74,
            "equity": 476922,
            "current_ratio": 268.85,
            "debt_ratio": 28.51,
            "inventory_turnover_ratio": 1.57,
            "account_receivable_turnover_ratio": 4.84,
            "reinvestment_rate": 245.93,
            "research_to_sale_ratio": null,
            "price_fair": 94.27,
            "eps_avg_yearly": 2.69,
            "eps_latest_yearly": 0.24,
            "eps_growth_yearly": 88.97
        },
        "20144": {
            "year_quarter": 20144,
            "year": 2014,
            "quarter": 4,
            "eps": 0.35,
            "eps_growth_year": -69.83,
            "eps_4q": 0.81,
            "eps_4q_growth_year": -82.2,
            "roe": 2.77,
            "roe_4q": 11.21,
            "gross_profit": 18661,
            "gross_margin": 5.14,
            "gross_margin_4q_avg": 4.5,
            "net_income": 14153,
            "net_income_4q": null,
            "revenue": 362880,
            "revenue_4q": null,
            "common_shares": 401198,
            "book_valuer_per_share": 13.61,
            "book_valuer_per_share_4q_avg": 11.13,
            "equity": 545999,
            "current_ratio": 366.2,
            "debt_ratio": 15.52,
            "inventory_turnover_ratio": 3.97,
            "account_receivable_turnover_ratio": 8.02,
            "reinvestment_rate": 299.5,
            "research_to_sale_ratio": null,
            "price_fair": 89.74,
            "eps_avg_yearly": 2.56,
            "eps_latest_yearly": 1.4,
            "eps_growth_yearly": 273.4
        },
        "20151": {
            "year_quarter": 20151,
            "year": 2015,
            "quarter": 1,
            "eps": 2.1,
            "eps_growth_year": 483.33,
            "eps_4q": 2.67,
            "eps_4q_growth_year": -31.45,
            "roe": 14.62,
            "roe_4q": 21.82,
            "gross_profit": 156733,
            "gross_margin": 22.25,
            "gross_margin_4q_avg": 8.79,
            "net_income": 84968,
            "net_income_4q": null,
            "revenue": 704343,
            "revenue_4q": null,
            "common_shares": 410736,
            "book_valuer_per_share": 15.01,
            "book_valuer_per_share_4q_avg": 12.63,
            "equity": 616568,
            "current_ratio": 136.2,
            "debt_ratio": 72.34,
            "inventory_turnover_ratio": 3.25,
            "account_receivable_turnover_ratio": 4.47,
            "reinvestment_rate": 404.33,
            "research_to_sale_ratio": 2.08,
            "price_fair": 108.31,
            "eps_avg_yearly": 3.09,
            "eps_latest_yearly": 8.4,
            "eps_growth_yearly": 430.37
        },
        "20152": {
            "year_quarter": 20152,
            "year": 2015,
            "quarter": 2,
            "eps": 0.95,
            "eps_growth_year": 150,
            "eps_4q": 3.38,
            "eps_4q_growth_year": 40.21,
            "roe": 5.98,
            "roe_4q": 23.91,
            "gross_profit": 107587,
            "gross_margin": 21.5,
            "gross_margin_4q_avg": 13.09,
            "net_income": 37996,
            "net_income_4q": null,
            "revenue": 500443,
            "revenue_4q": null,
            "common_shares": 410813,
            "book_valuer_per_share": 15.94,
            "book_valuer_per_share_4q_avg": 14.19,
            "equity": 654663,
            "current_ratio": 135.31,
            "debt_ratio": 67.5,
            "inventory_turnover_ratio": 1.46,
            "account_receivable_turnover_ratio": 1.99,
            "reinvestment_rate": 314.75,
            "research_to_sale_ratio": 2.79,
            "price_fair": 110.37,
            "eps_avg_yearly": 3.15,
            "eps_latest_yearly": 3.8,
            "eps_growth_yearly": 376.25
        },
        "20153": {
            "year_quarter": 20153,
            "year": 2015,
            "quarter": 3,
            "eps": 3.12,
            "eps_growth_year": 5100,
            "eps_4q": 6.36,
            "eps_4q_growth_year": 488.22,
            "roe": 17.19,
            "roe_4q": 40.56,
            "gross_profit": 188758,
            "gross_margin": 28.42,
            "gross_margin_4q_avg": 19.33,
            "net_income": 125125,
            "net_income_4q": null,
            "revenue": 664185,
            "revenue_4q": null,
            "common_shares": 412513,
            "book_valuer_per_share": 19.43,
            "book_valuer_per_share_4q_avg": 16,
            "equity": 801379,
            "current_ratio": 185.58,
            "debt_ratio": 56.67,
            "inventory_turnover_ratio": 2.17,
            "account_receivable_turnover_ratio": 2.13,
            "reinvestment_rate": 200.09,
            "research_to_sale_ratio": 2.42,
            "price_fair": 135.48,
            "eps_avg_yearly": 3.87,
            "eps_latest_yearly": 12.48,
            "eps_growth_yearly": 417.59
        },
        "20154": {
            "year_quarter": 20154,
            "year": 2015,
            "quarter": 4,
            "eps": 3.33,
            "eps_growth_year": 843.14,
            "eps_4q": 9.12,
            "eps_4q_growth_year": 1029.21,
            "roe": 15.51,
            "roe_4q": 53.300000000000004,
            "gross_profit": 207555,
            "gross_margin": 29.15,
            "gross_margin_4q_avg": 25.33,
            "net_income": 142560,
            "net_income_4q": null,
            "revenue": 712009,
            "revenue_4q": null,
            "common_shares": 428481,
            "book_valuer_per_share": 24.19,
            "book_valuer_per_share_4q_avg": 18.64,
            "equity": 1036366,
            "current_ratio": 149.95,
            "debt_ratio": 40.29,
            "inventory_turnover_ratio": 3.57,
            "account_receivable_turnover_ratio": 2.26,
            "reinvestment_rate": 177.66,
            "research_to_sale_ratio": 2.61,
            "price_fair": 159.1,
            "eps_avg_yearly": 4.55,
            "eps_latest_yearly": 13.32,
            "eps_growth_yearly": 389.68
        },
        "20161": {
            "year_quarter": 20161,
            "year": 2016,
            "quarter": 1,
            "eps": 3.05,
            "eps_growth_year": 45.24,
            "eps_4q": 10.02,
            "eps_4q_growth_year": 274.55,
            "roe": 11.66,
            "roe_4q": 50.34,
            "gross_profit": 231193,
            "gross_margin": 32.61,
            "gross_margin_4q_avg": 27.92,
            "net_income": 131351,
            "net_income_4q": null,
            "revenue": 708997,
            "revenue_4q": null,
            "common_shares": 411736,
            "book_valuer_per_share": 27.9,
            "book_valuer_per_share_4q_avg": 21.87,
            "equity": 1217182,
            "current_ratio": 147.33,
            "debt_ratio": 38.79,
            "inventory_turnover_ratio": 4.81,
            "account_receivable_turnover_ratio": 2.7,
            "reinvestment_rate": 124.88,
            "research_to_sale_ratio": 2.45,
            "price_fair": 176.96,
            "eps_avg_yearly": 5.06,
            "eps_latest_yearly": 12.2,
            "eps_growth_yearly": 361.46
        },
        "20162": {
            "year_quarter": 20162,
            "year": 2016,
            "quarter": 2,
            "eps": 2.03,
            "eps_growth_year": 113.68,
            "eps_4q": 10.43,
            "eps_4q_growth_year": 208.11,
            "roe": 8.35,
            "roe_4q": 52.709999999999994,
            "gross_profit": 168173,
            "gross_margin": 29.68,
            "gross_margin_4q_avg": 29.97,
            "net_income": 95978,
            "net_income_4q": null,
            "revenue": 566544,
            "revenue_4q": null,
            "common_shares": 431557,
            "book_valuer_per_share": 24.57,
            "book_valuer_per_share_4q_avg": 24.02,
            "equity": 1081240,
            "current_ratio": 110.86,
            "debt_ratio": 52.3,
            "inventory_turnover_ratio": 3.87,
            "account_receivable_turnover_ratio": 2.34,
            "reinvestment_rate": 119.37,
            "research_to_sale_ratio": 2.83,
            "price_fair": 183.66,
            "eps_avg_yearly": 5.25,
            "eps_latest_yearly": 8.12,
            "eps_growth_yearly": 330.51
        },
        "20163": {
            "year_quarter": 20163,
            "year": 2016,
            "quarter": 3,
            "eps": 1.43,
            "eps_growth_year": -54.17,
            "eps_4q": 9.04,
            "eps_4q_growth_year": 42.19,
            "roe": 6.06,
            "roe_4q": 41.58,
            "gross_profit": 123817,
            "gross_margin": 23.7,
            "gross_margin_4q_avg": 28.79,
            "net_income": 68351,
            "net_income_4q": null,
            "revenue": 522523,
            "revenue_4q": null,
            "common_shares": 466082,
            "book_valuer_per_share": 24.24,
            "book_valuer_per_share_4q_avg": 25.23,
            "equity": 1175276,
            "current_ratio": 126.11,
            "debt_ratio": 49.68,
            "inventory_turnover_ratio": 4.26,
            "account_receivable_turnover_ratio": 2.58,
            "reinvestment_rate": 118.46,
            "research_to_sale_ratio": 3.59,
            "price_fair": 193.29,
            "eps_avg_yearly": 5.52,
            "eps_latest_yearly": 5.72,
            "eps_growth_yearly": 310.62
        },
        "20164": {
            "year_quarter": 20164,
            "year": 2016,
            "quarter": 4,
            "eps": 3.11,
            "eps_growth_year": -6.53,
            "eps_4q": 9.21,
            "eps_4q_growth_year": 1.05,
            "roe": 12.16,
            "roe_4q": 38.230000000000004,
            "gross_profit": 181191,
            "gross_margin": 32.4,
            "gross_margin_4q_avg": 29.6,
            "net_income": 150687,
            "net_income_4q": null,
            "revenue": 559219,
            "revenue_4q": null,
            "common_shares": 489325,
            "book_valuer_per_share": 26.89,
            "book_valuer_per_share_4q_avg": 25.9,
            "equity": 1302740,
            "current_ratio": 149.31,
            "debt_ratio": 29.27,
            "inventory_turnover_ratio": 4.44,
            "account_receivable_turnover_ratio": 2.57,
            "reinvestment_rate": 102.36,
            "research_to_sale_ratio": 3.34,
            "price_fair": 217.09,
            "eps_avg_yearly": 6.2,
            "eps_latest_yearly": 12.44,
            "eps_growth_yearly": 335.45
        },
        "20171": {
            "year_quarter": 20171,
            "year": 2017,
            "quarter": 1,
            "eps": 2.06,
            "eps_growth_year": -32.46,
            "eps_4q": 8.58,
            "eps_4q_growth_year": -14.32,
            "roe": 7.46,
            "roe_4q": 34.03,
            "gross_profit": 171971,
            "gross_margin": 34.33,
            "gross_margin_4q_avg": 30.03,
            "net_income": 101158,
            "net_income_4q": null,
            "revenue": 500908,
            "revenue_4q": null,
            "common_shares": 489325,
            "book_valuer_per_share": 29.03,
            "book_valuer_per_share_4q_avg": 26.18,
            "equity": 1407937,
            "current_ratio": 158.07,
            "debt_ratio": 34.94,
            "inventory_turnover_ratio": 3.38,
            "account_receivable_turnover_ratio": 2.01,
            "reinvestment_rate": 89.49,
            "research_to_sale_ratio": 3.07,
            "price_fair": 230.74,
            "eps_avg_yearly": 6.59,
            "eps_latest_yearly": 8.24,
            "eps_growth_yearly": 319.96
        },
        "20172": {
            "year_quarter": 20172,
            "year": 2017,
            "quarter": 2,
            "eps": 2.12,
            "eps_growth_year": 4.43,
            "eps_4q": 8.65,
            "eps_4q_growth_year": -17.06,
            "roe": 7.91,
            "roe_4q": 33.59,
            "gross_profit": 178302,
            "gross_margin": 33.23,
            "gross_margin_4q_avg": 30.92,
            "net_income": 104959,
            "net_income_4q": null,
            "revenue": 536585,
            "revenue_4q": null,
            "common_shares": 490942,
            "book_valuer_per_share": 25.36,
            "book_valuer_per_share_4q_avg": 26.38,
            "equity": 1246297,
            "current_ratio": 121.77,
            "debt_ratio": 51.23,
            "inventory_turnover_ratio": 3.48,
            "account_receivable_turnover_ratio": 2.12,
            "reinvestment_rate": 81.24,
            "research_to_sale_ratio": 2.93,
            "price_fair": 232.66,
            "eps_avg_yearly": 6.65,
            "eps_latest_yearly": 8.48,
            "eps_growth_yearly": 250.68
        },
        "20173": {
            "year_quarter": 20173,
            "year": 2017,
            "quarter": 3,
            "eps": 2.15,
            "eps_growth_year": 50.35,
            "eps_4q": 9.3,
            "eps_4q_growth_year": 2.87,
            "roe": 8.13,
            "roe_4q": 35.66,
            "gross_profit": 167968,
            "gross_margin": 31.64,
            "gross_margin_4q_avg": 32.9,
            "net_income": 107569,
            "net_income_4q": null,
            "revenue": 530791,
            "revenue_4q": null,
            "common_shares": 495851,
            "book_valuer_per_share": 28.05,
            "book_valuer_per_share_4q_avg": 27.33,
            "equity": 1400625,
            "current_ratio": 137.62,
            "debt_ratio": 50.99,
            "inventory_turnover_ratio": 3.79,
            "account_receivable_turnover_ratio": 1.99,
            "reinvestment_rate": 73.31,
            "research_to_sale_ratio": 2.88,
            "price_fair": 242.99,
            "eps_avg_yearly": 6.94,
            "eps_latest_yearly": 8.6,
            "eps_growth_yearly": 263.27
        },
        "20174": {
            "year_quarter": 20174,
            "year": 2017,
            "quarter": 4,
            "eps": 2.45,
            "eps_growth_year": -21.25,
            "eps_4q": 8.73,
            "eps_4q_growth_year": -5.25,
            "roe": 8.36,
            "roe_4q": 31.860000000000003,
            "gross_profit": 209417,
            "gross_margin": 35.85,
            "gross_margin_4q_avg": 33.76,
            "net_income": 122340,
            "net_income_4q": null,
            "revenue": 584113,
            "revenue_4q": null,
            "common_shares": 499531,
            "book_valuer_per_share": 30.55,
            "book_valuer_per_share_4q_avg": 28.25,
            "equity": 1525872,
            "current_ratio": 152.02,
            "debt_ratio": 54.39,
            "inventory_turnover_ratio": 4.02,
            "account_receivable_turnover_ratio": 2.02,
            "reinvestment_rate": 69.22,
            "research_to_sale_ratio": 2.45,
            "price_fair": 254.19,
            "eps_avg_yearly": 7.26,
            "eps_latest_yearly": 9.8,
            "eps_growth_yearly": 261.61
        },
        "20181": {
            "year_quarter": 20181,
            "year": 2018,
            "quarter": 1,
            "eps": 2.01,
            "eps_growth_year": -2.43,
            "eps_4q": 8.71,
            "eps_4q_growth_year": 1.52,
            "roe": 6.37,
            "roe_4q": 30.77,
            "gross_profit": 199576,
            "gross_margin": 34.86,
            "gross_margin_4q_avg": 33.9,
            "net_income": 100411,
            "net_income_4q": null,
            "revenue": 572498,
            "revenue_4q": null,
            "common_shares": 499531,
            "book_valuer_per_share": 32.58,
            "book_valuer_per_share_4q_avg": 29.14,
            "equity": 1627959,
            "current_ratio": 156.14,
            "debt_ratio": 51.4,
            "inventory_turnover_ratio": 3.91,
            "account_receivable_turnover_ratio": 1.68,
            "reinvestment_rate": 62.75,
            "research_to_sale_ratio": 1.73,
            "price_fair": 268.63,
            "eps_avg_yearly": 7.68,
            "eps_latest_yearly": 8.04,
            "eps_growth_yearly": 274.43
        },
        "20182": {
            "year_quarter": 20182,
            "year": 2018,
            "quarter": 2,
            "eps": 3.16,
            "eps_growth_year": 49.06,
            "eps_4q": 9.95,
            "eps_4q_growth_year": 15.02,
            "roe": 11.25,
            "roe_4q": 34.11,
            "gross_profit": 193557,
            "gross_margin": 32.54,
            "gross_margin_4q_avg": 33.72,
            "net_income": 156895,
            "net_income_4q": null,
            "revenue": 594884,
            "revenue_4q": null,
            "common_shares": 499531,
            "book_valuer_per_share": 23.7,
            "book_valuer_per_share_4q_avg": 28.72,
            "equity": 1160479,
            "current_ratio": 128.22,
            "debt_ratio": 49.05,
            "inventory_turnover_ratio": 4.18,
            "account_receivable_turnover_ratio": 1.57,
            "reinvestment_rate": 55.29,
            "research_to_sale_ratio": 1.95,
            "price_fair": 292.95,
            "eps_avg_yearly": 8.37,
            "eps_latest_yearly": 12.64,
            "eps_growth_yearly": 287.34
        },
        "20183": {
            "year_quarter": 20183,
            "year": 2018,
            "quarter": 3,
            "eps": 2.1,
            "eps_growth_year": -2.33,
            "eps_4q": 9.63,
            "eps_4q_growth_year": 3.58,
            "roe": 7.84,
            "roe_4q": 33.82,
            "gross_profit": 191347,
            "gross_margin": 33.41,
            "gross_margin_4q_avg": 34.17,
            "net_income": 104534,
            "net_income_4q": null,
            "revenue": 572786,
            "revenue_4q": null,
            "common_shares": 500671,
            "book_valuer_per_share": 29.98,
            "book_valuer_per_share_4q_avg": 29.2,
            "equity": 1507215,
            "current_ratio": 173.48,
            "debt_ratio": 28.71,
            "inventory_turnover_ratio": 3.71,
            "account_receivable_turnover_ratio": 1.54,
            "reinvestment_rate": 36.17,
            "research_to_sale_ratio": 2.33,
            "price_fair": 310.8,
            "eps_avg_yearly": 8.88,
            "eps_latest_yearly": 8.4,
            "eps_growth_yearly": 300.01
        },
        "20184": {
            "year_quarter": 20184,
            "year": 2018,
            "quarter": 4,
            "eps": 2.59,
            "eps_growth_year": 5.79,
            "eps_4q": 9.79,
            "eps_4q_growth_year": 12.11,
            "roe": 8.28,
            "roe_4q": 33.739999999999995,
            "gross_profit": 179374,
            "gross_margin": 33.34,
            "gross_margin_4q_avg": 33.54,
            "net_income": 130307,
            "net_income_4q": null,
            "revenue": 538069,
            "revenue_4q": null,
            "common_shares": 500671,
            "book_valuer_per_share": 32.61,
            "book_valuer_per_share_4q_avg": 29.72,
            "equity": 1640247,
            "current_ratio": 199.95,
            "debt_ratio": 25.05,
            "inventory_turnover_ratio": 2.91,
            "account_receivable_turnover_ratio": 1.38,
            "reinvestment_rate": 29.49,
            "research_to_sale_ratio": 2.44,
            "price_fair": 330.4,
            "eps_avg_yearly": 9.44,
            "eps_latest_yearly": 10.36,
            "eps_growth_yearly": 185.01
        },
        "20191": {
            "year_quarter": 20191,
            "year": 2019,
            "quarter": 1,
            "eps": 2.31,
            "eps_growth_year": 14.93,
            "eps_4q": 10.1,
            "eps_4q_growth_year": 15.91,
            "roe": 6.84,
            "roe_4q": 34.21,
            "gross_profit": 206325,
            "gross_margin": 33.11,
            "gross_margin_4q_avg": 33.1,
            "net_income": 116258,
            "net_income_4q": null,
            "revenue": 623097,
            "revenue_4q": null,
            "common_shares": 503061,
            "book_valuer_per_share": 34.94,
            "book_valuer_per_share_4q_avg": 30.31,
            "equity": 1757546,
            "current_ratio": 182.6,
            "debt_ratio": 30.57,
            "inventory_turnover_ratio": 3.18,
            "account_receivable_turnover_ratio": 1.43,
            "reinvestment_rate": 2.88,
            "research_to_sale_ratio": 2.33,
            "price_fair": 332.24,
            "eps_avg_yearly": 9.49,
            "eps_latest_yearly": 9.24,
            "eps_growth_yearly": 57.3
        },
        "20192": {
            "year_quarter": 20192,
            "year": 2019,
            "quarter": 2,
            "eps": 1.63,
            "eps_growth_year": -48.42,
            "eps_4q": 8.61,
            "eps_4q_growth_year": -13.5,
            "roe": 5.15,
            "roe_4q": 28.11,
            "gross_profit": 162931,
            "gross_margin": 29.89,
            "gross_margin_4q_avg": 32.44,
            "net_income": 81907,
            "net_income_4q": null,
            "revenue": 545066,
            "revenue_4q": null,
            "common_shares": 503061,
            "book_valuer_per_share": 28.32,
            "book_valuer_per_share_4q_avg": 31.46,
            "equity": 1424794,
            "current_ratio": 118.33,
            "debt_ratio": 49.71,
            "inventory_turnover_ratio": 3.07,
            "account_receivable_turnover_ratio": 1.3,
            "reinvestment_rate": 10.25,
            "research_to_sale_ratio": 2.55,
            "price_fair": 338.19,
            "eps_avg_yearly": 9.66,
            "eps_latest_yearly": 6.52,
            "eps_growth_yearly": 63.64
        },
        "20193": {
            "year_quarter": 20193,
            "year": 2019,
            "quarter": 3,
            "eps": 0.58,
            "eps_growth_year": -72.38,
            "eps_4q": 6.26,
            "eps_4q_growth_year": -35.05,
            "roe": 1.7,
            "roe_4q": 21.97,
            "gross_profit": 113546,
            "gross_margin": 22.62,
            "gross_margin_4q_avg": 29.74,
            "net_income": 31107,
            "net_income_4q": null,
            "revenue": 501902,
            "revenue_4q": null,
            "common_shares": 573091,
            "book_valuer_per_share": 38.74,
            "book_valuer_per_share_4q_avg": 33.65,
            "equity": 2226460,
            "current_ratio": 253.58,
            "debt_ratio": 23.2,
            "inventory_turnover_ratio": 2.6,
            "account_receivable_turnover_ratio": 1.41,
            "reinvestment_rate": 10.74,
            "research_to_sale_ratio": 3.28,
            "price_fair": 27.08,
            "eps_avg_yearly": 9.03,
            "eps_latest_yearly": 2.32,
            "eps_growth_yearly": -9.57
        },
        "20194": {
            "year_quarter": 20194,
            "year": 2019,
            "quarter": 4,
            "eps": 0.71,
            "eps_growth_year": -72.78,
            "eps_4q": 4.71,
            "eps_4q_growth_year": -51.88,
            "roe": 1.84,
            "roe_4q": 15.530000000000001,
            "gross_profit": 184054,
            "gross_margin": 28.4,
            "gross_margin_4q_avg": 28.51,
            "net_income": 40396,
            "net_income_4q": null,
            "revenue": 647985,
            "revenue_4q": null,
            "common_shares": 579781,
            "book_valuer_per_share": 37.81,
            "book_valuer_per_share_4q_avg": 34.95,
            "equity": 2165498,
            "current_ratio": 220.16,
            "debt_ratio": 27.16,
            "inventory_turnover_ratio": 2.59,
            "account_receivable_turnover_ratio": 1.65,
            "reinvestment_rate": 6.33,
            "research_to_sale_ratio": 2.46,
            "price_fair": 25.12,
            "eps_avg_yearly": 8.37,
            "eps_latest_yearly": 2.84,
            "eps_growth_yearly": -5.65
        },
        "20201": {
            "year_quarter": 20201,
            "year": 2020,
            "quarter": 1,
            "eps": 1.53,
            "eps_growth_year": -33.77,
            "eps_4q": 4.22,
            "eps_4q_growth_year": -58.17,
            "roe": 4,
            "roe_4q": 12.690000000000001,
            "gross_profit": 189945,
            "gross_margin": 29.92,
            "gross_margin_4q_avg": 27.71,
            "net_income": 88629,
            "net_income_4q": null,
            "revenue": 634850,
            "revenue_4q": null,
            "common_shares": 580331,
            "book_valuer_per_share": 39.54,
            "book_valuer_per_share_4q_avg": 36.1,
            "equity": 2265810,
            "current_ratio": 212.39,
            "debt_ratio": 28.93,
            "inventory_turnover_ratio": 2.31,
            "account_receivable_turnover_ratio": 1.46,
            "reinvestment_rate": 14.83,
            "research_to_sale_ratio": 2.39,
            "price_fair": 279.74,
            "eps_avg_yearly": 7.99,
            "eps_latest_yearly": 6.12,
            "eps_growth_yearly": 25.32
        }
    },
    "months": {
        "2003-03": {
            "month": "2003-03",
            "price": "13.75",
            "revenue": 28430
        },
        "2003-04": {
            "month": "2003-04",
            "price": "11.43",
            "revenue": 47687
        },
        "2003-05": {
            "month": "2003-05",
            "price": "11.18",
            "revenue": 52621
        },
        "2003-06": {
            "month": "2003-06",
            "price": "13.44",
            "revenue": 52953
        },
        "2003-07": {
            "month": "2003-07",
            "price": "12.10",
            "revenue": 142243
        },
        "2003-08": {
            "month": "2003-08",
            "price": "11.98",
            "revenue": 42187
        },
        "2003-09": {
            "month": "2003-09",
            "price": "10.20",
            "revenue": 49725
        },
        "2003-10": {
            "month": "2003-10",
            "price": "9.95",
            "revenue": 73487
        },
        "2003-11": {
            "month": "2003-11",
            "price": "9.56",
            "revenue": 71041
        },
        "2003-12": {
            "month": "2003-12",
            "price": "9.39",
            "revenue": 57254
        },
        "2004-01": {
            "month": "2004-01",
            "price": "9.42",
            "revenue": 78474
        },
        "2004-02": {
            "month": "2004-02",
            "price": "10.02",
            "revenue": 27800
        },
        "2004-03": {
            "month": "2004-03",
            "price": "11.28",
            "revenue": 36050
        },
        "2004-04": {
            "month": "2004-04",
            "price": "10.71",
            "revenue": 42654
        },
        "2004-05": {
            "month": "2004-05",
            "price": "8.43",
            "revenue": 27267
        },
        "2004-06": {
            "month": "2004-06",
            "price": "7.31",
            "revenue": 42084
        },
        "2004-07": {
            "month": "2004-07",
            "price": "5.88",
            "revenue": 74991
        },
        "2004-08": {
            "month": "2004-08",
            "price": "6.25",
            "revenue": 41966
        },
        "2004-09": {
            "month": "2004-09",
            "price": "5.29",
            "revenue": 24062
        },
        "2004-10": {
            "month": "2004-10",
            "price": "4.37",
            "revenue": 28138
        },
        "2004-11": {
            "month": "2004-11",
            "price": "3.66",
            "revenue": 101573
        },
        "2004-12": {
            "month": "2004-12",
            "price": "3.26",
            "revenue": 55959
        },
        "2005-01": {
            "month": "2005-01",
            "price": "3.34",
            "revenue": 36261
        },
        "2005-02": {
            "month": "2005-02",
            "price": "3.20",
            "revenue": 28351
        },
        "2005-03": {
            "month": "2005-03",
            "price": "3.22",
            "revenue": 58329
        },
        "2005-04": {
            "month": "2005-04",
            "price": "3.08",
            "revenue": 14763
        },
        "2005-05": {
            "month": "2005-05",
            "price": "3.13",
            "revenue": 36824
        },
        "2005-06": {
            "month": "2005-06",
            "price": "3.81",
            "revenue": 42949
        },
        "2005-07": {
            "month": "2005-07",
            "price": "4.77",
            "revenue": 16764
        },
        "2005-08": {
            "month": "2005-08",
            "price": "4.10",
            "revenue": 3633
        },
        "2005-09": {
            "month": "2005-09",
            "price": "3.48",
            "revenue": -16493
        },
        "2005-10": {
            "month": "2005-10",
            "price": "2.99",
            "revenue": -45249
        },
        "2005-11": {
            "month": "2005-11",
            "price": "2.68",
            "revenue": -61873
        },
        "2005-12": {
            "month": "2005-12",
            "price": "2.85",
            "revenue": 5296
        },
        "2006-01": {
            "month": "2006-01",
            "price": "3.09",
            "revenue": 28369
        },
        "2006-02": {
            "month": "2006-02",
            "price": "2.93",
            "revenue": 4289
        },
        "2006-03": {
            "month": "2006-03",
            "price": "2.71",
            "revenue": 39965
        },
        "2006-04": {
            "month": "2006-04",
            "price": "4.93",
            "revenue": 29316
        },
        "2006-05": {
            "month": "2006-05",
            "price": "3.81",
            "revenue": 18047
        },
        "2006-06": {
            "month": "2006-06",
            "price": "2.29",
            "revenue": 19159
        },
        "2006-07": {
            "month": "2006-07",
            "price": "2.43",
            "revenue": 16416
        },
        "2006-08": {
            "month": "2006-08",
            "price": "1.91",
            "revenue": 32513
        },
        "2006-09": {
            "month": "2006-09",
            "price": "2.01",
            "revenue": 12500
        },
        "2006-10": {
            "month": "2006-10",
            "price": "1.93",
            "revenue": 39069
        },
        "2006-11": {
            "month": "2006-11",
            "price": "1.34",
            "revenue": 5160
        },
        "2006-12": {
            "month": "2006-12",
            "price": "1.60",
            "revenue": 12217
        },
        "2007-01": {
            "month": "2007-01",
            "price": "1.94",
            "revenue": 19039
        },
        "2007-02": {
            "month": "2007-02",
            "price": "1.76",
            "revenue": 23340
        },
        "2007-03": {
            "month": "2007-03",
            "price": "4.28",
            "revenue": 8772
        },
        "2007-04": {
            "month": "2007-04",
            "price": "4.85",
            "revenue": 1520
        },
        "2007-05": {
            "month": "2007-05",
            "price": "6.06",
            "revenue": 6562
        },
        "2007-06": {
            "month": "2007-06",
            "price": "5.24",
            "revenue": 4100
        },
        "2007-07": {
            "month": "2007-07",
            "price": "5.05",
            "revenue": 6066
        },
        "2007-08": {
            "month": "2007-08",
            "price": "3.88",
            "revenue": 10214
        },
        "2007-09": {
            "month": "2007-09",
            "price": "3.33",
            "revenue": 3595
        },
        "2007-10": {
            "month": "2007-10",
            "price": "3.47",
            "revenue": 8717
        },
        "2007-11": {
            "month": "2007-11",
            "price": "3.02",
            "revenue": 6083
        },
        "2007-12": {
            "month": "2007-12",
            "price": "2.61",
            "revenue": 13248
        },
        "2008-01": {
            "month": "2008-01",
            "price": "3.23",
            "revenue": 11651
        },
        "2008-02": {
            "month": "2008-02",
            "price": "2.72",
            "revenue": 7542
        },
        "2008-03": {
            "month": "2008-03",
            "price": "2.58",
            "revenue": 6793
        },
        "2008-04": {
            "month": "2008-04",
            "price": "2.32",
            "revenue": 8636
        },
        "2008-05": {
            "month": "2008-05",
            "price": "2.49",
            "revenue": 4705
        },
        "2008-06": {
            "month": "2008-06",
            "price": "2.08",
            "revenue": 4213
        },
        "2008-07": {
            "month": "2008-07",
            "price": "1.80",
            "revenue": 10671
        },
        "2008-08": {
            "month": "2008-08",
            "price": "1.87",
            "revenue": 5406
        },
        "2008-09": {
            "month": "2008-09",
            "price": "1.42",
            "revenue": 12040
        },
        "2008-10": {
            "month": "2008-10",
            "price": "1.01",
            "revenue": 8472
        },
        "2008-11": {
            "month": "2008-11",
            "price": "0.69",
            "revenue": 6324
        },
        "2008-12": {
            "month": "2008-12",
            "price": "1.95",
            "revenue": 25178
        },
        "2009-01": {
            "month": "2009-01",
            "price": "2.11",
            "revenue": 24272
        },
        "2009-02": {
            "month": "2009-02",
            "price": "2.01",
            "revenue": 35841
        },
        "2009-03": {
            "month": "2009-03",
            "price": "1.93",
            "revenue": 34665
        },
        "2009-04": {
            "month": "2009-04",
            "price": "2.26",
            "revenue": 56888
        },
        "2009-05": {
            "month": "2009-05",
            "price": "2.88",
            "revenue": 77117
        },
        "2009-06": {
            "month": "2009-06",
            "price": "3.61",
            "revenue": 60127
        },
        "2009-07": {
            "month": "2009-07",
            "price": "3.42",
            "revenue": 93650
        },
        "2009-08": {
            "month": "2009-08",
            "price": "5.96",
            "revenue": 96464
        },
        "2009-09": {
            "month": "2009-09",
            "price": "9.09",
            "revenue": 167189
        },
        "2009-10": {
            "month": "2009-10",
            "price": "8.81",
            "revenue": 169159
        },
        "2009-11": {
            "month": "2009-11",
            "price": "11.52",
            "revenue": 52280
        },
        "2009-12": {
            "month": "2009-12",
            "price": "12.61",
            "revenue": 125021
        },
        "2010-01": {
            "month": "2010-01",
            "price": "12.29",
            "revenue": 226756
        },
        "2010-02": {
            "month": "2010-02",
            "price": "11.77",
            "revenue": 149709
        },
        "2010-03": {
            "month": "2010-03",
            "price": "11.90",
            "revenue": 323867
        },
        "2010-04": {
            "month": "2010-04",
            "price": "20.08",
            "revenue": 332452
        },
        "2010-05": {
            "month": "2010-05",
            "price": "15.77",
            "revenue": 113183
        },
        "2010-06": {
            "month": "2010-06",
            "price": "14.92",
            "revenue": 329428
        },
        "2010-07": {
            "month": "2010-07",
            "price": "14.77",
            "revenue": 331730
        },
        "2010-08": {
            "month": "2010-08",
            "price": "11.41",
            "revenue": 254821
        },
        "2010-09": {
            "month": "2010-09",
            "price": "10.79",
            "revenue": 199611
        },
        "2010-10": {
            "month": "2010-10",
            "price": "10.32",
            "revenue": 273236
        },
        "2010-11": {
            "month": "2010-11",
            "price": "13.06",
            "revenue": 173542
        },
        "2010-12": {
            "month": "2010-12",
            "price": "13.05",
            "revenue": 384299
        },
        "2011-01": {
            "month": "2011-01",
            "price": "11.79",
            "revenue": 192230
        },
        "2011-02": {
            "month": "2011-02",
            "price": "13.12",
            "revenue": 192930
        },
        "2011-03": {
            "month": "2011-03",
            "price": "13.52",
            "revenue": 279311
        },
        "2011-04": {
            "month": "2011-04",
            "price": "10.05",
            "revenue": 100420
        },
        "2011-05": {
            "month": "2011-05",
            "price": "10.15",
            "revenue": 127258
        },
        "2011-07": {
            "month": "2011-07",
            "price": "12.17",
            "revenue": 84603
        },
        "2011-08": {
            "month": "2011-08",
            "price": "10.52",
            "revenue": 139891
        },
        "2011-09": {
            "month": "2011-09",
            "price": "9.44",
            "revenue": 158636
        },
        "2011-12": {
            "month": "2011-12",
            "price": "7.99",
            "revenue": 142001
        },
        "2012-01": {
            "month": "2012-01",
            "price": "6.85",
            "revenue": 96358
        },
        "2012-03": {
            "month": "2012-03",
            "price": "5.29",
            "revenue": 121225
        },
        "2012-04": {
            "month": "2012-04",
            "price": "2.96",
            "revenue": 83428
        },
        "2012-05": {
            "month": "2012-05",
            "price": "2.90",
            "revenue": 104153
        },
        "2012-09": {
            "month": "2012-09",
            "price": "3.41",
            "revenue": 86903
        },
        "2012-10": {
            "month": "2012-10",
            "price": "3.80",
            "revenue": 118036
        },
        "2012-11": {
            "month": "2012-11",
            "price": "4.43",
            "revenue": 121459
        },
        "2013-01": {
            "month": "2013-01",
            "price": "5.40",
            "revenue": 134325
        },
        "2013-03": {
            "month": "2013-03",
            "price": "5.19",
            "revenue": 120537
        },
        "2013-04": {
            "month": "2013-04",
            "price": "6.14",
            "revenue": 83436
        },
        "2013-05": {
            "month": "2013-05",
            "price": "8.40",
            "revenue": 174315
        },
        "2013-06": {
            "month": "2013-06",
            "price": "10.27",
            "revenue": 45050
        },
        "2013-07": {
            "month": "2013-07",
            "price": "9.19",
            "revenue": 68947
        },
        "2013-08": {
            "month": "2013-08",
            "price": "12.49",
            "revenue": 75007
        },
        "2013-09": {
            "month": "2013-09",
            "price": "12.17",
            "revenue": 148402
        },
        "2013-10": {
            "month": "2013-10",
            "price": "11.42",
            "revenue": 112157
        },
        "2013-11": {
            "month": "2013-11",
            "price": "14.97",
            "revenue": 110325
        },
        "2013-12": {
            "month": "2013-12",
            "price": "13.39",
            "revenue": 132226
        },
        "2014-01": {
            "month": "2014-01",
            "price": "17.02",
            "revenue": 111407
        },
        "2014-02": {
            "month": "2014-02",
            "price": "17.30",
            "revenue": 79592
        },
        "2014-03": {
            "month": "2014-03",
            "price": "18.39",
            "revenue": 126340
        },
        "2014-04": {
            "month": "2014-04",
            "price": "21.71",
            "revenue": 129103
        },
        "2014-05": {
            "month": "2014-05",
            "price": "28.56",
            "revenue": 80308
        },
        "2014-06": {
            "month": "2014-06",
            "price": "30.24",
            "revenue": 117505
        },
        "2014-07": {
            "month": "2014-07",
            "price": "28.51",
            "revenue": 79750
        },
        "2014-08": {
            "month": "2014-08",
            "price": "24.64",
            "revenue": 44185
        },
        "2014-09": {
            "month": "2014-09",
            "price": "28.12",
            "revenue": 75949
        },
        "2014-10": {
            "month": "2014-10",
            "price": "25.98",
            "revenue": 132388
        },
        "2014-11": {
            "month": "2014-11",
            "price": "28.91",
            "revenue": 111493
        },
        "2014-12": {
            "month": "2014-12",
            "price": "34.94",
            "revenue": 107180
        },
        "2015-01": {
            "month": "2015-01",
            "price": "43.37",
            "revenue": 276771
        },
        "2015-02": {
            "month": "2015-02",
            "price": "43.94",
            "revenue": 181677
        },
        "2015-03": {
            "month": "2015-03",
            "price": "48.09",
            "revenue": 245783
        },
        "2015-04": {
            "month": "2015-04",
            "price": "50.96",
            "revenue": 151048
        },
        "2015-05": {
            "month": "2015-05",
            "price": "62.10",
            "revenue": 147545
        },
        "2015-06": {
            "month": "2015-06",
            "price": "69.37",
            "revenue": 202742
        },
        "2015-07": {
            "month": "2015-07",
            "price": "66.13",
            "revenue": 198872
        },
        "2015-08": {
            "month": "2015-08",
            "price": "59.89",
            "revenue": 213792
        },
        "2015-09": {
            "month": "2015-09",
            "price": "76.00",
            "revenue": 242836
        },
        "2015-10": {
            "month": "2015-10",
            "price": "134.43",
            "revenue": 233662
        },
        "2015-11": {
            "month": "2015-11",
            "price": "159.76",
            "revenue": 242622
        },
        "2015-12": {
            "month": "2015-12",
            "price": "169.20",
            "revenue": 237143
        },
        "2016-01": {
            "month": "2016-01",
            "price": "188.02",
            "revenue": 247235
        },
        "2016-02": {
            "month": "2016-02",
            "price": "248.27",
            "revenue": 210211
        },
        "2016-03": {
            "month": "2016-03",
            "price": "324.07",
            "revenue": 251134
        },
        "2016-04": {
            "month": "2016-04",
            "price": "363.32",
            "revenue": 198539
        },
        "2016-05": {
            "month": "2016-05",
            "price": "289.57",
            "revenue": 182585
        },
        "2016-06": {
            "month": "2016-06",
            "price": "302.71",
            "revenue": 185420
        },
        "2016-07": {
            "month": "2016-07",
            "price": "303.48",
            "revenue": 190495
        },
        "2016-08": {
            "month": "2016-08",
            "price": "252.87",
            "revenue": 157384
        },
        "2016-09": {
            "month": "2016-09",
            "price": "204.79",
            "revenue": 174644
        },
        "2016-10": {
            "month": "2016-10",
            "price": "176.50",
            "revenue": 188479
        },
        "2016-11": {
            "month": "2016-11",
            "price": "168.34",
            "revenue": 181101
        },
        "2016-12": {
            "month": "2016-12",
            "price": "184.50",
            "revenue": 189640
        },
        "2017-01": {
            "month": "2017-01",
            "price": "212.94",
            "revenue": 154562
        },
        "2017-02": {
            "month": "2017-02",
            "price": "224.33",
            "revenue": 160545
        },
        "2017-03": {
            "month": "2017-03",
            "price": "201.07",
            "revenue": 185801
        },
        "2017-04": {
            "month": "2017-04",
            "price": "169.58",
            "revenue": 179958
        },
        "2017-05": {
            "month": "2017-05",
            "price": "180.95",
            "revenue": 178807
        },
        "2017-06": {
            "month": "2017-06",
            "price": "194.93",
            "revenue": 177820
        },
        "2017-07": {
            "month": "2017-07",
            "price": "196.14",
            "revenue": 178484
        },
        "2017-08": {
            "month": "2017-08",
            "price": "210.07",
            "revenue": 175946
        },
        "2017-09": {
            "month": "2017-09",
            "price": "262.95",
            "revenue": 176361
        },
        "2017-10": {
            "month": "2017-10",
            "price": "278.71",
            "revenue": 182744
        },
        "2017-11": {
            "month": "2017-11",
            "price": "248.41",
            "revenue": 200161
        },
        "2017-12": {
            "month": "2017-12",
            "price": "261.38",
            "revenue": 201208
        },
        "2018-01": {
            "month": "2018-01",
            "price": "266.64",
            "revenue": 199592
        },
        "2018-02": {
            "month": "2018-02",
            "price": "261.38",
            "revenue": 168961
        },
        "2018-03": {
            "month": "2018-03",
            "price": "244.52",
            "revenue": 203945
        },
        "2018-04": {
            "month": "2018-04",
            "price": "227.31",
            "revenue": 196291
        },
        "2018-05": {
            "month": "2018-05",
            "price": "213.39",
            "revenue": 205466
        },
        "2018-06": {
            "month": "2018-06",
            "price": "208.78",
            "revenue": 193127
        },
        "2018-07": {
            "month": "2018-07",
            "price": "188.36",
            "revenue": 195815
        },
        "2018-08": {
            "month": "2018-08",
            "price": "172.48",
            "revenue": 200550
        },
        "2018-09": {
            "month": "2018-09",
            "price": "149.21",
            "revenue": 176421
        },
        "2018-10": {
            "month": "2018-10",
            "price": "131.91",
            "revenue": 176801
        },
        "2018-11": {
            "month": "2018-11",
            "price": "132.70",
            "revenue": 160318
        },
        "2018-12": {
            "month": "2018-12",
            "price": "153.02",
            "revenue": 200950
        },
        "2019-01": {
            "month": "2019-01",
            "price": "176.14",
            "revenue": 215123
        },
        "2019-02": {
            "month": "2019-02",
            "price": "189.73",
            "revenue": 195381
        },
        "2019-03": {
            "month": "2019-03",
            "price": "188.42",
            "revenue": 212593
        },
        "2019-04": {
            "month": "2019-04",
            "price": "183.58",
            "revenue": 154608
        },
        "2019-05": {
            "month": "2019-05",
            "price": "157.50",
            "revenue": 198520
        },
        "2019-06": {
            "month": "2019-06",
            "price": "148.32",
            "revenue": 191938
        },
        "2019-07": {
            "month": "2019-07",
            "price": "159.76",
            "revenue": 174985
        },
        "2019-08": {
            "month": "2019-08",
            "price": "132.40",
            "revenue": 169052
        },
        "2019-09": {
            "month": "2019-09",
            "price": "129.05",
            "revenue": 157865
        },
        "2019-10": {
            "month": "2019-10",
            "price": "136.07",
            "revenue": 205418
        },
        "2019-11": {
            "month": "2019-11",
            "price": "153.93",
            "revenue": 213586
        },
        "2019-12": {
            "month": "2019-12",
            "price": "166.26",
            "revenue": 228981
        },
        "2020-01": {
            "month": "2020-01",
            "price": "179.20",
            "revenue": 202482
        },
        "2020-02": {
            "month": "2020-02",
            "price": "177.45",
            "revenue": 204652
        },
        "2020-03": {
            "month": "2020-03",
            "price": "134.39",
            "revenue": 227716
        },
        "2020-04": {
            "month": "2020-04",
            "price": "134.40",
            "revenue": 190032
        },
        "2020-05": {
            "month": "2020-05",
            "price": "159.52",
            "revenue": 220129
        }
    }
}
