{
    "summary": {
        "stock_name": "力成",
        "stock_id": "6239",
        "category": "半導體",
        "main_business": "積體電路與半導體元件之測試服務<br>積體電路與半導體元件自動測試電腦軟體之研發、設計與銷售<br>CC01080電子零組件製造業",
        "website_url": "https://www.pti.com.tw/",
        "ceo": "呂肇祥",
        "pe_ratio": 10,
        "report_year_from": 2001,
        "report_year_to": 2023,
        "age": 22,
        "eps_negative_percentage": 4,
        "eps_growth_avg": {
            "last_all": 14.38,
            "last_2y": 16.39,
            "last_4y": 9.92,
            "last_8y": 14.13,
            "last_12y": 0.15,
            "last_16y": -0.79,
            "last_20y": 14.38,
            "at_2006_last_3y": 55.09,
            "at_2007_last_3y": 32.31,
            "at_2008_last_3y": 5.34,
            "at_2009_last_3y": -3.62,
            "at_2010_last_3y": 4.4,
            "at_2011_last_3y": -8.64,
            "at_2012_last_3y": -11.7,
            "at_2013_last_3y": -27.8,
            "at_2014_last_3y": -54.48,
            "at_2015_last_3y": -32.41,
            "at_2016_last_3y": -19.28,
            "at_2017_last_3y": 21.15,
            "at_2018_last_3y": 17.53,
            "at_2019_last_3y": 10.23,
            "at_2020_last_3y": 9.05,
            "at_2021_last_3y": 12.35,
            "at_2022_last_3y": 10.73,
            "at_2023_last_3y": 10.73,
            "at_2006_last_all": 64.07,
            "at_2007_last_all": 54.88,
            "at_2008_last_all": 45.91,
            "at_2009_last_all": 35.72,
            "at_2010_last_all": 37.55,
            "at_2011_last_all": 29.47,
            "at_2012_last_all": 24.96,
            "at_2013_last_all": 14.55,
            "at_2014_last_all": 14.55,
            "at_2015_last_all": 15.19,
            "at_2016_last_all": 15.48,
            "at_2017_last_all": 15.87,
            "at_2018_last_all": 15.29,
            "at_2019_last_all": 14.02,
            "at_2020_last_all": 14.05,
            "at_2021_last_all": 15.13,
            "at_2022_last_all": 14.38,
            "at_2023_last_all": 14.38
        },
        "latest_eps": 10.19,
        "latest_price": 98,
        "latest_roe": 13.92,
        "latest_gross_margin": 16.1,
        "latest_equity": 67679115,
        "latest_revenue": 15740524,
        "latest_gross_profit": 2533854,
        "latest_net_income": 1423536,
        "latest_debt_ratio": 41.06,
        "latest_current_ratio": 292.61,
        "latest_account_receivable_turnover_ratio": 1.07,
        "latest_inventory_turnover_ratio": 1.29,
        "latest_reinvestment_rate": 9.96,
        "latest_research_to_sale_ratio": 2.89
    },
    "eps_dividends": {
        "2001": {
            "cash": 0,
            "stock": 1,
            "eps": 0.1
        },
        "2002": {
            "cash": 0,
            "stock": 1,
            "eps": 0.79
        },
        "2003": {
            "cash": 0,
            "stock": 1,
            "eps": 4.12
        },
        "2004": {
            "cash": 1,
            "stock": 2,
            "eps": 9.16
        },
        "2005": {
            "cash": 3,
            "stock": 2,
            "eps": 9.18
        },
        "2006": {
            "cash": 3,
            "stock": 2,
            "eps": 11.03
        },
        "2007": {
            "cash": 4,
            "stock": 2,
            "eps": 12.01
        },
        "2008": {
            "cash": 4,
            "stock": 1,
            "eps": 11.06
        },
        "2009": {
            "cash": 3,
            "stock": 1,
            "eps": 7.12
        },
        "2010": {
            "cash": 4,
            "stock": 0,
            "eps": 10.84
        },
        "2011": {
            "cash": 6,
            "stock": 1,
            "eps": 6.15
        },
        "2012": {
            "cash": 0,
            "stock": 0,
            "eps": 4.91
        },
        "2013": {
            "cash": 3,
            "stock": 0,
            "eps": -5.24
        },
        "2014": {
            "cash": 2,
            "stock": 0,
            "eps": 4.23
        },
        "2015": {
            "cash": 3,
            "stock": 0,
            "eps": 5.2
        },
        "2016": {
            "cash": 4,
            "stock": 0,
            "eps": 6.2
        },
        "2017": {
            "cash": 4,
            "stock": 0,
            "eps": 7.52
        },
        "2018": {
            "cash": 5,
            "stock": 0,
            "eps": 8.02
        },
        "2019": {
            "cash": 5,
            "stock": 0,
            "eps": 7.52
        },
        "2020": {
            "cash": 5,
            "stock": 0,
            "eps": 8.61
        },
        "2021": {
            "cash": 5,
            "stock": 0,
            "eps": 11.58
        },
        "2022": {
            "cash": 7,
            "stock": 0,
            "eps": 11.6
        },
        "2023": {
            "cash": 7,
            "stock": 0,
            "eps": 1.51
        }
    },
    "dividends": {
        "2001-05-08": {
            "cash": 0,
            "stock": 1
        },
        "2002-06-20": {
            "cash": 0,
            "stock": 0.5
        },
        "2003-03-27": {
            "cash": 0,
            "stock": 0.5
        },
        "2004-04-06": {
            "cash": 1,
            "stock": 1.5
        },
        "2005-03-28": {
            "cash": 2.5,
            "stock": 1.5
        },
        "2006-02-16": {
            "cash": 3,
            "stock": 1.5
        },
        "2007-03-15": {
            "cash": 3.5,
            "stock": 1.5
        },
        "2008-03-25": {
            "cash": 4,
            "stock": 1
        },
        "2009-03-23": {
            "cash": 3,
            "stock": 0.5
        },
        "2010-04-14": {
            "cash": 3.5,
            "stock": 0
        },
        "2011-01-01": {
            "cash": 2,
            "stock": 0
        },
        "2011-03-10": {
            "cash": 4,
            "stock": 1
        },
        "2013-04-30": {
            "cash": 3,
            "stock": 0
        },
        "2014-09-05": {
            "cash": 2,
            "stock": 0
        },
        "2015-09-01": {
            "cash": 3,
            "stock": 0
        },
        "2016-08-01": {
            "cash": 3.5,
            "stock": 0
        },
        "2017-09-05": {
            "cash": 4,
            "stock": 0
        },
        "2018-09-05": {
            "cash": 4.5,
            "stock": 0
        },
        "2019-09-05": {
            "cash": 4.8,
            "stock": 0
        },
        "2020-09-04": {
            "cash": 4.5,
            "stock": 0
        },
        "2021-09-03": {
            "cash": 5,
            "stock": 0
        },
        "2022-09-05": {
            "cash": 6.8,
            "stock": 0
        },
        "2023-03-10": {
            "cash": 7,
            "stock": 0
        }
    },
    "prices": {
        "200101": "無",
        "200102": "無",
        "200103": "無",
        "200104": "無",
        "200105": "無",
        "200106": "無",
        "200107": "無",
        "200108": "無",
        "200109": "無",
        "200110": "無",
        "200111": "無",
        "200112": "無",
        "200201": "無",
        "200202": "無",
        "200203": "無",
        "200204": "無",
        "200205": "無",
        "200206": "無",
        "200207": "無",
        "200208": "無",
        "200209": "無",
        "200210": "無",
        "200211": "無",
        "200212": "無",
        "200301": "無",
        "200302": "無",
        "200303": "無",
        "200304": "19.55",
        "200305": "21.50",
        "200306": "28.00",
        "200307": "33.47",
        "200308": "39.21",
        "200309": "43.07",
        "200310": "46.11",
        "200311": "53.42",
        "200312": "54.39",
        "200401": "62.17",
        "200402": "71.95",
        "200403": "73.50",
        "200404": "73.68",
        "200405": "62.55",
        "200406": "57.98",
        "200407": "53.03",
        "200408": "54.85",
        "200409": "63.83",
        "200410": "66.98",
        "200411": "69.21",
        "200412": "68.93",
        "200501": "69.57",
        "200502": "81.00",
        "200503": "91.90",
        "200504": "92.68",
        "200505": "98.88",
        "200506": "99.90",
        "200507": "105.34",
        "200508": "93.39",
        "200509": "89.06",
        "200510": "87.64",
        "200511": "92.43",
        "200512": "104.10",
        "200601": "114.39",
        "200602": "114.09",
        "200603": "105.73",
        "200604": "114.55",
        "200605": "102.14",
        "200606": "87.04",
        "200607": "87.71",
        "200608": "85.09",
        "200609": "93.70",
        "200610": "92.26",
        "200611": "100.55",
        "200612": "124.69",
        "200701": "141.27",
        "200702": "136.33",
        "200703": "132.09",
        "200704": "122.50",
        "200705": "121.30",
        "200706": "130.62",
        "200707": "151.36",
        "200708": "129.72",
        "200709": "127.31",
        "200710": "129.16",
        "200711": "113.84",
        "200712": "113.21",
        "200801": "97.14",
        "200802": "96.41",
        "200803": "102.19",
        "200804": "118.40",
        "200805": "120.57",
        "200806": "112.14",
        "200807": "101.13",
        "200808": "97.46",
        "200809": "80.64",
        "200810": "53.87",
        "200811": "46.33",
        "200812": "50.64",
        "200901": "49.21",
        "200902": "51.01",
        "200903": "56.71",
        "200904": "68.14",
        "200905": "71.78",
        "200906": "69.54",
        "200907": "80.33",
        "200908": "86.97",
        "200909": "94.90",
        "200910": "92.46",
        "200911": "91.77",
        "200912": "99.03",
        "201001": "108.95",
        "201002": "104.57",
        "201003": "110.70",
        "201004": "113.48",
        "201005": "101.32",
        "201006": "94.87",
        "201007": "94.34",
        "201008": "97.85",
        "201009": "98.72",
        "201010": "97.65",
        "201011": "97.77",
        "201012": "98.60",
        "201101": "101.11",
        "201102": "105.16",
        "201103": "100.34",
        "201104": "97.39",
        "201105": "103.04",
        "201106": "102.45",
        "201107": "95.38",
        "201108": "69.63",
        "201109": "66.20",
        "201110": "69.36",
        "201111": "71.35",
        "201112": "66.62",
        "201201": "65.83",
        "201202": "74.60",
        "201203": "57.21",
        "201204": "54.05",
        "201205": "56.25",
        "201206": "56.35",
        "201207": "61.74",
        "201208": "55.20",
        "201209": "57.94",
        "201210": "50.70",
        "201211": "40.50",
        "201212": "45.82",
        "201301": "46.08",
        "201302": "43.54",
        "201303": "47.66",
        "201304": "49.95",
        "201305": "54.31",
        "201306": "55.73",
        "201307": "57.73",
        "201308": "54.06",
        "201309": "54.62",
        "201310": "53.40",
        "201311": "43.95",
        "201312": "44.60",
        "201401": "44.88",
        "201402": "41.87",
        "201403": "44.26",
        "201404": "46.00",
        "201405": "53.40",
        "201406": "54.34",
        "201407": "53.35",
        "201408": "53.53",
        "201409": "55.55",
        "201410": "50.92",
        "201411": "50.30",
        "201412": "53.52",
        "201501": "52.68",
        "201502": "52.51",
        "201503": "54.07",
        "201504": "54.98",
        "201505": "62.31",
        "201506": "64.49",
        "201507": "60.49",
        "201508": "55.54",
        "201509": "57.76",
        "201510": "62.60",
        "201511": "71.24",
        "201512": "68.97",
        "201601": "66.07",
        "201602": "71.17",
        "201603": "70.94",
        "201604": "70.84",
        "201605": "65.65",
        "201606": "70.02",
        "201607": "73.68",
        "201608": "82.03",
        "201609": "81.29",
        "201610": "85.78",
        "201611": "85.25",
        "201612": "85.81",
        "201701": "85.34",
        "201702": "90.93",
        "201703": "87.81",
        "201704": "87.52",
        "201705": "92.80",
        "201706": "92.99",
        "201707": "99.13",
        "201708": "93.05",
        "201709": "89.24",
        "201710": "93.04",
        "201711": "94.09",
        "201712": "87.99",
        "201801": "90.14",
        "201802": "91.69",
        "201803": "91.78",
        "201804": "92.01",
        "201805": "88.53",
        "201806": "89.82",
        "201807": "86.93",
        "201808": "87.08",
        "201809": "85.22",
        "201810": "72.31",
        "201811": "69.79",
        "201812": "68.51",
        "201901": "67.94",
        "201902": "70.55",
        "201903": "71.57",
        "201904": "75.30",
        "201905": "74.68",
        "201906": "75.21",
        "201907": "80.58",
        "201908": "74.38",
        "201909": "83.62",
        "201910": "90.06",
        "201911": "95.88",
        "201912": "99.66",
        "202001": "104.18",
        "202002": "111.03",
        "202003": "88.02",
        "202004": "94.86",
        "202005": "100.70",
        "202006": "101.96",
        "202007": "109.01",
        "202008": "91.52",
        "202009": "87.70",
        "202010": "86.62",
        "202011": "89.18",
        "202012": "96.50",
        "202101": "98.69",
        "202102": "101.06",
        "202103": "102.35",
        "202104": "111.37",
        "202105": "102.11",
        "202106": "106.55",
        "202107": "110.93",
        "202108": "110.14",
        "202109": "108.40",
        "202110": "97.74",
        "202111": "98.12",
        "202112": "97.50",
        "202201": "98.51",
        "202202": "95.61",
        "202203": "96.12",
        "202204": "93.88",
        "202205": "95.07",
        "202206": "96.40",
        "202207": "88.05",
        "202208": "86.22",
        "202209": "80.77",
        "202210": "73.39",
        "202211": "80.00",
        "202212": "82.17",
        "202301": "80.89",
        "202302": "87.42",
        "202303": "89.76",
        "202304": "91.91",
        "202305": "94.81"
    },
    "quarters": {
        "20011": {
            "year_quarter": 20011,
            "year": 2001,
            "quarter": 1,
            "eps": null,
            "eps_growth_year": null,
            "eps_4q": null,
            "eps_4q_growth_year": null,
            "roe": null,
            "roe_4q": 0,
            "gross_profit": null,
            "gross_margin": null,
            "gross_margin_4q_avg": 0,
            "net_income": null,
            "revenue": null,
            "common_shares": null,
            "book_valuer_per_share": null,
            "book_valuer_per_share_4q_avg": 0,
            "equity": null,
            "current_ratio": null,
            "debt_ratio": null,
            "inventory_turnover_ratio": null,
            "account_receivable_turnover_ratio": null,
            "reinvestment_rate": null,
            "research_to_sale_ratio": null,
            "price_fair": 0,
            "eps_avg_yearly": 0,
            "eps_latest_yearly": 0,
            "eps_growth_yearly": 0
        },
        "20012": {
            "year_quarter": 20012,
            "year": 2001,
            "quarter": 2,
            "eps": null,
            "eps_growth_year": null,
            "eps_4q": null,
            "eps_4q_growth_year": null,
            "roe": null,
            "roe_4q": 0,
            "gross_profit": null,
            "gross_margin": null,
            "gross_margin_4q_avg": 0,
            "net_income": null,
            "revenue": null,
            "common_shares": null,
            "book_valuer_per_share": null,
            "book_valuer_per_share_4q_avg": 0,
            "equity": null,
            "current_ratio": null,
            "debt_ratio": null,
            "inventory_turnover_ratio": null,
            "account_receivable_turnover_ratio": null,
            "reinvestment_rate": null,
            "research_to_sale_ratio": null,
            "price_fair": 0,
            "eps_avg_yearly": 0,
            "eps_latest_yearly": 0,
            "eps_growth_yearly": 0
        },
        "20013": {
            "year_quarter": 20013,
            "year": 2001,
            "quarter": 3,
            "eps": -0.27,
            "eps_growth_year": null,
            "eps_4q": null,
            "eps_4q_growth_year": null,
            "roe": -2.41,
            "roe_4q": -2.41,
            "gross_profit": 28378,
            "gross_margin": 4.41,
            "gross_margin_4q_avg": 1.47,
            "net_income": -59776,
            "revenue": 642952,
            "common_shares": 2218000,
            "book_valuer_per_share": 11.18,
            "book_valuer_per_share_4q_avg": 3.73,
            "equity": 2478923,
            "current_ratio": 204.22,
            "debt_ratio": 48.88,
            "inventory_turnover_ratio": 6.35,
            "account_receivable_turnover_ratio": null,
            "reinvestment_rate": null,
            "research_to_sale_ratio": null,
            "price_fair": 0,
            "eps_avg_yearly": 0,
            "eps_latest_yearly": 0,
            "eps_growth_yearly": 0
        },
        "20014": {
            "year_quarter": 20014,
            "year": 2001,
            "quarter": 4,
            "eps": 0.37,
            "eps_growth_year": null,
            "eps_4q": null,
            "eps_4q_growth_year": null,
            "roe": 3.22,
            "roe_4q": 0.81,
            "gross_profit": 104285,
            "gross_margin": 15.54,
            "gross_margin_4q_avg": 4.99,
            "net_income": 81003,
            "revenue": 671232,
            "common_shares": 2218000,
            "book_valuer_per_share": 11.54,
            "book_valuer_per_share_4q_avg": 5.68,
            "equity": 2559926,
            "current_ratio": 114.07,
            "debt_ratio": 43.28,
            "inventory_turnover_ratio": 6.04,
            "account_receivable_turnover_ratio": null,
            "reinvestment_rate": null,
            "research_to_sale_ratio": null,
            "price_fair": 0,
            "eps_avg_yearly": 0,
            "eps_latest_yearly": 0,
            "eps_growth_yearly": 0
        },
        "20021": {
            "year_quarter": 20021,
            "year": 2002,
            "quarter": 1,
            "eps": 0,
            "eps_growth_year": null,
            "eps_4q": null,
            "eps_4q_growth_year": null,
            "roe": -0.01,
            "roe_4q": 0.8000000000000003,
            "gross_profit": 59322,
            "gross_margin": 9.41,
            "gross_margin_4q_avg": 7.34,
            "net_income": -137,
            "revenue": 630330,
            "common_shares": 2218000,
            "book_valuer_per_share": 11.23,
            "book_valuer_per_share_4q_avg": 8.49,
            "equity": 2491787,
            "current_ratio": 123.35,
            "debt_ratio": 42.88,
            "inventory_turnover_ratio": 6.8,
            "account_receivable_turnover_ratio": null,
            "reinvestment_rate": null,
            "research_to_sale_ratio": null,
            "price_fair": 0,
            "eps_avg_yearly": 0,
            "eps_latest_yearly": 0,
            "eps_growth_yearly": 0
        },
        "20022": {
            "year_quarter": 20022,
            "year": 2002,
            "quarter": 2,
            "eps": 0.02,
            "eps_growth_year": null,
            "eps_4q": 0.11,
            "eps_4q_growth_year": null,
            "roe": 0.2,
            "roe_4q": 1,
            "gross_profit": 31258,
            "gross_margin": 4.63,
            "gross_margin_4q_avg": 8.5,
            "net_income": 4874,
            "revenue": 675618,
            "common_shares": 2218000,
            "book_valuer_per_share": 11.26,
            "book_valuer_per_share_4q_avg": 11.3,
            "equity": 2496599,
            "current_ratio": 113.08,
            "debt_ratio": 39.92,
            "inventory_turnover_ratio": 7.54,
            "account_receivable_turnover_ratio": null,
            "reinvestment_rate": null,
            "research_to_sale_ratio": null,
            "price_fair": 0,
            "eps_avg_yearly": 0,
            "eps_latest_yearly": 0,
            "eps_growth_yearly": 0
        },
        "20023": {
            "year_quarter": 20023,
            "year": 2002,
            "quarter": 3,
            "eps": 0.39,
            "eps_growth_year": null,
            "eps_4q": 0.75,
            "eps_4q_growth_year": null,
            "roe": 3.59,
            "roe_4q": 7,
            "gross_profit": 119316,
            "gross_margin": 14.68,
            "gross_margin_4q_avg": 11.07,
            "net_income": 93720,
            "revenue": 812654,
            "common_shares": 2463129,
            "book_valuer_per_share": 11.05,
            "book_valuer_per_share_4q_avg": 11.27,
            "equity": 2721829,
            "current_ratio": 150.45,
            "debt_ratio": 36.08,
            "inventory_turnover_ratio": 7.84,
            "account_receivable_turnover_ratio": null,
            "reinvestment_rate": null,
            "research_to_sale_ratio": null,
            "price_fair": 54.6,
            "eps_avg_yearly": 1.56,
            "eps_latest_yearly": 1.56,
            "eps_growth_yearly": 7400
        },
        "20024": {
            "year_quarter": 20024,
            "year": 2002,
            "quarter": 4,
            "eps": 0.38,
            "eps_growth_year": 2.7,
            "eps_4q": 0.8,
            "eps_4q_growth_year": null,
            "roe": 3.2,
            "roe_4q": 6.98,
            "gross_profit": 192676,
            "gross_margin": 27.43,
            "gross_margin_4q_avg": 14.04,
            "net_income": 88414,
            "revenue": 702520,
            "common_shares": 2463129,
            "book_valuer_per_share": 11.41,
            "book_valuer_per_share_4q_avg": 11.24,
            "equity": 2810655,
            "current_ratio": 120.19,
            "debt_ratio": 34.86,
            "inventory_turnover_ratio": 5.11,
            "account_receivable_turnover_ratio": null,
            "reinvestment_rate": null,
            "research_to_sale_ratio": null,
            "price_fair": 53.9,
            "eps_avg_yearly": 1.54,
            "eps_latest_yearly": 1.52,
            "eps_growth_yearly": 3694.87
        },
        "20031": {
            "year_quarter": 20031,
            "year": 2003,
            "quarter": 1,
            "eps": 0.43,
            "eps_growth_year": null,
            "eps_4q": 1.2,
            "eps_4q_growth_year": null,
            "roe": 3.64,
            "roe_4q": 10.629999999999999,
            "gross_profit": 152216,
            "gross_margin": 19.81,
            "gross_margin_4q_avg": 16.64,
            "net_income": 104269,
            "revenue": 768447,
            "common_shares": 2463129,
            "book_valuer_per_share": 11.85,
            "book_valuer_per_share_4q_avg": 11.39,
            "equity": 2919703,
            "current_ratio": 144.19,
            "debt_ratio": 38.53,
            "inventory_turnover_ratio": 4.86,
            "account_receivable_turnover_ratio": null,
            "reinvestment_rate": null,
            "research_to_sale_ratio": null,
            "price_fair": 56,
            "eps_avg_yearly": 1.6,
            "eps_latest_yearly": 1.72,
            "eps_growth_yearly": 2480.79
        },
        "20032": {
            "year_quarter": 20032,
            "year": 2003,
            "quarter": 2,
            "eps": 0.85,
            "eps_growth_year": 4150,
            "eps_4q": 2.04,
            "eps_4q_growth_year": 1812.08,
            "roe": 6.76,
            "roe_4q": 17.19,
            "gross_profit": 227160,
            "gross_margin": 24.07,
            "gross_margin_4q_avg": 21.5,
            "net_income": 205065,
            "revenue": 943710,
            "common_shares": 2463129,
            "book_valuer_per_share": 12.78,
            "book_valuer_per_share_4q_avg": 11.77,
            "equity": 3147761,
            "current_ratio": 94.54,
            "debt_ratio": 40.42,
            "inventory_turnover_ratio": 4.79,
            "account_receivable_turnover_ratio": null,
            "reinvestment_rate": null,
            "research_to_sale_ratio": null,
            "price_fair": 71.75,
            "eps_avg_yearly": 2.05,
            "eps_latest_yearly": 3.4,
            "eps_growth_yearly": 1958.27
        },
        "20033": {
            "year_quarter": 20033,
            "year": 2003,
            "quarter": 3,
            "eps": 1.28,
            "eps_growth_year": 228.21,
            "eps_4q": 2.83,
            "eps_4q_growth_year": 278.43,
            "roe": 9.94,
            "roe_4q": 23.54,
            "gross_profit": 389026,
            "gross_margin": 30.61,
            "gross_margin_4q_avg": 25.48,
            "net_income": 329298,
            "revenue": 1270779,
            "common_shares": 2612500,
            "book_valuer_per_share": 13.32,
            "book_valuer_per_share_4q_avg": 12.34,
            "equity": 3478799,
            "current_ratio": 86.17,
            "debt_ratio": 42.56,
            "inventory_turnover_ratio": 5.72,
            "account_receivable_turnover_ratio": null,
            "reinvestment_rate": null,
            "research_to_sale_ratio": null,
            "price_fair": 93.24,
            "eps_avg_yearly": 2.66,
            "eps_latest_yearly": 5.12,
            "eps_growth_yearly": 1607.09
        },
        "20034": {
            "year_quarter": 20034,
            "year": 2003,
            "quarter": 4,
            "eps": 1.56,
            "eps_growth_year": 310.53,
            "eps_4q": 4.04,
            "eps_4q_growth_year": 403.57,
            "roe": 10.89,
            "roe_4q": 31.229999999999997,
            "gross_profit": 455402,
            "gross_margin": 32.48,
            "gross_margin_4q_avg": 26.74,
            "net_income": 400994,
            "revenue": 1402178,
            "common_shares": 2612500,
            "book_valuer_per_share": 14.86,
            "book_valuer_per_share_4q_avg": 13.2,
            "equity": 3883416,
            "current_ratio": 94.65,
            "debt_ratio": 45.68,
            "inventory_turnover_ratio": 5.44,
            "account_receivable_turnover_ratio": null,
            "reinvestment_rate": null,
            "research_to_sale_ratio": null,
            "price_fair": 114.1,
            "eps_avg_yearly": 3.26,
            "eps_latest_yearly": 6.24,
            "eps_growth_yearly": 1353.82
        },
        "20041": {
            "year_quarter": 20041,
            "year": 2004,
            "quarter": 1,
            "eps": 1.75,
            "eps_growth_year": 306.98,
            "eps_4q": 5.36,
            "eps_4q_growth_year": 346.44,
            "roe": 11.02,
            "roe_4q": 38.61,
            "gross_profit": 500529,
            "gross_margin": 32.75,
            "gross_margin_4q_avg": 29.98,
            "net_income": 453087,
            "revenue": 1528541,
            "common_shares": 2612500,
            "book_valuer_per_share": 16.63,
            "book_valuer_per_share_4q_avg": 14.4,
            "equity": 4343345,
            "current_ratio": 110.98,
            "debt_ratio": 42.76,
            "inventory_turnover_ratio": 4.94,
            "account_receivable_turnover_ratio": null,
            "reinvestment_rate": null,
            "research_to_sale_ratio": null,
            "price_fair": 132.8,
            "eps_avg_yearly": 3.79,
            "eps_latest_yearly": 7,
            "eps_growth_yearly": 1167.38
        },
        "20042": {
            "year_quarter": 20042,
            "year": 2004,
            "quarter": 2,
            "eps": 2.45,
            "eps_growth_year": 188.24,
            "eps_4q": 7.03,
            "eps_4q_growth_year": 244.92,
            "roe": 14.04,
            "roe_4q": 45.89,
            "gross_profit": 686456,
            "gross_margin": 36.15,
            "gross_margin_4q_avg": 33,
            "net_income": 633522,
            "revenue": 1898688,
            "common_shares": 2612500,
            "book_valuer_per_share": 17.92,
            "book_valuer_per_share_4q_avg": 15.68,
            "equity": 4681035,
            "current_ratio": 91.91,
            "debt_ratio": 50.14,
            "inventory_turnover_ratio": 5.98,
            "account_receivable_turnover_ratio": null,
            "reinvestment_rate": null,
            "research_to_sale_ratio": null,
            "price_fair": 159.08,
            "eps_avg_yearly": 4.55,
            "eps_latest_yearly": 9.8,
            "eps_growth_yearly": 1041.46
        },
        "20043": {
            "year_quarter": 20043,
            "year": 2004,
            "quarter": 3,
            "eps": 2.46,
            "eps_growth_year": 92.19,
            "eps_4q": 7.3,
            "eps_4q_growth_year": 158.15,
            "roe": 13.26,
            "roe_4q": 49.209999999999994,
            "gross_profit": 784886,
            "gross_margin": 38.53,
            "gross_margin_4q_avg": 34.98,
            "net_income": 756781,
            "revenue": 2036922,
            "common_shares": 3380000,
            "book_valuer_per_share": 19.92,
            "book_valuer_per_share_4q_avg": 17.33,
            "equity": 6732274,
            "current_ratio": 74.33,
            "debt_ratio": 46.87,
            "inventory_turnover_ratio": 4.69,
            "account_receivable_turnover_ratio": null,
            "reinvestment_rate": null,
            "research_to_sale_ratio": null,
            "price_fair": 179.67,
            "eps_avg_yearly": 5.13,
            "eps_latest_yearly": 9.84,
            "eps_growth_yearly": 925.92
        },
        "20044": {
            "year_quarter": 20044,
            "year": 2004,
            "quarter": 4,
            "eps": 2.5,
            "eps_growth_year": 60.26,
            "eps_4q": 8.35,
            "eps_4q_growth_year": 106.53,
            "roe": 11.04,
            "roe_4q": 49.36,
            "gross_profit": 795879,
            "gross_margin": 35.96,
            "gross_margin_4q_avg": 35.85,
            "net_income": 787354,
            "revenue": 2213533,
            "common_shares": 3380000,
            "book_valuer_per_share": 22.29,
            "book_valuer_per_share_4q_avg": 19.19,
            "equity": 7533633,
            "current_ratio": 73.51,
            "debt_ratio": 45.12,
            "inventory_turnover_ratio": 3.89,
            "account_receivable_turnover_ratio": null,
            "reinvestment_rate": null,
            "research_to_sale_ratio": null,
            "price_fair": 196.7,
            "eps_avg_yearly": 5.62,
            "eps_latest_yearly": 10,
            "eps_growth_yearly": 833.98
        },
        "20051": {
            "year_quarter": 20051,
            "year": 2005,
            "quarter": 1,
            "eps": 2.52,
            "eps_growth_year": 44,
            "eps_4q": 8.98,
            "eps_4q_growth_year": 67.45,
            "roe": 10.67,
            "roe_4q": 49.01,
            "gross_profit": 911391,
            "gross_margin": 36.91,
            "gross_margin_4q_avg": 36.89,
            "net_income": 849503,
            "revenue": 2468931,
            "common_shares": 3380000,
            "book_valuer_per_share": 24.8,
            "book_valuer_per_share_4q_avg": 21.23,
            "equity": 8383136,
            "current_ratio": 97.46,
            "debt_ratio": 43.24,
            "inventory_turnover_ratio": 3.55,
            "account_receivable_turnover_ratio": null,
            "reinvestment_rate": null,
            "research_to_sale_ratio": null,
            "price_fair": 210.89,
            "eps_avg_yearly": 6.03,
            "eps_latest_yearly": 10.08,
            "eps_growth_yearly": 758.45
        },
        "20052": {
            "year_quarter": 20052,
            "year": 2005,
            "quarter": 2,
            "eps": 2.12,
            "eps_growth_year": -13.47,
            "eps_4q": 8.11,
            "eps_4q_growth_year": 15.46,
            "roe": 10.2,
            "roe_4q": 45.169999999999995,
            "gross_profit": 954300,
            "gross_margin": 35.25,
            "gross_margin_4q_avg": 36.66,
            "net_income": 846808,
            "revenue": 2706909,
            "common_shares": 3380000,
            "book_valuer_per_share": 24.32,
            "book_valuer_per_share_4q_avg": 22.83,
            "equity": 8218824,
            "current_ratio": 88.97,
            "debt_ratio": 51.24,
            "inventory_turnover_ratio": 3.83,
            "account_receivable_turnover_ratio": null,
            "reinvestment_rate": 209.37,
            "research_to_sale_ratio": null,
            "price_fair": 218.05,
            "eps_avg_yearly": 6.23,
            "eps_latest_yearly": 8.48,
            "eps_growth_yearly": 689.96
        },
        "20053": {
            "year_quarter": 20053,
            "year": 2005,
            "quarter": 3,
            "eps": 2.18,
            "eps_growth_year": -11.38,
            "eps_4q": 8.41,
            "eps_4q_growth_year": 15.23,
            "roe": 10.04,
            "roe_4q": 41.949999999999996,
            "gross_profit": 908389,
            "gross_margin": 32.18,
            "gross_margin_4q_avg": 35.08,
            "net_income": 869542,
            "revenue": 2823076,
            "common_shares": 4005000,
            "book_valuer_per_share": 22.72,
            "book_valuer_per_share_4q_avg": 23.53,
            "equity": 9101288,
            "current_ratio": 75.33,
            "debt_ratio": 49.41,
            "inventory_turnover_ratio": 4.67,
            "account_receivable_turnover_ratio": null,
            "reinvestment_rate": 147.24,
            "research_to_sale_ratio": null,
            "price_fair": 224.75,
            "eps_avg_yearly": 6.42,
            "eps_latest_yearly": 8.72,
            "eps_growth_yearly": 637.75
        },
        "20054": {
            "year_quarter": 20054,
            "year": 2005,
            "quarter": 4,
            "eps": 2.36,
            "eps_growth_year": -5.6,
            "eps_4q": 8.79,
            "eps_4q_growth_year": 5.2,
            "roe": 9.8,
            "roe_4q": 40.71,
            "gross_profit": 1061089,
            "gross_margin": 33.51,
            "gross_margin_4q_avg": 34.46,
            "net_income": 942114,
            "revenue": 3166370,
            "common_shares": 4005000,
            "book_valuer_per_share": 25.27,
            "book_valuer_per_share_4q_avg": 24.28,
            "equity": 10118957,
            "current_ratio": 80.67,
            "debt_ratio": 50.05,
            "inventory_turnover_ratio": 4.71,
            "account_receivable_turnover_ratio": null,
            "reinvestment_rate": 162.34,
            "research_to_sale_ratio": null,
            "price_fair": 232.3,
            "eps_avg_yearly": 6.64,
            "eps_latest_yearly": 9.44,
            "eps_growth_yearly": 594.56
        },
        "20061": {
            "year_quarter": 20061,
            "year": 2006,
            "quarter": 1,
            "eps": 2.42,
            "eps_growth_year": -3.97,
            "eps_4q": 9.07,
            "eps_4q_growth_year": 1,
            "roe": 9.1,
            "roe_4q": 39.14,
            "gross_profit": 1124686,
            "gross_margin": 32.87,
            "gross_margin_4q_avg": 33.45,
            "net_income": 967520,
            "revenue": 3421901,
            "common_shares": 4005000,
            "book_valuer_per_share": 27.8,
            "book_valuer_per_share_4q_avg": 25.03,
            "equity": 11134317,
            "current_ratio": 68.43,
            "debt_ratio": 52.49,
            "inventory_turnover_ratio": 4.69,
            "account_receivable_turnover_ratio": null,
            "reinvestment_rate": 180.57,
            "research_to_sale_ratio": null,
            "price_fair": 239.4,
            "eps_avg_yearly": 6.84,
            "eps_latest_yearly": 9.68,
            "eps_growth_yearly": 555.6
        },
        "20062": {
            "year_quarter": 20062,
            "year": 2006,
            "quarter": 2,
            "eps": 2.8,
            "eps_growth_year": 32.08,
            "eps_4q": 9.75,
            "eps_4q_growth_year": 20.19,
            "roe": 10.22,
            "roe_4q": 39.16,
            "gross_profit": 1324240,
            "gross_margin": 33.32,
            "gross_margin_4q_avg": 32.97,
            "net_income": 1119566,
            "revenue": 3974210,
            "common_shares": 4005000,
            "book_valuer_per_share": 26.93,
            "book_valuer_per_share_4q_avg": 25.68,
            "equity": 10783513,
            "current_ratio": 89.19,
            "debt_ratio": 57.65,
            "inventory_turnover_ratio": 5.08,
            "account_receivable_turnover_ratio": null,
            "reinvestment_rate": 166.39,
            "research_to_sale_ratio": null,
            "price_fair": 248.94,
            "eps_avg_yearly": 7.11,
            "eps_latest_yearly": 11.2,
            "eps_growth_yearly": 524.8
        },
        "20063": {
            "year_quarter": 20063,
            "year": 2006,
            "quarter": 3,
            "eps": 2.73,
            "eps_growth_year": 25.23,
            "eps_4q": 9.16,
            "eps_4q_growth_year": 9.01,
            "roe": 11.25,
            "roe_4q": 40.370000000000005,
            "gross_profit": 1495376,
            "gross_margin": 33.07,
            "gross_margin_4q_avg": 33.19,
            "net_income": 1285281,
            "revenue": 4522321,
            "common_shares": 4710000,
            "book_valuer_per_share": 25.62,
            "book_valuer_per_share_4q_avg": 26.41,
            "equity": 12068794,
            "current_ratio": 105.55,
            "debt_ratio": 52.36,
            "inventory_turnover_ratio": 4.96,
            "account_receivable_turnover_ratio": null,
            "reinvestment_rate": 146.32,
            "research_to_sale_ratio": null,
            "price_fair": 269.41,
            "eps_avg_yearly": 7.7,
            "eps_latest_yearly": 10.92,
            "eps_growth_yearly": 61.68
        },
        "20064": {
            "year_quarter": 20064,
            "year": 2006,
            "quarter": 4,
            "eps": 3.08,
            "eps_growth_year": 30.51,
            "eps_4q": 10.24,
            "eps_4q_growth_year": 16.52,
            "roe": 11.34,
            "roe_4q": 41.910000000000004,
            "gross_profit": 1668544,
            "gross_margin": 33.03,
            "gross_margin_4q_avg": 33.07,
            "net_income": 1450917,
            "revenue": 5052143,
            "common_shares": 4710000,
            "book_valuer_per_share": 28.7,
            "book_valuer_per_share_4q_avg": 27.26,
            "equity": 13519711,
            "current_ratio": 162.26,
            "debt_ratio": 49.81,
            "inventory_turnover_ratio": 4.44,
            "account_receivable_turnover_ratio": null,
            "reinvestment_rate": 132.97,
            "research_to_sale_ratio": null,
            "price_fair": 293.04,
            "eps_avg_yearly": 8.37,
            "eps_latest_yearly": 12.32,
            "eps_growth_yearly": 65.52
        },
        "20071": {
            "year_quarter": 20071,
            "year": 2007,
            "quarter": 1,
            "eps": 3.08,
            "eps_growth_year": 27.27,
            "eps_4q": 11.27,
            "eps_4q_growth_year": 24.3,
            "roe": 10.14,
            "roe_4q": 42.95,
            "gross_profit": 1758748,
            "gross_margin": 31.9,
            "gross_margin_4q_avg": 32.83,
            "net_income": 1449519,
            "revenue": 5513071,
            "common_shares": 4710000,
            "book_valuer_per_share": 31.98,
            "book_valuer_per_share_4q_avg": 28.31,
            "equity": 15064207,
            "current_ratio": 151.61,
            "debt_ratio": 55.11,
            "inventory_turnover_ratio": 3.89,
            "account_receivable_turnover_ratio": null,
            "reinvestment_rate": 140.04,
            "research_to_sale_ratio": null,
            "price_fair": 316.23,
            "eps_avg_yearly": 9.04,
            "eps_latest_yearly": 12.32,
            "eps_growth_yearly": 62.23
        },
        "20072": {
            "year_quarter": 20072,
            "year": 2007,
            "quarter": 2,
            "eps": 2.98,
            "eps_growth_year": 6.43,
            "eps_4q": 11.87,
            "eps_4q_growth_year": 21.75,
            "roe": 9.5,
            "roe_4q": 42.230000000000004,
            "gross_profit": 1701597,
            "gross_margin": 30.45,
            "gross_margin_4q_avg": 32.11,
            "net_income": 1402850,
            "revenue": 5588540,
            "common_shares": 4710000,
            "book_valuer_per_share": 30.7,
            "book_valuer_per_share_4q_avg": 29.25,
            "equity": 14460345,
            "current_ratio": 117.18,
            "debt_ratio": 55.42,
            "inventory_turnover_ratio": 3.85,
            "account_receivable_turnover_ratio": null,
            "reinvestment_rate": 130.39,
            "research_to_sale_ratio": null,
            "price_fair": 334.86,
            "eps_avg_yearly": 9.57,
            "eps_latest_yearly": 11.92,
            "eps_growth_yearly": 37
        },
        "20073": {
            "year_quarter": 20073,
            "year": 2007,
            "quarter": 3,
            "eps": 2.75,
            "eps_growth_year": 0.73,
            "eps_4q": 10.47,
            "eps_4q_growth_year": 14.28,
            "roe": 10.06,
            "roe_4q": 41.040000000000006,
            "gross_profit": 1938558,
            "gross_margin": 31.11,
            "gross_margin_4q_avg": 31.62,
            "net_income": 1532262,
            "revenue": 6232194,
            "common_shares": 5563000,
            "book_valuer_per_share": 28.75,
            "book_valuer_per_share_4q_avg": 30.03,
            "equity": 15992607,
            "current_ratio": 144.93,
            "debt_ratio": 52.75,
            "inventory_turnover_ratio": 4.98,
            "account_receivable_turnover_ratio": null,
            "reinvestment_rate": 123.23,
            "research_to_sale_ratio": null,
            "price_fair": 322.15,
            "eps_avg_yearly": 9.94,
            "eps_latest_yearly": 11,
            "eps_growth_yearly": 22.43
        },
        "20074": {
            "year_quarter": 20074,
            "year": 2007,
            "quarter": 4,
            "eps": 3.2,
            "eps_growth_year": 3.9,
            "eps_4q": 11.08,
            "eps_4q_growth_year": 8.2,
            "roe": 10.55,
            "roe_4q": 40.25,
            "gross_profit": 2308099,
            "gross_margin": 32.49,
            "gross_margin_4q_avg": 31.49,
            "net_income": 1780980,
            "revenue": 7104071,
            "common_shares": 5563000,
            "book_valuer_per_share": 31.95,
            "book_valuer_per_share_4q_avg": 30.85,
            "equity": 17773587,
            "current_ratio": 123.82,
            "debt_ratio": 52.83,
            "inventory_turnover_ratio": 5.36,
            "account_receivable_turnover_ratio": null,
            "reinvestment_rate": 119.6,
            "research_to_sale_ratio": null,
            "price_fair": 321.19,
            "eps_avg_yearly": 10.35,
            "eps_latest_yearly": 12.8,
            "eps_growth_yearly": 21.05
        },
        "20081": {
            "year_quarter": 20081,
            "year": 2008,
            "quarter": 1,
            "eps": 2.81,
            "eps_growth_year": -8.77,
            "eps_4q": 11.27,
            "eps_4q_growth_year": 0.02,
            "roe": 8.44,
            "roe_4q": 38.550000000000004,
            "gross_profit": 2186598,
            "gross_margin": 29.41,
            "gross_margin_4q_avg": 30.87,
            "net_income": 1565551,
            "revenue": 7435937,
            "common_shares": 5563000,
            "book_valuer_per_share": 34.76,
            "book_valuer_per_share_4q_avg": 31.54,
            "equity": 19339138,
            "current_ratio": 140.27,
            "debt_ratio": 52.48,
            "inventory_turnover_ratio": 5.04,
            "account_receivable_turnover_ratio": null,
            "reinvestment_rate": 117.43,
            "research_to_sale_ratio": null,
            "price_fair": 264.79,
            "eps_avg_yearly": 10.61,
            "eps_latest_yearly": 11.24,
            "eps_growth_yearly": 14.96
        },
        "20082": {
            "year_quarter": 20082,
            "year": 2008,
            "quarter": 2,
            "eps": 2.98,
            "eps_growth_year": 0,
            "eps_4q": 11.75,
            "eps_4q_growth_year": -0.99,
            "roe": 8.8,
            "roe_4q": 37.85,
            "gross_profit": 2102846,
            "gross_margin": 27.33,
            "gross_margin_4q_avg": 30.09,
            "net_income": 1657073,
            "revenue": 7695346,
            "common_shares": 5563000,
            "book_valuer_per_share": 32.93,
            "book_valuer_per_share_4q_avg": 32.1,
            "equity": 18321570,
            "current_ratio": 129.31,
            "debt_ratio": 56.69,
            "inventory_turnover_ratio": 5.53,
            "account_receivable_turnover_ratio": null,
            "reinvestment_rate": 104.24,
            "research_to_sale_ratio": null,
            "price_fair": 176.91,
            "eps_avg_yearly": 10.74,
            "eps_latest_yearly": 11.92,
            "eps_growth_yearly": 6.47
        },
        "20083": {
            "year_quarter": 20083,
            "year": 2008,
            "quarter": 3,
            "eps": 2.7,
            "eps_growth_year": -1.82,
            "eps_4q": 10.64,
            "eps_4q_growth_year": 1.55,
            "roe": 9.03,
            "roe_4q": 36.81999999999999,
            "gross_profit": 2191435,
            "gross_margin": 27.34,
            "gross_margin_4q_avg": 29.14,
            "net_income": 1702496,
            "revenue": 8014835,
            "common_shares": 6308000,
            "book_valuer_per_share": 30.76,
            "book_valuer_per_share_4q_avg": 32.6,
            "equity": 19402956,
            "current_ratio": 176.15,
            "debt_ratio": 52.7,
            "inventory_turnover_ratio": 6.43,
            "account_receivable_turnover_ratio": null,
            "reinvestment_rate": 81.5,
            "research_to_sale_ratio": null,
            "price_fair": 151.43,
            "eps_avg_yearly": 10.8,
            "eps_latest_yearly": 10.8,
            "eps_growth_yearly": 4.02
        },
        "20084": {
            "year_quarter": 20084,
            "year": 2008,
            "quarter": 4,
            "eps": 2.57,
            "eps_growth_year": -19.69,
            "eps_4q": 10.39,
            "eps_4q_growth_year": -6.25,
            "roe": 7.92,
            "roe_4q": 34.19,
            "gross_profit": 2059115,
            "gross_margin": 25.6,
            "gross_margin_4q_avg": 27.42,
            "net_income": 1619568,
            "revenue": 8042864,
            "common_shares": 6308000,
            "book_valuer_per_share": 34.1,
            "book_valuer_per_share_4q_avg": 33.14,
            "equity": 21511734,
            "current_ratio": 170.83,
            "debt_ratio": 50.73,
            "inventory_turnover_ratio": 7.51,
            "account_receivable_turnover_ratio": 1.65,
            "reinvestment_rate": 70.95,
            "research_to_sale_ratio": null,
            "price_fair": 134.25,
            "eps_avg_yearly": 10.82,
            "eps_latest_yearly": 10.28,
            "eps_growth_yearly": 2.41
        },
        "20091": {
            "year_quarter": 20091,
            "year": 2009,
            "quarter": 1,
            "eps": 1.31,
            "eps_growth_year": -53.38,
            "eps_4q": 9.21,
            "eps_4q_growth_year": -18.3,
            "roe": 3.76,
            "roe_4q": 29.51,
            "gross_profit": 1163581,
            "gross_margin": 19.35,
            "gross_margin_4q_avg": 24.91,
            "net_income": 825520,
            "revenue": 6013494,
            "common_shares": 6308000,
            "book_valuer_per_share": 35.44,
            "book_valuer_per_share_4q_avg": 33.31,
            "equity": 22354854,
            "current_ratio": 153.54,
            "debt_ratio": 49.21,
            "inventory_turnover_ratio": 6,
            "account_receivable_turnover_ratio": 0.71,
            "reinvestment_rate": 64.59,
            "research_to_sale_ratio": null,
            "price_fair": 31.55,
            "eps_avg_yearly": 10.52,
            "eps_latest_yearly": 5.24,
            "eps_growth_yearly": -10.05
        },
        "20092": {
            "year_quarter": 20092,
            "year": 2009,
            "quarter": 2,
            "eps": 1.65,
            "eps_growth_year": -44.63,
            "eps_4q": 8.22,
            "eps_4q_growth_year": -30.04,
            "roe": 4.7,
            "roe_4q": 25.410000000000004,
            "gross_profit": 1535537,
            "gross_margin": 21.6,
            "gross_margin_4q_avg": 23.47,
            "net_income": 1041096,
            "revenue": 7108404,
            "common_shares": 6308000,
            "book_valuer_per_share": 34.81,
            "book_valuer_per_share_4q_avg": 33.78,
            "equity": 21959139,
            "current_ratio": 114.08,
            "debt_ratio": 53.1,
            "inventory_turnover_ratio": 6.05,
            "account_receivable_turnover_ratio": 0.88,
            "reinvestment_rate": 55.55,
            "research_to_sale_ratio": null,
            "price_fair": 104,
            "eps_avg_yearly": 10.4,
            "eps_latest_yearly": 6.6,
            "eps_growth_yearly": 0.41
        },
        "20093": {
            "year_quarter": 20093,
            "year": 2009,
            "quarter": 3,
            "eps": 1.64,
            "eps_growth_year": -39.26,
            "eps_4q": 6.88,
            "eps_4q_growth_year": -35.33,
            "roe": 4.8,
            "roe_4q": 21.18,
            "gross_profit": 1589232,
            "gross_margin": 22.46,
            "gross_margin_4q_avg": 22.25,
            "net_income": 1091481,
            "revenue": 7074996,
            "common_shares": 6693852,
            "book_valuer_per_share": 35.13,
            "book_valuer_per_share_4q_avg": 34.87,
            "equity": 23512843,
            "current_ratio": 129.51,
            "debt_ratio": 51.52,
            "inventory_turnover_ratio": 5.07,
            "account_receivable_turnover_ratio": 0.85,
            "reinvestment_rate": 50.97,
            "research_to_sale_ratio": null,
            "price_fair": 30.8,
            "eps_avg_yearly": 10.27,
            "eps_latest_yearly": 6.56,
            "eps_growth_yearly": -0.45
        },
        "20094": {
            "year_quarter": 20094,
            "year": 2009,
            "quarter": 4,
            "eps": 2.52,
            "eps_growth_year": -1.95,
            "eps_4q": 6.93,
            "eps_4q_growth_year": -33.26,
            "roe": 6.89,
            "roe_4q": 20.15,
            "gross_profit": 2404081,
            "gross_margin": 27.5,
            "gross_margin_4q_avg": 22.73,
            "net_income": 1681786,
            "revenue": 8743476,
            "common_shares": 6693852,
            "book_valuer_per_share": 37.83,
            "book_valuer_per_share_4q_avg": 35.8,
            "equity": 25323343,
            "current_ratio": 132.45,
            "debt_ratio": 48.58,
            "inventory_turnover_ratio": 5.23,
            "account_receivable_turnover_ratio": 2.15,
            "reinvestment_rate": 50.54,
            "research_to_sale_ratio": null,
            "price_fair": 215.36,
            "eps_avg_yearly": 10.31,
            "eps_latest_yearly": 10.08,
            "eps_growth_yearly": 10.9
        },
        "20101": {
            "year_quarter": 20101,
            "year": 2010,
            "quarter": 1,
            "eps": 2.62,
            "eps_growth_year": 100,
            "eps_4q": 7.93,
            "eps_4q_growth_year": -13.86,
            "roe": 6.51,
            "roe_4q": 22.9,
            "gross_profit": 2378602,
            "gross_margin": 27.5,
            "gross_margin_4q_avg": 24.77,
            "net_income": 1773477,
            "revenue": 8649139,
            "common_shares": 7042367,
            "book_valuer_per_share": 41.46,
            "book_valuer_per_share_4q_avg": 37.31,
            "equity": 29199043,
            "current_ratio": 175.43,
            "debt_ratio": 39.47,
            "inventory_turnover_ratio": 5.16,
            "account_receivable_turnover_ratio": 1.13,
            "reinvestment_rate": 34.41,
            "research_to_sale_ratio": 2.32,
            "price_fair": 220.1,
            "eps_avg_yearly": 10.36,
            "eps_latest_yearly": 10.48,
            "eps_growth_yearly": 11.26
        },
        "20102": {
            "year_quarter": 20102,
            "year": 2010,
            "quarter": 2,
            "eps": 2.82,
            "eps_growth_year": 70.88,
            "eps_4q": 9.28,
            "eps_4q_growth_year": 12.8,
            "roe": 6.85,
            "roe_4q": 25.05,
            "gross_profit": 2595638,
            "gross_margin": 27.95,
            "gross_margin_4q_avg": 26.35,
            "net_income": 1985556,
            "revenue": 9286682,
            "common_shares": 7042367,
            "book_valuer_per_share": 40.83,
            "book_valuer_per_share_4q_avg": 38.81,
            "equity": 28751626,
            "current_ratio": 138.24,
            "debt_ratio": 45.17,
            "inventory_turnover_ratio": 5.54,
            "account_receivable_turnover_ratio": 1.2,
            "reinvestment_rate": 37.74,
            "research_to_sale_ratio": 2.25,
            "price_fair": 199.31,
            "eps_avg_yearly": 10.36,
            "eps_latest_yearly": 11.28,
            "eps_growth_yearly": 9.24
        },
        "20103": {
            "year_quarter": 20103,
            "year": 2010,
            "quarter": 3,
            "eps": 2.9,
            "eps_growth_year": 76.66,
            "eps_4q": 10.5,
            "eps_4q_growth_year": 52.7,
            "roe": 6.88,
            "roe_4q": 27.130000000000003,
            "gross_profit": 2757032,
            "gross_margin": 28.03,
            "gross_margin_4q_avg": 27.75,
            "net_income": 2072616,
            "revenue": 9837470,
            "common_shares": 7153668,
            "book_valuer_per_share": 44.06,
            "book_valuer_per_share_4q_avg": 41.05,
            "equity": 31516385,
            "current_ratio": 159.74,
            "debt_ratio": 44.05,
            "inventory_turnover_ratio": 5.39,
            "account_receivable_turnover_ratio": 1.07,
            "reinvestment_rate": 46.33,
            "research_to_sale_ratio": 2.4,
            "price_fair": 214,
            "eps_avg_yearly": 10.4,
            "eps_latest_yearly": 11.6,
            "eps_growth_yearly": 10.57
        },
        "20104": {
            "year_quarter": 20104,
            "year": 2010,
            "quarter": 4,
            "eps": 2.5,
            "eps_growth_year": -0.83,
            "eps_4q": 10.53,
            "eps_4q_growth_year": 51.86,
            "roe": 5.54,
            "roe_4q": 25.78,
            "gross_profit": 2520721,
            "gross_margin": 25.07,
            "gross_margin_4q_avg": 27.14,
            "net_income": 1815631,
            "revenue": 10056691,
            "common_shares": 7264969,
            "book_valuer_per_share": 46.91,
            "book_valuer_per_share_4q_avg": 43.32,
            "equity": 34080773,
            "current_ratio": 148.77,
            "debt_ratio": 44.02,
            "inventory_turnover_ratio": 5.32,
            "account_receivable_turnover_ratio": 0.9,
            "reinvestment_rate": 52.99,
            "research_to_sale_ratio": 2.61,
            "price_fair": 142.77,
            "eps_avg_yearly": 10.26,
            "eps_latest_yearly": 10,
            "eps_growth_yearly": 3.92
        },
        "20111": {
            "year_quarter": 20111,
            "year": 2011,
            "quarter": 1,
            "eps": 2.3,
            "eps_growth_year": -12.21,
            "eps_4q": 10.38,
            "eps_4q_growth_year": 30.88,
            "roe": 4.78,
            "roe_4q": 24.049999999999997,
            "gross_profit": 2389881,
            "gross_margin": 24.49,
            "gross_margin_4q_avg": 26.39,
            "net_income": 1670550,
            "revenue": 9757606,
            "common_shares": 7264969,
            "book_valuer_per_share": 49.2,
            "book_valuer_per_share_4q_avg": 45.25,
            "equity": 35746627,
            "current_ratio": 171.6,
            "debt_ratio": 40.89,
            "inventory_turnover_ratio": 5.31,
            "account_receivable_turnover_ratio": 0.81,
            "reinvestment_rate": 41.27,
            "research_to_sale_ratio": 2.55,
            "price_fair": 119.93,
            "eps_avg_yearly": 10.06,
            "eps_latest_yearly": 9.2,
            "eps_growth_yearly": 1.92
        },
        "20112": {
            "year_quarter": 20112,
            "year": 2011,
            "quarter": 2,
            "eps": 2.33,
            "eps_growth_year": -17.32,
            "eps_4q": 9.29,
            "eps_4q_growth_year": 0.12,
            "roe": 5.31,
            "roe_4q": 22.509999999999998,
            "gross_profit": 2527667,
            "gross_margin": 24.63,
            "gross_margin_4q_avg": 25.56,
            "net_income": 1862794,
            "revenue": 10263480,
            "common_shares": 7264969,
            "book_valuer_per_share": 47.41,
            "book_valuer_per_share_4q_avg": 46.9,
            "equity": 34445629,
            "current_ratio": 129.49,
            "debt_ratio": 46.69,
            "inventory_turnover_ratio": 4.51,
            "account_receivable_turnover_ratio": 0.91,
            "reinvestment_rate": 47.32,
            "research_to_sale_ratio": 2.77,
            "price_fair": 129.26,
            "eps_avg_yearly": 9.9,
            "eps_latest_yearly": 9.32,
            "eps_growth_yearly": 3.06
        },
        "20113": {
            "year_quarter": 20113,
            "year": 2011,
            "quarter": 3,
            "eps": 1.9,
            "eps_growth_year": -34.56,
            "eps_4q": 8.59,
            "eps_4q_growth_year": -18.22,
            "roe": 4.32,
            "roe_4q": 19.95,
            "gross_profit": 2166500,
            "gross_margin": 22.31,
            "gross_margin_4q_avg": 24.13,
            "net_income": 1515123,
            "revenue": 9710414,
            "common_shares": 7991466,
            "book_valuer_per_share": 44.72,
            "book_valuer_per_share_4q_avg": 47.06,
            "equity": 35737623,
            "current_ratio": 151.5,
            "debt_ratio": 46.51,
            "inventory_turnover_ratio": 4.21,
            "account_receivable_turnover_ratio": 0.93,
            "reinvestment_rate": 52.94,
            "research_to_sale_ratio": 2.75,
            "price_fair": 96.88,
            "eps_avg_yearly": 9.69,
            "eps_latest_yearly": 7.6,
            "eps_growth_yearly": 0.37
        },
        "20114": {
            "year_quarter": 20114,
            "year": 2011,
            "quarter": 4,
            "eps": -0.38,
            "eps_growth_year": -115.37,
            "eps_4q": 5.93,
            "eps_4q_growth_year": -43.63,
            "roe": -0.86,
            "roe_4q": 13.55,
            "gross_profit": 2460383,
            "gross_margin": 25.31,
            "gross_margin_4q_avg": 24.19,
            "net_income": -306924,
            "revenue": 9719838,
            "common_shares": 7991466,
            "book_valuer_per_share": 44.74,
            "book_valuer_per_share_4q_avg": 46.52,
            "equity": 35750360,
            "current_ratio": 183.06,
            "debt_ratio": 47.78,
            "inventory_turnover_ratio": 4.38,
            "account_receivable_turnover_ratio": 0.99,
            "reinvestment_rate": 40.29,
            "research_to_sale_ratio": 2.29,
            "price_fair": 28.44,
            "eps_avg_yearly": 9.48,
            "eps_latest_yearly": 7.6,
            "eps_growth_yearly": -3.97
        },
        "20121": {
            "year_quarter": 20121,
            "year": 2012,
            "quarter": 1,
            "eps": 1.42,
            "eps_growth_year": -38.26,
            "eps_4q": 5.26,
            "eps_4q_growth_year": -49.32,
            "roe": 3.13,
            "roe_4q": 11.899999999999999,
            "gross_profit": 1846735,
            "gross_margin": 21.09,
            "gross_margin_4q_avg": 23.34,
            "net_income": 1134932,
            "revenue": 8755369,
            "common_shares": 7991466,
            "book_valuer_per_share": 46.1,
            "book_valuer_per_share_4q_avg": 45.74,
            "equity": 36840000,
            "current_ratio": 166.87,
            "debt_ratio": 48.15,
            "inventory_turnover_ratio": 3.58,
            "account_receivable_turnover_ratio": 1.03,
            "reinvestment_rate": 62.15,
            "research_to_sale_ratio": 3.62,
            "price_fair": 28.06,
            "eps_avg_yearly": 9.35,
            "eps_latest_yearly": 7.6,
            "eps_growth_yearly": -0.77
        },
        "20122": {
            "year_quarter": 20122,
            "year": 2012,
            "quarter": 2,
            "eps": 2.01,
            "eps_growth_year": -13.96,
            "eps_4q": 4.99,
            "eps_4q_growth_year": -46.24,
            "roe": 4,
            "roe_4q": 10.59,
            "gross_profit": 2479432,
            "gross_margin": 20.82,
            "gross_margin_4q_avg": 22.38,
            "net_income": 1573312,
            "revenue": 11909110,
            "common_shares": 7991466,
            "book_valuer_per_share": 45.57,
            "book_valuer_per_share_4q_avg": 45.28,
            "equity": 41765119,
            "current_ratio": 187.16,
            "debt_ratio": 45.1,
            "inventory_turnover_ratio": 4,
            "account_receivable_turnover_ratio": 1.56,
            "reinvestment_rate": 56.46,
            "research_to_sale_ratio": 3.34,
            "price_fair": 175.87,
            "eps_avg_yearly": 9.08,
            "eps_latest_yearly": 8.04,
            "eps_growth_yearly": 9.38
        },
        "20123": {
            "year_quarter": 20123,
            "year": 2012,
            "quarter": 3,
            "eps": 0.73,
            "eps_growth_year": -61.26,
            "eps_4q": 3.82,
            "eps_4q_growth_year": -55.57,
            "roe": 1.84,
            "roe_4q": 8.11,
            "gross_profit": 1604584,
            "gross_margin": 15.08,
            "gross_margin_4q_avg": 20.58,
            "net_income": 772961,
            "revenue": 10642627,
            "common_shares": 7791466,
            "book_valuer_per_share": 46.07,
            "book_valuer_per_share_4q_avg": 45.62,
            "equity": 42113510,
            "current_ratio": 197.26,
            "debt_ratio": 43.16,
            "inventory_turnover_ratio": 3.47,
            "account_receivable_turnover_ratio": 1.36,
            "reinvestment_rate": 62.33,
            "research_to_sale_ratio": 3.41,
            "price_fair": 25.54,
            "eps_avg_yearly": 8.51,
            "eps_latest_yearly": 2.92,
            "eps_growth_yearly": -6.14
        },
        "20124": {
            "year_quarter": 20124,
            "year": 2012,
            "quarter": 4,
            "eps": 0.75,
            "eps_growth_year": null,
            "eps_4q": 4.97,
            "eps_4q_growth_year": -16.31,
            "roe": 1.69,
            "roe_4q": 10.66,
            "gross_profit": 1487808,
            "gross_margin": 14.44,
            "gross_margin_4q_avg": 17.86,
            "net_income": 715961,
            "revenue": 10304003,
            "common_shares": 7791466,
            "book_valuer_per_share": 46.76,
            "book_valuer_per_share_4q_avg": 46.13,
            "equity": 42718437,
            "current_ratio": 215.35,
            "debt_ratio": 40.38,
            "inventory_turnover_ratio": 3.5,
            "account_receivable_turnover_ratio": 1.31,
            "reinvestment_rate": 59.9,
            "research_to_sale_ratio": 3.17,
            "price_fair": 23.98,
            "eps_avg_yearly": 7.99,
            "eps_latest_yearly": 3,
            "eps_growth_yearly": -3.98
        },
        "20131": {
            "year_quarter": 20131,
            "year": 2013,
            "quarter": 1,
            "eps": 0.82,
            "eps_growth_year": -42.25,
            "eps_4q": 4.39,
            "eps_4q_growth_year": -16.62,
            "roe": 1.76,
            "roe_4q": 9.29,
            "gross_profit": 1332627,
            "gross_margin": 14.47,
            "gross_margin_4q_avg": 16.2,
            "net_income": 760538,
            "revenue": 9208682,
            "common_shares": 7791466,
            "book_valuer_per_share": 47.71,
            "book_valuer_per_share_4q_avg": 46.53,
            "equity": 43460005,
            "current_ratio": 266.86,
            "debt_ratio": 37.3,
            "inventory_turnover_ratio": 3.54,
            "account_receivable_turnover_ratio": 1.29,
            "reinvestment_rate": 62.21,
            "research_to_sale_ratio": 3.42,
            "price_fair": 178.28,
            "eps_avg_yearly": 7.85,
            "eps_latest_yearly": 3.28,
            "eps_growth_yearly": 12.7
        },
        "20132": {
            "year_quarter": 20132,
            "year": 2013,
            "quarter": 2,
            "eps": 0.92,
            "eps_growth_year": -54.13,
            "eps_4q": 3.25,
            "eps_4q_growth_year": -34.85,
            "roe": 2.13,
            "roe_4q": 7.42,
            "gross_profit": 1551583,
            "gross_margin": 16.41,
            "gross_margin_4q_avg": 15.1,
            "net_income": 906256,
            "revenue": 9453949,
            "common_shares": 7791466,
            "book_valuer_per_share": 45.92,
            "book_valuer_per_share_4q_avg": 46.62,
            "equity": 41794035,
            "current_ratio": 235.88,
            "debt_ratio": 42,
            "inventory_turnover_ratio": 3.92,
            "account_receivable_turnover_ratio": 1.43,
            "reinvestment_rate": 69.87,
            "research_to_sale_ratio": 3.39,
            "price_fair": 143.48,
            "eps_avg_yearly": 7.65,
            "eps_latest_yearly": 3.68,
            "eps_growth_yearly": 8.77
        },
        "20133": {
            "year_quarter": 20133,
            "year": 2013,
            "quarter": 3,
            "eps": 0.51,
            "eps_growth_year": -30.56,
            "eps_4q": 3.01,
            "eps_4q_growth_year": -21.04,
            "roe": 1.44,
            "roe_4q": 7.02,
            "gross_profit": 1250501,
            "gross_margin": 13.38,
            "gross_margin_4q_avg": 14.68,
            "net_income": 604023,
            "revenue": 9347146,
            "common_shares": 7791466,
            "book_valuer_per_share": 46.13,
            "book_valuer_per_share_4q_avg": 46.63,
            "equity": 42173409,
            "current_ratio": 258.15,
            "debt_ratio": 41.95,
            "inventory_turnover_ratio": 3.54,
            "account_receivable_turnover_ratio": 1.37,
            "reinvestment_rate": 76.88,
            "research_to_sale_ratio": 3.38,
            "price_fair": 21.97,
            "eps_avg_yearly": 7.32,
            "eps_latest_yearly": 2.04,
            "eps_growth_yearly": -3.79
        },
        "20134": {
            "year_quarter": 20134,
            "year": 2013,
            "quarter": 4,
            "eps": -7.49,
            "eps_growth_year": -1102.05,
            "eps_4q": -5.24,
            "eps_4q_growth_year": -205.55,
            "roe": -13.82,
            "roe_4q": -8.49,
            "gross_profit": 1149218,
            "gross_margin": 11.98,
            "gross_margin_4q_avg": 14.06,
            "net_income": -5475977,
            "revenue": 9595204,
            "common_shares": 7791466,
            "book_valuer_per_share": 38.7,
            "book_valuer_per_share_4q_avg": 44.62,
            "equity": 37061276,
            "current_ratio": 227.75,
            "debt_ratio": 48.49,
            "inventory_turnover_ratio": 3.41,
            "account_receivable_turnover_ratio": 1.31,
            "reinvestment_rate": 102.49,
            "research_to_sale_ratio": 2.65,
            "price_fair": 21.33,
            "eps_avg_yearly": 7.11,
            "eps_latest_yearly": 2.04,
            "eps_growth_yearly": -20.6
        },
        "20141": {
            "year_quarter": 20141,
            "year": 2014,
            "quarter": 1,
            "eps": 0.78,
            "eps_growth_year": -4.88,
            "eps_4q": -5.28,
            "eps_4q_growth_year": -220.3,
            "roe": 2.31,
            "roe_4q": -7.94,
            "gross_profit": 1300269,
            "gross_margin": 14.09,
            "gross_margin_4q_avg": 13.97,
            "net_income": 866990,
            "revenue": 9226517,
            "common_shares": 7791466,
            "book_valuer_per_share": 39.6,
            "book_valuer_per_share_4q_avg": 42.59,
            "equity": 38015898,
            "current_ratio": 236.36,
            "debt_ratio": 46.14,
            "inventory_turnover_ratio": 3.26,
            "account_receivable_turnover_ratio": 1.19,
            "reinvestment_rate": 115.12,
            "research_to_sale_ratio": 2.87,
            "price_fair": 20.49,
            "eps_avg_yearly": 6.83,
            "eps_latest_yearly": 2.04,
            "eps_growth_yearly": -23.63
        },
        "20142": {
            "year_quarter": 20142,
            "year": 2014,
            "quarter": 2,
            "eps": 1.18,
            "eps_growth_year": 28.26,
            "eps_4q": -5.03,
            "eps_4q_growth_year": -254.53,
            "roe": 3.26,
            "roe_4q": -6.8100000000000005,
            "gross_profit": 1890076,
            "gross_margin": 17.86,
            "gross_margin_4q_avg": 14.33,
            "net_income": 1224457,
            "revenue": 10580372,
            "common_shares": 7791466,
            "book_valuer_per_share": 38.74,
            "book_valuer_per_share_4q_avg": 40.79,
            "equity": 37042157,
            "current_ratio": 218.51,
            "debt_ratio": 48.23,
            "inventory_turnover_ratio": 3.49,
            "account_receivable_turnover_ratio": 1.3,
            "reinvestment_rate": 98.93,
            "research_to_sale_ratio": 2.27,
            "price_fair": 18.85,
            "eps_avg_yearly": 6.28,
            "eps_latest_yearly": 4.72,
            "eps_growth_yearly": -9.08
        },
        "20143": {
            "year_quarter": 20143,
            "year": 2014,
            "quarter": 3,
            "eps": 1.25,
            "eps_growth_year": 145.1,
            "eps_4q": -4.28,
            "eps_4q_growth_year": -242.09,
            "roe": 3.4,
            "roe_4q": -4.85,
            "gross_profit": 1883140,
            "gross_margin": 18,
            "gross_margin_4q_avg": 15.48,
            "net_income": 1279524,
            "revenue": 10458972,
            "common_shares": 7791466,
            "book_valuer_per_share": 39.97,
            "book_valuer_per_share_4q_avg": 39.25,
            "equity": 38303195,
            "current_ratio": 219.71,
            "debt_ratio": 45.72,
            "inventory_turnover_ratio": 3.32,
            "account_receivable_turnover_ratio": 1.24,
            "reinvestment_rate": 111.72,
            "research_to_sale_ratio": 3.06,
            "price_fair": 17.2,
            "eps_avg_yearly": 5.73,
            "eps_latest_yearly": 5,
            "eps_growth_yearly": -8.05
        },
        "20144": {
            "year_quarter": 20144,
            "year": 2014,
            "quarter": 4,
            "eps": 1.02,
            "eps_growth_year": null,
            "eps_4q": 4.22,
            "eps_4q_growth_year": null,
            "roe": 2.71,
            "roe_4q": 11.68,
            "gross_profit": 1584679,
            "gross_margin": 16.21,
            "gross_margin_4q_avg": 16.54,
            "net_income": 1055713,
            "revenue": 9773584,
            "common_shares": 7791466,
            "book_valuer_per_share": 41.07,
            "book_valuer_per_share_4q_avg": 39.85,
            "equity": 39541966,
            "current_ratio": 268.93,
            "debt_ratio": 43.07,
            "inventory_turnover_ratio": 3.16,
            "account_receivable_turnover_ratio": 1.22,
            "reinvestment_rate": 87.11,
            "research_to_sale_ratio": 2.92,
            "price_fair": 15.72,
            "eps_avg_yearly": 5.24,
            "eps_latest_yearly": 4.08,
            "eps_growth_yearly": -9.59
        },
        "20151": {
            "year_quarter": 20151,
            "year": 2015,
            "quarter": 1,
            "eps": 1.01,
            "eps_growth_year": 29.49,
            "eps_4q": 4.44,
            "eps_4q_growth_year": null,
            "roe": 2.57,
            "roe_4q": 11.94,
            "gross_profit": 1673619,
            "gross_margin": 17.75,
            "gross_margin_4q_avg": 17.46,
            "net_income": 1029299,
            "revenue": 9430412,
            "common_shares": 7791466,
            "book_valuer_per_share": 42.09,
            "book_valuer_per_share_4q_avg": 40.47,
            "equity": 40657606,
            "current_ratio": 288.32,
            "debt_ratio": 40.8,
            "inventory_turnover_ratio": 3.01,
            "account_receivable_turnover_ratio": 1.28,
            "reinvestment_rate": 95.63,
            "research_to_sale_ratio": 2.54,
            "price_fair": 14.43,
            "eps_avg_yearly": 4.81,
            "eps_latest_yearly": 4.04,
            "eps_growth_yearly": -7.25
        },
        "20152": {
            "year_quarter": 20152,
            "year": 2015,
            "quarter": 2,
            "eps": 1.2,
            "eps_growth_year": 1.69,
            "eps_4q": 4.45,
            "eps_4q_growth_year": null,
            "roe": 2.99,
            "roe_4q": 11.67,
            "gross_profit": 1915815,
            "gross_margin": 18.7,
            "gross_margin_4q_avg": 17.67,
            "net_income": 1186558,
            "revenue": 10243698,
            "common_shares": 7791466,
            "book_valuer_per_share": 40.38,
            "book_valuer_per_share_4q_avg": 40.88,
            "equity": 38838814,
            "current_ratio": 211.65,
            "debt_ratio": 45.38,
            "inventory_turnover_ratio": 3.28,
            "account_receivable_turnover_ratio": 1.3,
            "reinvestment_rate": 58.2,
            "research_to_sale_ratio": 2.61,
            "price_fair": 13.3,
            "eps_avg_yearly": 4.43,
            "eps_latest_yearly": 4.8,
            "eps_growth_yearly": -1.41
        },
        "20153": {
            "year_quarter": 20153,
            "year": 2015,
            "quarter": 3,
            "eps": 1.42,
            "eps_growth_year": 13.6,
            "eps_4q": 4.63,
            "eps_4q_growth_year": null,
            "roe": 3.43,
            "roe_4q": 11.7,
            "gross_profit": 2066336,
            "gross_margin": 19.21,
            "gross_margin_4q_avg": 17.97,
            "net_income": 1354899,
            "revenue": 10756323,
            "common_shares": 7791466,
            "book_valuer_per_share": 41.84,
            "book_valuer_per_share_4q_avg": 41.35,
            "equity": 40228000,
            "current_ratio": 264.89,
            "debt_ratio": 42.34,
            "inventory_turnover_ratio": 3.43,
            "account_receivable_turnover_ratio": 1.23,
            "reinvestment_rate": 12.66,
            "research_to_sale_ratio": 2.75,
            "price_fair": 89.1,
            "eps_avg_yearly": 4.27,
            "eps_latest_yearly": 5.68,
            "eps_growth_yearly": 10.85
        },
        "20154": {
            "year_quarter": 20154,
            "year": 2015,
            "quarter": 4,
            "eps": 1.57,
            "eps_growth_year": 53.28,
            "eps_4q": 5.15,
            "eps_4q_growth_year": 22.09,
            "roe": 3.58,
            "roe_4q": 12.57,
            "gross_profit": 2563772,
            "gross_margin": 21.2,
            "gross_margin_4q_avg": 19.22,
            "net_income": 1469248,
            "revenue": 12093079,
            "common_shares": 7791466,
            "book_valuer_per_share": 43.42,
            "book_valuer_per_share_4q_avg": 41.93,
            "equity": 41956054,
            "current_ratio": 288.18,
            "debt_ratio": 41.49,
            "inventory_turnover_ratio": 3.61,
            "account_receivable_turnover_ratio": 1.34,
            "reinvestment_rate": 36.53,
            "research_to_sale_ratio": 2.72,
            "price_fair": 103.01,
            "eps_avg_yearly": 4.43,
            "eps_latest_yearly": 6.28,
            "eps_growth_yearly": 13.27
        },
        "20161": {
            "year_quarter": 20161,
            "year": 2016,
            "quarter": 1,
            "eps": 1.21,
            "eps_growth_year": 19.8,
            "eps_4q": 5.37,
            "eps_4q_growth_year": 21.02,
            "roe": 2.86,
            "roe_4q": 12.86,
            "gross_profit": 2059460,
            "gross_margin": 19.4,
            "gross_margin_4q_avg": 19.63,
            "net_income": 1217246,
            "revenue": 10618124,
            "common_shares": 7791466,
            "book_valuer_per_share": 44.48,
            "book_valuer_per_share_4q_avg": 42.53,
            "equity": 43056430,
            "current_ratio": 284.46,
            "debt_ratio": 38.88,
            "inventory_turnover_ratio": 3.06,
            "account_receivable_turnover_ratio": 1.23,
            "reinvestment_rate": -48.69,
            "research_to_sale_ratio": 2.81,
            "price_fair": 70.27,
            "eps_avg_yearly": 4.46,
            "eps_latest_yearly": 4.84,
            "eps_growth_yearly": 5.77
        },
        "20162": {
            "year_quarter": 20162,
            "year": 2016,
            "quarter": 2,
            "eps": 1.45,
            "eps_growth_year": 20.83,
            "eps_4q": 5.63,
            "eps_4q_growth_year": 26.43,
            "roe": 3.35,
            "roe_4q": 13.219999999999999,
            "gross_profit": 2434360,
            "gross_margin": 21.51,
            "gross_margin_4q_avg": 20.33,
            "net_income": 1406295,
            "revenue": 11318017,
            "common_shares": 7791466,
            "book_valuer_per_share": 42.44,
            "book_valuer_per_share_4q_avg": 43.05,
            "equity": 40963743,
            "current_ratio": 187.11,
            "debt_ratio": 45.13,
            "inventory_turnover_ratio": 3.04,
            "account_receivable_turnover_ratio": 1.32,
            "reinvestment_rate": 23.84,
            "research_to_sale_ratio": 2.73,
            "price_fair": 12.89,
            "eps_avg_yearly": 4.3,
            "eps_latest_yearly": 5.8,
            "eps_growth_yearly": -0.44
        },
        "20163": {
            "year_quarter": 20163,
            "year": 2016,
            "quarter": 3,
            "eps": 1.7,
            "eps_growth_year": 19.72,
            "eps_4q": 5.93,
            "eps_4q_growth_year": 28.01,
            "roe": 3.92,
            "roe_4q": 13.709999999999999,
            "gross_profit": 2869884,
            "gross_margin": 22.5,
            "gross_margin_4q_avg": 21.15,
            "net_income": 1634508,
            "revenue": 12757311,
            "common_shares": 7791466,
            "book_valuer_per_share": 44.02,
            "book_valuer_per_share_4q_avg": 43.59,
            "equity": 42502227,
            "current_ratio": 201.84,
            "debt_ratio": 43.93,
            "inventory_turnover_ratio": 3.2,
            "account_receivable_turnover_ratio": 1.33,
            "reinvestment_rate": 73.62,
            "research_to_sale_ratio": 2.74,
            "price_fair": 149.5,
            "eps_avg_yearly": 4.57,
            "eps_latest_yearly": 6.8,
            "eps_growth_yearly": 22.68
        },
        "20164": {
            "year_quarter": 20164,
            "year": 2016,
            "quarter": 4,
            "eps": 1.84,
            "eps_growth_year": 17.62,
            "eps_4q": 6.2,
            "eps_4q_growth_year": 20.39,
            "roe": 4.03,
            "roe_4q": 14.16,
            "gross_profit": 3098322,
            "gross_margin": 22.7,
            "gross_margin_4q_avg": 21.53,
            "net_income": 1750819,
            "revenue": 13650090,
            "common_shares": 7791466,
            "book_valuer_per_share": 45.97,
            "book_valuer_per_share_4q_avg": 44.23,
            "equity": 44320420,
            "current_ratio": 189.34,
            "debt_ratio": 44.74,
            "inventory_turnover_ratio": 3.22,
            "account_receivable_turnover_ratio": 1.28,
            "reinvestment_rate": 111.82,
            "research_to_sale_ratio": 3.02,
            "price_fair": 167.35,
            "eps_avg_yearly": 4.89,
            "eps_latest_yearly": 7.36,
            "eps_growth_yearly": 24.25
        },
        "20171": {
            "year_quarter": 20171,
            "year": 2017,
            "quarter": 1,
            "eps": 1.5,
            "eps_growth_year": 23.97,
            "eps_4q": 6.5,
            "eps_4q_growth_year": 20.96,
            "roe": 3.29,
            "roe_4q": 14.59,
            "gross_profit": 2758256,
            "gross_margin": 21.79,
            "gross_margin_4q_avg": 22.13,
            "net_income": 1481551,
            "revenue": 12659858,
            "common_shares": 7791466,
            "book_valuer_per_share": 47.37,
            "book_valuer_per_share_4q_avg": 44.95,
            "equity": 45708968,
            "current_ratio": 188.91,
            "debt_ratio": 44.84,
            "inventory_turnover_ratio": 2.74,
            "account_receivable_turnover_ratio": 1.21,
            "reinvestment_rate": 139.62,
            "research_to_sale_ratio": 2.98,
            "price_fair": 133.64,
            "eps_avg_yearly": 5.08,
            "eps_latest_yearly": 6,
            "eps_growth_yearly": 16.31
        },
        "20172": {
            "year_quarter": 20172,
            "year": 2017,
            "quarter": 2,
            "eps": 1.81,
            "eps_growth_year": 24.83,
            "eps_4q": 6.86,
            "eps_4q_growth_year": 21.86,
            "roe": 3.91,
            "roe_4q": 15.15,
            "gross_profit": 2904949,
            "gross_margin": 20.86,
            "gross_margin_4q_avg": 21.96,
            "net_income": 1785860,
            "revenue": 13928042,
            "common_shares": 7791466,
            "book_valuer_per_share": 44.87,
            "book_valuer_per_share_4q_avg": 45.56,
            "equity": 45687944,
            "current_ratio": 142.34,
            "debt_ratio": 52.46,
            "inventory_turnover_ratio": 2.9,
            "account_receivable_turnover_ratio": 1.29,
            "reinvestment_rate": 224.72,
            "research_to_sale_ratio": 3.04,
            "price_fair": 153.24,
            "eps_avg_yearly": 5.33,
            "eps_latest_yearly": 7.24,
            "eps_growth_yearly": 18.73
        },
        "20173": {
            "year_quarter": 20173,
            "year": 2017,
            "quarter": 3,
            "eps": 2.08,
            "eps_growth_year": 22.35,
            "eps_4q": 7.24,
            "eps_4q_growth_year": 22.2,
            "roe": 4.3,
            "roe_4q": 15.530000000000001,
            "gross_profit": 3445319,
            "gross_margin": 21.1,
            "gross_margin_4q_avg": 21.61,
            "net_income": 2006675,
            "revenue": 16328253,
            "common_shares": 7791466,
            "book_valuer_per_share": 47,
            "book_valuer_per_share_4q_avg": 46.3,
            "equity": 47671483,
            "current_ratio": 166.67,
            "debt_ratio": 51.62,
            "inventory_turnover_ratio": 3.44,
            "account_receivable_turnover_ratio": 1.3,
            "reinvestment_rate": 206.65,
            "research_to_sale_ratio": 2.76,
            "price_fair": 202.4,
            "eps_avg_yearly": 5.78,
            "eps_latest_yearly": 8.32,
            "eps_growth_yearly": 35.72
        },
        "20174": {
            "year_quarter": 20174,
            "year": 2017,
            "quarter": 4,
            "eps": 2.13,
            "eps_growth_year": 15.25,
            "eps_4q": 7.52,
            "eps_4q_growth_year": 21.27,
            "roe": 4.14,
            "roe_4q": 15.64,
            "gross_profit": 3589988,
            "gross_margin": 21.48,
            "gross_margin_4q_avg": 21.31,
            "net_income": 2017189,
            "revenue": 16715930,
            "common_shares": 7791466,
            "book_valuer_per_share": 48.96,
            "book_valuer_per_share_4q_avg": 47.05,
            "equity": 49683429,
            "current_ratio": 170.17,
            "debt_ratio": 50.15,
            "inventory_turnover_ratio": 3.36,
            "account_receivable_turnover_ratio": 1.32,
            "reinvestment_rate": 123.94,
            "research_to_sale_ratio": 2.83,
            "price_fair": 208.79,
            "eps_avg_yearly": 5.97,
            "eps_latest_yearly": 8.52,
            "eps_growth_yearly": 33.98
        },
        "20181": {
            "year_quarter": 20181,
            "year": 2018,
            "quarter": 1,
            "eps": 1.66,
            "eps_growth_year": 10.67,
            "eps_4q": 7.69,
            "eps_4q_growth_year": 18.32,
            "roe": 3.29,
            "roe_4q": 15.64,
            "gross_profit": 3249410,
            "gross_margin": 20.42,
            "gross_margin_4q_avg": 20.97,
            "net_income": 1666706,
            "revenue": 15909571,
            "common_shares": 7791466,
            "book_valuer_per_share": 50.75,
            "book_valuer_per_share_4q_avg": 47.9,
            "equity": 51540809,
            "current_ratio": 169.15,
            "debt_ratio": 49.11,
            "inventory_turnover_ratio": 3.69,
            "account_receivable_turnover_ratio": 1.33,
            "reinvestment_rate": 113.16,
            "research_to_sale_ratio": 2.65,
            "price_fair": 210.26,
            "eps_avg_yearly": 6.01,
            "eps_latest_yearly": 6.64,
            "eps_growth_yearly": 26.34
        },
        "20182": {
            "year_quarter": 20182,
            "year": 2018,
            "quarter": 2,
            "eps": 2.16,
            "eps_growth_year": 19.34,
            "eps_4q": 8.03,
            "eps_4q_growth_year": 17.05,
            "roe": 4.1,
            "roe_4q": 15.829999999999998,
            "gross_profit": 3640804,
            "gross_margin": 21.15,
            "gross_margin_4q_avg": 21.04,
            "net_income": 2068864,
            "revenue": 17214200,
            "common_shares": 7791466,
            "book_valuer_per_share": 48.58,
            "book_valuer_per_share_4q_avg": 48.82,
            "equity": 49352483,
            "current_ratio": 141.21,
            "debt_ratio": 53.6,
            "inventory_turnover_ratio": 4.58,
            "account_receivable_turnover_ratio": 1.39,
            "reinvestment_rate": 126.32,
            "research_to_sale_ratio": 2.71,
            "price_fair": 194.15,
            "eps_avg_yearly": 6.25,
            "eps_latest_yearly": 8.64,
            "eps_growth_yearly": 21.05
        },
        "20183": {
            "year_quarter": 20183,
            "year": 2018,
            "quarter": 3,
            "eps": 2.45,
            "eps_growth_year": 17.79,
            "eps_4q": 8.4,
            "eps_4q_growth_year": 15.89,
            "roe": 4.52,
            "roe_4q": 16.05,
            "gross_profit": 3916820,
            "gross_margin": 21.43,
            "gross_margin_4q_avg": 21.12,
            "net_income": 2279938,
            "revenue": 18275909,
            "common_shares": 7791466,
            "book_valuer_per_share": 50.92,
            "book_valuer_per_share_4q_avg": 49.8,
            "equity": 51482549,
            "current_ratio": 176.85,
            "debt_ratio": 51.16,
            "inventory_turnover_ratio": 4.23,
            "account_receivable_turnover_ratio": 1.39,
            "reinvestment_rate": 114.2,
            "research_to_sale_ratio": 2.6,
            "price_fair": 215.74,
            "eps_avg_yearly": 6.55,
            "eps_latest_yearly": 9.8,
            "eps_growth_yearly": 22.92
        },
        "20184": {
            "year_quarter": 20184,
            "year": 2018,
            "quarter": 4,
            "eps": 1.75,
            "eps_growth_year": -17.58,
            "eps_4q": 8.02,
            "eps_4q_growth_year": 6.64,
            "roe": 2.86,
            "roe_4q": 14.77,
            "gross_profit": 3023008,
            "gross_margin": 18.17,
            "gross_margin_4q_avg": 20.29,
            "net_income": 1497054,
            "revenue": 16639699,
            "common_shares": 7791466,
            "book_valuer_per_share": 52.77,
            "book_valuer_per_share_4q_avg": 50.76,
            "equity": 53077367,
            "current_ratio": 203.92,
            "debt_ratio": 48.76,
            "inventory_turnover_ratio": 3.64,
            "account_receivable_turnover_ratio": 1.33,
            "reinvestment_rate": 108.25,
            "research_to_sale_ratio": 3.01,
            "price_fair": 204.62,
            "eps_avg_yearly": 6.74,
            "eps_latest_yearly": 7,
            "eps_growth_yearly": 20.38
        },
        "20191": {
            "year_quarter": 20191,
            "year": 2019,
            "quarter": 1,
            "eps": 1.36,
            "eps_growth_year": -18.07,
            "eps_4q": 7.72,
            "eps_4q_growth_year": 0.41,
            "roe": 2.31,
            "roe_4q": 13.79,
            "gross_profit": 2342373,
            "gross_margin": 16.23,
            "gross_margin_4q_avg": 19.25,
            "net_income": 1241390,
            "revenue": 14432159,
            "common_shares": 7791466,
            "book_valuer_per_share": 54.14,
            "book_valuer_per_share_4q_avg": 51.6,
            "equity": 54309231,
            "current_ratio": 220.1,
            "debt_ratio": 47.23,
            "inventory_turnover_ratio": 3.29,
            "account_receivable_turnover_ratio": 1.33,
            "reinvestment_rate": 99.25,
            "research_to_sale_ratio": 3,
            "price_fair": 170.94,
            "eps_avg_yearly": 6.82,
            "eps_latest_yearly": 5.44,
            "eps_growth_yearly": 15.06
        },
        "20192": {
            "year_quarter": 20192,
            "year": 2019,
            "quarter": 2,
            "eps": 1.42,
            "eps_growth_year": -34.26,
            "eps_4q": 6.98,
            "eps_4q_growth_year": -13.12,
            "roe": 2.52,
            "roe_4q": 12.209999999999999,
            "gross_profit": 2593266,
            "gross_margin": 17.2,
            "gross_margin_4q_avg": 18.26,
            "net_income": 1331597,
            "revenue": 15079649,
            "common_shares": 7791466,
            "book_valuer_per_share": 50.96,
            "book_valuer_per_share_4q_avg": 52.2,
            "equity": 51163734,
            "current_ratio": 198.76,
            "debt_ratio": 50.83,
            "inventory_turnover_ratio": 3.67,
            "account_receivable_turnover_ratio": 1.41,
            "reinvestment_rate": 91.61,
            "research_to_sale_ratio": 3.09,
            "price_fair": 147.56,
            "eps_avg_yearly": 6.88,
            "eps_latest_yearly": 5.68,
            "eps_growth_yearly": 11.46
        },
        "20193": {
            "year_quarter": 20193,
            "year": 2019,
            "quarter": 3,
            "eps": 2.06,
            "eps_growth_year": -15.92,
            "eps_4q": 6.8,
            "eps_4q_growth_year": -19.01,
            "roe": 3.71,
            "roe_4q": 11.4,
            "gross_profit": 3565206,
            "gross_margin": 20.14,
            "gross_margin_4q_avg": 17.94,
            "net_income": 1931770,
            "revenue": 17705327,
            "common_shares": 7791466,
            "book_valuer_per_share": 54.66,
            "book_valuer_per_share_4q_avg": 53.13,
            "equity": 53011491,
            "current_ratio": 232.43,
            "debt_ratio": 48.43,
            "inventory_turnover_ratio": 4.36,
            "account_receivable_turnover_ratio": 1.43,
            "reinvestment_rate": 88.66,
            "research_to_sale_ratio": 2.75,
            "price_fair": 198.04,
            "eps_avg_yearly": 7.04,
            "eps_latest_yearly": 8.24,
            "eps_growth_yearly": 18.14
        },
        "20194": {
            "year_quarter": 20194,
            "year": 2019,
            "quarter": 4,
            "eps": 2.68,
            "eps_growth_year": 53.03,
            "eps_4q": 7.52,
            "eps_4q_growth_year": -6.29,
            "roe": 4.4,
            "roe_4q": 12.94,
            "gross_profit": 4176050,
            "gross_margin": 21.63,
            "gross_margin_4q_avg": 18.8,
            "net_income": 2374535,
            "revenue": 19308009,
            "common_shares": 7791466,
            "book_valuer_per_share": 55.41,
            "book_valuer_per_share_4q_avg": 53.79,
            "equity": 54897963,
            "current_ratio": 212.42,
            "debt_ratio": 48.76,
            "inventory_turnover_ratio": 4.26,
            "account_receivable_turnover_ratio": 1.43,
            "reinvestment_rate": 92.52,
            "research_to_sale_ratio": 2.69,
            "price_fair": 241.57,
            "eps_avg_yearly": 7.32,
            "eps_latest_yearly": 10.72,
            "eps_growth_yearly": 23.02
        },
        "20201": {
            "year_quarter": 20201,
            "year": 2020,
            "quarter": 1,
            "eps": 2.1,
            "eps_growth_year": 54.41,
            "eps_4q": 8.29,
            "eps_4q_growth_year": 7.39,
            "roe": 3.51,
            "roe_4q": 14.14,
            "gross_profit": 3725121,
            "gross_margin": 19.8,
            "gross_margin_4q_avg": 19.69,
            "net_income": 1960660,
            "revenue": 18811680,
            "common_shares": 7791466,
            "book_valuer_per_share": 57.59,
            "book_valuer_per_share_4q_avg": 54.66,
            "equity": 56699353,
            "current_ratio": 207.82,
            "debt_ratio": 47.71,
            "inventory_turnover_ratio": 3.63,
            "account_receivable_turnover_ratio": 1.32,
            "reinvestment_rate": 96.78,
            "research_to_sale_ratio": 3.14,
            "price_fair": 251.34,
            "eps_avg_yearly": 7.54,
            "eps_latest_yearly": 8.4,
            "eps_growth_yearly": 23.35
        },
        "20202": {
            "year_quarter": 20202,
            "year": 2020,
            "quarter": 2,
            "eps": 2.26,
            "eps_growth_year": 59.15,
            "eps_4q": 9.12,
            "eps_4q_growth_year": 30.69,
            "roe": 3.82,
            "roe_4q": 15.440000000000001,
            "gross_profit": 3770021,
            "gross_margin": 19.42,
            "gross_margin_4q_avg": 20.25,
            "net_income": 2122392,
            "revenue": 19410124,
            "common_shares": 7791466,
            "book_valuer_per_share": 55.18,
            "book_valuer_per_share_4q_avg": 55.71,
            "equity": 54429406,
            "current_ratio": 172.85,
            "debt_ratio": 51.35,
            "inventory_turnover_ratio": 3.13,
            "account_receivable_turnover_ratio": 1.29,
            "reinvestment_rate": 85.19,
            "research_to_sale_ratio": 2.85,
            "price_fair": 234.46,
            "eps_avg_yearly": 7.74,
            "eps_latest_yearly": 9.04,
            "eps_growth_yearly": 20.29
        },
        "20203": {
            "year_quarter": 20203,
            "year": 2020,
            "quarter": 3,
            "eps": 2.1,
            "eps_growth_year": 1.94,
            "eps_4q": 9.16,
            "eps_4q_growth_year": 34.73,
            "roe": 3.68,
            "roe_4q": 15.41,
            "gross_profit": 3668876,
            "gross_margin": 19.38,
            "gross_margin_4q_avg": 20.06,
            "net_income": 2041641,
            "revenue": 18935701,
            "common_shares": 7791466,
            "book_valuer_per_share": 57.35,
            "book_valuer_per_share_4q_avg": 56.38,
            "equity": 56399895,
            "current_ratio": 233.91,
            "debt_ratio": 48.04,
            "inventory_turnover_ratio": 2.84,
            "account_receivable_turnover_ratio": 1.24,
            "reinvestment_rate": 70.82,
            "research_to_sale_ratio": 2.69,
            "price_fair": 189.82,
            "eps_avg_yearly": 7.84,
            "eps_latest_yearly": 8.4,
            "eps_growth_yearly": 14.21
        },
        "20204": {
            "year_quarter": 20204,
            "year": 2020,
            "quarter": 4,
            "eps": 2.15,
            "eps_growth_year": -19.85,
            "eps_4q": 8.62,
            "eps_4q_growth_year": 14.63,
            "roe": 3.58,
            "roe_4q": 14.59,
            "gross_profit": 3864610,
            "gross_margin": 20.32,
            "gross_margin_4q_avg": 19.73,
            "net_income": 2054284,
            "revenue": 19023144,
            "common_shares": 7791466,
            "book_valuer_per_share": 59.49,
            "book_valuer_per_share_4q_avg": 57.4,
            "equity": 58404639,
            "current_ratio": 264.4,
            "debt_ratio": 46.29,
            "inventory_turnover_ratio": 2.98,
            "account_receivable_turnover_ratio": 1.28,
            "reinvestment_rate": 53.01,
            "research_to_sale_ratio": 2.85,
            "price_fair": 180.1,
            "eps_avg_yearly": 7.92,
            "eps_latest_yearly": 8.6,
            "eps_growth_yearly": 12.75
        },
        "20211": {
            "year_quarter": 20211,
            "year": 2021,
            "quarter": 1,
            "eps": 2.21,
            "eps_growth_year": 5.24,
            "eps_4q": 8.72,
            "eps_4q_growth_year": 5.17,
            "roe": 3.83,
            "roe_4q": 14.91,
            "gross_profit": 3890979,
            "gross_margin": 21.11,
            "gross_margin_4q_avg": 20.06,
            "net_income": 2275295,
            "revenue": 18429233,
            "common_shares": 7791466,
            "book_valuer_per_share": 61.52,
            "book_valuer_per_share_4q_avg": 58.39,
            "equity": 60429934,
            "current_ratio": 271.89,
            "debt_ratio": 44.7,
            "inventory_turnover_ratio": 2.9,
            "account_receivable_turnover_ratio": 1.23,
            "reinvestment_rate": 39.01,
            "research_to_sale_ratio": 3.2,
            "price_fair": 227.19,
            "eps_avg_yearly": 8.1,
            "eps_latest_yearly": 8.84,
            "eps_growth_yearly": 18.06
        },
        "20212": {
            "year_quarter": 20212,
            "year": 2021,
            "quarter": 2,
            "eps": 2.88,
            "eps_growth_year": 27.43,
            "eps_4q": 9.35,
            "eps_4q_growth_year": 2.58,
            "roe": 4.91,
            "roe_4q": 16,
            "gross_profit": 4829848,
            "gross_margin": 23.42,
            "gross_margin_4q_avg": 21.06,
            "net_income": 2910447,
            "revenue": 20620854,
            "common_shares": 7791466,
            "book_valuer_per_share": 59.26,
            "book_valuer_per_share_4q_avg": 59.41,
            "equity": 58184763,
            "current_ratio": 209.79,
            "debt_ratio": 47.95,
            "inventory_turnover_ratio": 3.01,
            "account_receivable_turnover_ratio": 1.3,
            "reinvestment_rate": 4.72,
            "research_to_sale_ratio": 2.92,
            "price_fair": 254.87,
            "eps_avg_yearly": 8.36,
            "eps_latest_yearly": 11.52,
            "eps_growth_yearly": 20.48
        },
        "20213": {
            "year_quarter": 20213,
            "year": 2021,
            "quarter": 3,
            "eps": 3.2,
            "eps_growth_year": 52.38,
            "eps_4q": 10.48,
            "eps_4q_growth_year": 14.43,
            "roe": 5.55,
            "roe_4q": 17.87,
            "gross_profit": 5319298,
            "gross_margin": 23.83,
            "gross_margin_4q_avg": 22.17,
            "net_income": 3311439,
            "revenue": 22320480,
            "common_shares": 7791466,
            "book_valuer_per_share": 62.53,
            "book_valuer_per_share_4q_avg": 60.7,
            "equity": 61217297,
            "current_ratio": 252.98,
            "debt_ratio": 46.03,
            "inventory_turnover_ratio": 3.05,
            "account_receivable_turnover_ratio": 1.29,
            "reinvestment_rate": 0.82,
            "research_to_sale_ratio": 2.45,
            "price_fair": 255.18,
            "eps_avg_yearly": 8.64,
            "eps_latest_yearly": 12.8,
            "eps_growth_yearly": 19.53
        },
        "20214": {
            "year_quarter": 20214,
            "year": 2021,
            "quarter": 4,
            "eps": 3.29,
            "eps_growth_year": 53.1,
            "eps_4q": 11.73,
            "eps_4q_growth_year": 36.07,
            "roe": 5.19,
            "roe_4q": 19.48,
            "gross_profit": 5254532,
            "gross_margin": 23.43,
            "gross_margin_4q_avg": 22.95,
            "net_income": 3228744,
            "revenue": 22423005,
            "common_shares": 7791466,
            "book_valuer_per_share": 65.25,
            "book_valuer_per_share_4q_avg": 62.14,
            "equity": 63306242,
            "current_ratio": 222.82,
            "debt_ratio": 46.62,
            "inventory_turnover_ratio": 2.75,
            "account_receivable_turnover_ratio": 1.24,
            "reinvestment_rate": 8.23,
            "research_to_sale_ratio": 3.14,
            "price_fair": 264.65,
            "eps_avg_yearly": 8.93,
            "eps_latest_yearly": 13.16,
            "eps_growth_yearly": 19.63
        },
        "20221": {
            "year_quarter": 20221,
            "year": 2022,
            "quarter": 1,
            "eps": 2.92,
            "eps_growth_year": 32.13,
            "eps_4q": 12.53,
            "eps_4q_growth_year": 43.74,
            "roe": 4.54,
            "roe_4q": 20.19,
            "gross_profit": 4577522,
            "gross_margin": 21.98,
            "gross_margin_4q_avg": 23.17,
            "net_income": 2920255,
            "revenue": 20830631,
            "common_shares": 7591466,
            "book_valuer_per_share": 67.9,
            "book_valuer_per_share_4q_avg": 63.74,
            "equity": 65344048,
            "current_ratio": 226.07,
            "debt_ratio": 45.82,
            "inventory_turnover_ratio": 2.2,
            "account_receivable_turnover_ratio": 1.18,
            "reinvestment_rate": 18.56,
            "research_to_sale_ratio": 2.8,
            "price_fair": 299,
            "eps_avg_yearly": 9.25,
            "eps_latest_yearly": 11.68,
            "eps_growth_yearly": 22.33
        },
        "20222": {
            "year_quarter": 20222,
            "year": 2022,
            "quarter": 2,
            "eps": 3.67,
            "eps_growth_year": 27.43,
            "eps_4q": 13.24,
            "eps_4q_growth_year": 41.57,
            "roe": 5.39,
            "roe_4q": 20.67,
            "gross_profit": 5466968,
            "gross_margin": 23.5,
            "gross_margin_4q_avg": 23.19,
            "net_income": 3422988,
            "revenue": 23263343,
            "common_shares": 7591466,
            "book_valuer_per_share": 64.58,
            "book_valuer_per_share_4q_avg": 65.07,
            "equity": 61718816,
            "current_ratio": 174.99,
            "debt_ratio": 50.74,
            "inventory_turnover_ratio": 2.08,
            "account_receivable_turnover_ratio": 1.31,
            "reinvestment_rate": 13.9,
            "research_to_sale_ratio": 3.12,
            "price_fair": 300.53,
            "eps_avg_yearly": 9.63,
            "eps_latest_yearly": 14.68,
            "eps_growth_yearly": 21.22
        },
        "20223": {
            "year_quarter": 20223,
            "year": 2022,
            "quarter": 3,
            "eps": 3.2,
            "eps_growth_year": 0,
            "eps_4q": 13.16,
            "eps_4q_growth_year": 25.52,
            "roe": 4.46,
            "roe_4q": 19.580000000000002,
            "gross_profit": 4161580,
            "gross_margin": 19.42,
            "gross_margin_4q_avg": 22.08,
            "net_income": 2822285,
            "revenue": 21430133,
            "common_shares": 7591466,
            "book_valuer_per_share": 68.18,
            "book_valuer_per_share_4q_avg": 66.48,
            "equity": 64711358,
            "current_ratio": 231.17,
            "debt_ratio": 48.07,
            "inventory_turnover_ratio": 1.76,
            "account_receivable_turnover_ratio": 1.21,
            "reinvestment_rate": 10.65,
            "research_to_sale_ratio": 2.76,
            "price_fair": 242.03,
            "eps_avg_yearly": 9.81,
            "eps_latest_yearly": 12.8,
            "eps_growth_yearly": 14.67
        },
        "20224": {
            "year_quarter": 20224,
            "year": 2022,
            "quarter": 4,
            "eps": 1.81,
            "eps_growth_year": -45.14,
            "eps_4q": 11.62,
            "eps_4q_growth_year": -0.89,
            "roe": 2.42,
            "roe_4q": 16.81,
            "gross_profit": 3169950,
            "gross_margin": 17.23,
            "gross_margin_4q_avg": 20.53,
            "net_income": 1586321,
            "revenue": 18402628,
            "common_shares": 7591466,
            "book_valuer_per_share": 69.97,
            "book_valuer_per_share_4q_avg": 67.66,
            "equity": 66323038,
            "current_ratio": 253.77,
            "debt_ratio": 44.25,
            "inventory_turnover_ratio": 1.43,
            "account_receivable_turnover_ratio": 1.17,
            "reinvestment_rate": 9.43,
            "research_to_sale_ratio": 3.06,
            "price_fair": 205.88,
            "eps_avg_yearly": 9.83,
            "eps_latest_yearly": 7.24,
            "eps_growth_yearly": 10.95
        },
        "20231": {
            "year_quarter": 20231,
            "year": 2023,
            "quarter": 1,
            "eps": 1.51,
            "eps_growth_year": -48.29,
            "eps_4q": 10.19,
            "eps_4q_growth_year": -18.64,
            "roe": 2.12,
            "roe_4q": 14.39,
            "gross_profit": 2533854,
            "gross_margin": 16.1,
            "gross_margin_4q_avg": 19.06,
            "net_income": 1423536,
            "revenue": 15740524,
            "common_shares": 7591466,
            "book_valuer_per_share": 71.42,
            "book_valuer_per_share_4q_avg": 68.54,
            "equity": 67679115,
            "current_ratio": 292.61,
            "debt_ratio": 41.06,
            "inventory_turnover_ratio": 1.29,
            "account_receivable_turnover_ratio": 1.07,
            "reinvestment_rate": 9.96,
            "research_to_sale_ratio": 2.89,
            "price_fair": 220.75,
            "eps_avg_yearly": 9.87,
            "eps_latest_yearly": 6.04,
            "eps_growth_yearly": 12.38
        }
    },
    "months": {
        "2003-04": {
            "month": "2003-04",
            "price": "19.55",
            "revenue": 298883
        },
        "2003-05": {
            "month": "2003-05",
            "price": "21.50",
            "revenue": 308443
        },
        "2003-06": {
            "month": "2003-06",
            "price": "28.00",
            "revenue": 336385
        },
        "2003-07": {
            "month": "2003-07",
            "price": "33.47",
            "revenue": 375032
        },
        "2003-08": {
            "month": "2003-08",
            "price": "39.21",
            "revenue": 435006
        },
        "2003-09": {
            "month": "2003-09",
            "price": "43.07",
            "revenue": 460742
        },
        "2003-10": {
            "month": "2003-10",
            "price": "46.11",
            "revenue": 451150
        },
        "2003-11": {
            "month": "2003-11",
            "price": "53.42",
            "revenue": 460451
        },
        "2003-12": {
            "month": "2003-12",
            "price": "54.39",
            "revenue": 490578
        },
        "2004-01": {
            "month": "2004-01",
            "price": "62.17",
            "revenue": 470113
        },
        "2004-02": {
            "month": "2004-02",
            "price": "71.95",
            "revenue": 508122
        },
        "2004-03": {
            "month": "2004-03",
            "price": "73.50",
            "revenue": 550306
        },
        "2004-04": {
            "month": "2004-04",
            "price": "73.68",
            "revenue": 602108
        },
        "2004-05": {
            "month": "2004-05",
            "price": "62.55",
            "revenue": 628647
        },
        "2004-06": {
            "month": "2004-06",
            "price": "57.98",
            "revenue": 667934
        },
        "2004-07": {
            "month": "2004-07",
            "price": "53.03",
            "revenue": 670167
        },
        "2004-08": {
            "month": "2004-08",
            "price": "54.85",
            "revenue": 675429
        },
        "2004-09": {
            "month": "2004-09",
            "price": "63.83",
            "revenue": 691326
        },
        "2004-10": {
            "month": "2004-10",
            "price": "66.98",
            "revenue": 715074
        },
        "2004-11": {
            "month": "2004-11",
            "price": "69.21",
            "revenue": 739640
        },
        "2004-12": {
            "month": "2004-12",
            "price": "68.93",
            "revenue": 758819
        },
        "2005-01": {
            "month": "2005-01",
            "price": "69.57",
            "revenue": 805311
        },
        "2005-02": {
            "month": "2005-02",
            "price": "81.00",
            "revenue": 812405
        },
        "2005-03": {
            "month": "2005-03",
            "price": "91.90",
            "revenue": 851215
        },
        "2005-04": {
            "month": "2005-04",
            "price": "92.68",
            "revenue": 890607
        },
        "2005-05": {
            "month": "2005-05",
            "price": "98.88",
            "revenue": 900753
        },
        "2005-06": {
            "month": "2005-06",
            "price": "99.90",
            "revenue": 915550
        },
        "2005-07": {
            "month": "2005-07",
            "price": "105.34",
            "revenue": 908157
        },
        "2005-08": {
            "month": "2005-08",
            "price": "93.39",
            "revenue": 935030
        },
        "2005-09": {
            "month": "2005-09",
            "price": "89.06",
            "revenue": 979889
        },
        "2005-10": {
            "month": "2005-10",
            "price": "87.64",
            "revenue": 1012391
        },
        "2005-11": {
            "month": "2005-11",
            "price": "92.43",
            "revenue": 1053753
        },
        "2005-12": {
            "month": "2005-12",
            "price": "104.10",
            "revenue": 1100225
        },
        "2006-01": {
            "month": "2006-01",
            "price": "114.39",
            "revenue": 1103828
        },
        "2006-02": {
            "month": "2006-02",
            "price": "114.09",
            "revenue": 1106086
        },
        "2006-03": {
            "month": "2006-03",
            "price": "105.73",
            "revenue": 1211986
        },
        "2006-04": {
            "month": "2006-04",
            "price": "114.55",
            "revenue": 1252870
        },
        "2006-05": {
            "month": "2006-05",
            "price": "102.14",
            "revenue": 1320429
        },
        "2006-06": {
            "month": "2006-06",
            "price": "87.04",
            "revenue": 1400911
        },
        "2006-07": {
            "month": "2006-07",
            "price": "87.71",
            "revenue": 1450337
        },
        "2006-08": {
            "month": "2006-08",
            "price": "85.09",
            "revenue": 1511213
        },
        "2006-09": {
            "month": "2006-09",
            "price": "93.70",
            "revenue": 1560771
        },
        "2006-10": {
            "month": "2006-10",
            "price": "92.26",
            "revenue": 1617106
        },
        "2006-11": {
            "month": "2006-11",
            "price": "100.55",
            "revenue": 1683912
        },
        "2006-12": {
            "month": "2006-12",
            "price": "124.69",
            "revenue": 1751125
        },
        "2007-01": {
            "month": "2007-01",
            "price": "141.27",
            "revenue": 1810096
        },
        "2007-02": {
            "month": "2007-02",
            "price": "136.33",
            "revenue": 1830347
        },
        "2007-03": {
            "month": "2007-03",
            "price": "132.09",
            "revenue": 1872628
        },
        "2007-04": {
            "month": "2007-04",
            "price": "122.50",
            "revenue": 1801398
        },
        "2007-05": {
            "month": "2007-05",
            "price": "121.30",
            "revenue": 1851501
        },
        "2007-06": {
            "month": "2007-06",
            "price": "130.62",
            "revenue": 1935641
        },
        "2007-07": {
            "month": "2007-07",
            "price": "151.36",
            "revenue": 1981497
        },
        "2007-08": {
            "month": "2007-08",
            "price": "129.72",
            "revenue": 2080297
        },
        "2007-09": {
            "month": "2007-09",
            "price": "127.31",
            "revenue": 2170401
        },
        "2007-10": {
            "month": "2007-10",
            "price": "129.16",
            "revenue": 2233045
        },
        "2007-11": {
            "month": "2007-11",
            "price": "113.84",
            "revenue": 2403239
        },
        "2007-12": {
            "month": "2007-12",
            "price": "113.21",
            "revenue": 2467786
        },
        "2008-01": {
            "month": "2008-01",
            "price": "97.14",
            "revenue": 2460284
        },
        "2008-02": {
            "month": "2008-02",
            "price": "96.41",
            "revenue": 2470190
        },
        "2008-03": {
            "month": "2008-03",
            "price": "102.19",
            "revenue": 2505462
        },
        "2008-04": {
            "month": "2008-04",
            "price": "118.40",
            "revenue": 2521445
        },
        "2008-05": {
            "month": "2008-05",
            "price": "120.57",
            "revenue": 2570788
        },
        "2008-06": {
            "month": "2008-06",
            "price": "112.14",
            "revenue": 2603113
        },
        "2008-07": {
            "month": "2008-07",
            "price": "101.13",
            "revenue": 2650547
        },
        "2008-08": {
            "month": "2008-08",
            "price": "97.46",
            "revenue": 2662928
        },
        "2008-09": {
            "month": "2008-09",
            "price": "80.64",
            "revenue": 2701360
        },
        "2008-10": {
            "month": "2008-10",
            "price": "53.87",
            "revenue": 2720137
        },
        "2008-11": {
            "month": "2008-11",
            "price": "46.33",
            "revenue": 2722049
        },
        "2008-12": {
            "month": "2008-12",
            "price": "50.64",
            "revenue": 2600678
        },
        "2009-01": {
            "month": "2009-01",
            "price": "49.21",
            "revenue": 2050009
        },
        "2009-02": {
            "month": "2009-02",
            "price": "51.01",
            "revenue": 1863165
        },
        "2009-03": {
            "month": "2009-03",
            "price": "56.71",
            "revenue": 2100320
        },
        "2009-04": {
            "month": "2009-04",
            "price": "68.14",
            "revenue": 2202101
        },
        "2009-05": {
            "month": "2009-05",
            "price": "71.78",
            "revenue": 2400427
        },
        "2009-06": {
            "month": "2009-06",
            "price": "69.54",
            "revenue": 2505876
        },
        "2009-07": {
            "month": "2009-07",
            "price": "80.33",
            "revenue": 2651936
        },
        "2009-08": {
            "month": "2009-08",
            "price": "86.97",
            "revenue": 2700891
        },
        "2009-09": {
            "month": "2009-09",
            "price": "94.90",
            "revenue": 2750264
        },
        "2009-10": {
            "month": "2009-10",
            "price": "92.46",
            "revenue": 2845328
        },
        "2009-11": {
            "month": "2009-11",
            "price": "91.77",
            "revenue": 2900856
        },
        "2009-12": {
            "month": "2009-12",
            "price": "99.03",
            "revenue": 2998156
        },
        "2010-01": {
            "month": "2010-01",
            "price": "108.95",
            "revenue": 2900459
        },
        "2010-02": {
            "month": "2010-02",
            "price": "104.57",
            "revenue": 2800052
        },
        "2010-03": {
            "month": "2010-03",
            "price": "110.70",
            "revenue": 2950272
        },
        "2010-04": {
            "month": "2010-04",
            "price": "113.48",
            "revenue": 3001183
        },
        "2010-05": {
            "month": "2010-05",
            "price": "101.32",
            "revenue": 3102250
        },
        "2010-06": {
            "month": "2010-06",
            "price": "94.87",
            "revenue": 3181605
        },
        "2010-07": {
            "month": "2010-07",
            "price": "94.34",
            "revenue": 3232378
        },
        "2010-08": {
            "month": "2010-08",
            "price": "97.85",
            "revenue": 3284417
        },
        "2010-09": {
            "month": "2010-09",
            "price": "98.72",
            "revenue": 3320675
        },
        "2010-10": {
            "month": "2010-10",
            "price": "97.65",
            "revenue": 3350156
        },
        "2010-11": {
            "month": "2010-11",
            "price": "97.77",
            "revenue": 3351343
        },
        "2010-12": {
            "month": "2010-12",
            "price": "98.60",
            "revenue": 3355191
        },
        "2011-01": {
            "month": "2011-01",
            "price": "101.11",
            "revenue": 3250207
        },
        "2011-02": {
            "month": "2011-02",
            "price": "105.16",
            "revenue": 3200873
        },
        "2011-03": {
            "month": "2011-03",
            "price": "100.34",
            "revenue": 3306526
        },
        "2011-04": {
            "month": "2011-04",
            "price": "97.39",
            "revenue": 3362473
        },
        "2011-05": {
            "month": "2011-05",
            "price": "103.04",
            "revenue": 3400925
        },
        "2011-06": {
            "month": "2011-06",
            "price": "102.45",
            "revenue": 3500082
        },
        "2011-07": {
            "month": "2011-07",
            "price": "95.38",
            "revenue": 3260002
        },
        "2011-08": {
            "month": "2011-08",
            "price": "69.63",
            "revenue": 3200259
        },
        "2011-09": {
            "month": "2011-09",
            "price": "66.20",
            "revenue": 3250090
        },
        "2011-10": {
            "month": "2011-10",
            "price": "69.36",
            "revenue": 3252343
        },
        "2011-11": {
            "month": "2011-11",
            "price": "71.35",
            "revenue": 3252019
        },
        "2011-12": {
            "month": "2011-12",
            "price": "66.62",
            "revenue": 3215538
        },
        "2012-01": {
            "month": "2012-01",
            "price": "65.83",
            "revenue": 3038557
        },
        "2012-02": {
            "month": "2012-02",
            "price": "74.60",
            "revenue": 2832930
        },
        "2012-03": {
            "month": "2012-03",
            "price": "57.21",
            "revenue": 2883883
        },
        "2012-04": {
            "month": "2012-04",
            "price": "54.05",
            "revenue": 3741301
        },
        "2012-05": {
            "month": "2012-05",
            "price": "56.25",
            "revenue": 3967027
        },
        "2012-06": {
            "month": "2012-06",
            "price": "56.35",
            "revenue": 4200782
        },
        "2012-07": {
            "month": "2012-07",
            "price": "61.74",
            "revenue": 3819846
        },
        "2012-08": {
            "month": "2012-08",
            "price": "55.20",
            "revenue": 3477450
        },
        "2012-09": {
            "month": "2012-09",
            "price": "57.94",
            "revenue": 3345330
        },
        "2012-10": {
            "month": "2012-10",
            "price": "50.70",
            "revenue": 3388640
        },
        "2012-11": {
            "month": "2012-11",
            "price": "40.50",
            "revenue": 3483197
        },
        "2012-12": {
            "month": "2012-12",
            "price": "45.82",
            "revenue": 3432166
        },
        "2013-01": {
            "month": "2013-01",
            "price": "46.08",
            "revenue": 3167486
        },
        "2013-02": {
            "month": "2013-02",
            "price": "43.54",
            "revenue": 2924205
        },
        "2013-03": {
            "month": "2013-03",
            "price": "47.66",
            "revenue": 3116991
        },
        "2013-04": {
            "month": "2013-04",
            "price": "49.95",
            "revenue": 3111883
        },
        "2013-05": {
            "month": "2013-05",
            "price": "54.31",
            "revenue": 3150152
        },
        "2013-06": {
            "month": "2013-06",
            "price": "55.73",
            "revenue": 3191915
        },
        "2013-07": {
            "month": "2013-07",
            "price": "57.73",
            "revenue": 3192865
        },
        "2013-08": {
            "month": "2013-08",
            "price": "54.06",
            "revenue": 3139310
        },
        "2013-09": {
            "month": "2013-09",
            "price": "54.62",
            "revenue": 3014971
        },
        "2013-10": {
            "month": "2013-10",
            "price": "53.40",
            "revenue": 3201739
        },
        "2013-11": {
            "month": "2013-11",
            "price": "43.95",
            "revenue": 3226945
        },
        "2013-12": {
            "month": "2013-12",
            "price": "44.60",
            "revenue": 3166521
        },
        "2014-01": {
            "month": "2014-01",
            "price": "44.88",
            "revenue": 3076031
        },
        "2014-02": {
            "month": "2014-02",
            "price": "41.87",
            "revenue": 2835002
        },
        "2014-03": {
            "month": "2014-03",
            "price": "44.26",
            "revenue": 3315484
        },
        "2014-04": {
            "month": "2014-04",
            "price": "46.00",
            "revenue": 3406861
        },
        "2014-05": {
            "month": "2014-05",
            "price": "53.40",
            "revenue": 3656092
        },
        "2014-06": {
            "month": "2014-06",
            "price": "54.34",
            "revenue": 3517418
        },
        "2014-07": {
            "month": "2014-07",
            "price": "53.35",
            "revenue": 3470360
        },
        "2014-08": {
            "month": "2014-08",
            "price": "53.53",
            "revenue": 3527316
        },
        "2014-09": {
            "month": "2014-09",
            "price": "55.55",
            "revenue": 3461296
        },
        "2014-10": {
            "month": "2014-10",
            "price": "50.92",
            "revenue": 3347399
        },
        "2014-11": {
            "month": "2014-11",
            "price": "50.30",
            "revenue": 3245251
        },
        "2014-12": {
            "month": "2014-12",
            "price": "53.52",
            "revenue": 3180934
        },
        "2015-01": {
            "month": "2015-01",
            "price": "52.68",
            "revenue": 3206104
        },
        "2015-02": {
            "month": "2015-02",
            "price": "52.51",
            "revenue": 2941772
        },
        "2015-03": {
            "month": "2015-03",
            "price": "54.07",
            "revenue": 3282536
        },
        "2015-04": {
            "month": "2015-04",
            "price": "54.98",
            "revenue": 3375209
        },
        "2015-05": {
            "month": "2015-05",
            "price": "62.31",
            "revenue": 3430689
        },
        "2015-06": {
            "month": "2015-06",
            "price": "64.49",
            "revenue": 3437800
        },
        "2015-07": {
            "month": "2015-07",
            "price": "60.49",
            "revenue": 3465627
        },
        "2015-08": {
            "month": "2015-08",
            "price": "55.54",
            "revenue": 3579916
        },
        "2015-09": {
            "month": "2015-09",
            "price": "57.76",
            "revenue": 3710781
        },
        "2015-10": {
            "month": "2015-10",
            "price": "62.60",
            "revenue": 3964952
        },
        "2015-11": {
            "month": "2015-11",
            "price": "71.24",
            "revenue": 4155277
        },
        "2015-12": {
            "month": "2015-12",
            "price": "68.97",
            "revenue": 3972849
        },
        "2016-01": {
            "month": "2016-01",
            "price": "66.07",
            "revenue": 3827659
        },
        "2016-02": {
            "month": "2016-02",
            "price": "71.17",
            "revenue": 3225691
        },
        "2016-03": {
            "month": "2016-03",
            "price": "70.94",
            "revenue": 3564773
        },
        "2016-04": {
            "month": "2016-04",
            "price": "70.84",
            "revenue": 3611025
        },
        "2016-05": {
            "month": "2016-05",
            "price": "65.65",
            "revenue": 3799030
        },
        "2016-06": {
            "month": "2016-06",
            "price": "70.02",
            "revenue": 3907963
        },
        "2016-07": {
            "month": "2016-07",
            "price": "73.68",
            "revenue": 4140624
        },
        "2016-08": {
            "month": "2016-08",
            "price": "82.03",
            "revenue": 4242616
        },
        "2016-09": {
            "month": "2016-09",
            "price": "81.29",
            "revenue": 4374070
        },
        "2016-10": {
            "month": "2016-10",
            "price": "85.78",
            "revenue": 4452682
        },
        "2016-11": {
            "month": "2016-11",
            "price": "85.25",
            "revenue": 4609231
        },
        "2016-12": {
            "month": "2016-12",
            "price": "85.81",
            "revenue": 4588177
        },
        "2017-01": {
            "month": "2017-01",
            "price": "85.34",
            "revenue": 4389294
        },
        "2017-02": {
            "month": "2017-02",
            "price": "90.93",
            "revenue": 4003046
        },
        "2017-03": {
            "month": "2017-03",
            "price": "87.81",
            "revenue": 4267518
        },
        "2017-04": {
            "month": "2017-04",
            "price": "87.52",
            "revenue": 4358544
        },
        "2017-05": {
            "month": "2017-05",
            "price": "92.80",
            "revenue": 4464703
        },
        "2017-06": {
            "month": "2017-06",
            "price": "92.99",
            "revenue": 5104795
        },
        "2017-07": {
            "month": "2017-07",
            "price": "99.13",
            "revenue": 5171954
        },
        "2017-08": {
            "month": "2017-08",
            "price": "93.05",
            "revenue": 5583610
        },
        "2017-09": {
            "month": "2017-09",
            "price": "89.24",
            "revenue": 5572689
        },
        "2017-10": {
            "month": "2017-10",
            "price": "93.04",
            "revenue": 5529027
        },
        "2017-11": {
            "month": "2017-11",
            "price": "94.09",
            "revenue": 5632258
        },
        "2017-12": {
            "month": "2017-12",
            "price": "87.99",
            "revenue": 5554645
        },
        "2018-01": {
            "month": "2018-01",
            "price": "90.14",
            "revenue": 5391110
        },
        "2018-02": {
            "month": "2018-02",
            "price": "91.69",
            "revenue": 4869148
        },
        "2018-03": {
            "month": "2018-03",
            "price": "91.78",
            "revenue": 5649313
        },
        "2018-04": {
            "month": "2018-04",
            "price": "92.01",
            "revenue": 5575589
        },
        "2018-05": {
            "month": "2018-05",
            "price": "88.53",
            "revenue": 5851268
        },
        "2018-06": {
            "month": "2018-06",
            "price": "89.82",
            "revenue": 5787343
        },
        "2018-07": {
            "month": "2018-07",
            "price": "86.93",
            "revenue": 6124461
        },
        "2018-08": {
            "month": "2018-08",
            "price": "87.08",
            "revenue": 6201384
        },
        "2018-09": {
            "month": "2018-09",
            "price": "85.22",
            "revenue": 5950064
        },
        "2018-10": {
            "month": "2018-10",
            "price": "72.31",
            "revenue": 5828780
        },
        "2018-11": {
            "month": "2018-11",
            "price": "69.79",
            "revenue": 5481287
        },
        "2018-12": {
            "month": "2018-12",
            "price": "68.51",
            "revenue": 5329632
        },
        "2019-01": {
            "month": "2019-01",
            "price": "67.94",
            "revenue": 5172683
        },
        "2019-02": {
            "month": "2019-02",
            "price": "70.55",
            "revenue": 4340940
        },
        "2019-03": {
            "month": "2019-03",
            "price": "71.57",
            "revenue": 4918536
        },
        "2019-04": {
            "month": "2019-04",
            "price": "75.30",
            "revenue": 4886141
        },
        "2019-05": {
            "month": "2019-05",
            "price": "74.68",
            "revenue": 5044003
        },
        "2019-06": {
            "month": "2019-06",
            "price": "75.21",
            "revenue": 5149505
        },
        "2019-07": {
            "month": "2019-07",
            "price": "80.58",
            "revenue": 5611872
        },
        "2019-08": {
            "month": "2019-08",
            "price": "74.38",
            "revenue": 6069915
        },
        "2019-09": {
            "month": "2019-09",
            "price": "83.62",
            "revenue": 6023540
        },
        "2019-10": {
            "month": "2019-10",
            "price": "90.06",
            "revenue": 6314017
        },
        "2019-11": {
            "month": "2019-11",
            "price": "95.88",
            "revenue": 6394174
        },
        "2019-12": {
            "month": "2019-12",
            "price": "99.66",
            "revenue": 6599818
        },
        "2020-01": {
            "month": "2020-01",
            "price": "104.18",
            "revenue": 6340587
        },
        "2020-02": {
            "month": "2020-02",
            "price": "111.03",
            "revenue": 5891693
        },
        "2020-03": {
            "month": "2020-03",
            "price": "88.02",
            "revenue": 6579400
        },
        "2020-04": {
            "month": "2020-04",
            "price": "94.86",
            "revenue": 6564039
        },
        "2020-05": {
            "month": "2020-05",
            "price": "100.70",
            "revenue": 6444874
        },
        "2020-06": {
            "month": "2020-06",
            "price": "101.96",
            "revenue": 6401211
        },
        "2020-07": {
            "month": "2020-07",
            "price": "109.01",
            "revenue": 6320817
        },
        "2020-08": {
            "month": "2020-08",
            "price": "91.52",
            "revenue": 6302445
        },
        "2020-09": {
            "month": "2020-09",
            "price": "87.70",
            "revenue": 6312439
        },
        "2020-10": {
            "month": "2020-10",
            "price": "86.62",
            "revenue": 6468226
        },
        "2020-11": {
            "month": "2020-11",
            "price": "89.18",
            "revenue": 6359712
        },
        "2020-12": {
            "month": "2020-12",
            "price": "96.50",
            "revenue": 6195206
        },
        "2021-01": {
            "month": "2021-01",
            "price": "98.69",
            "revenue": 6093345
        },
        "2021-02": {
            "month": "2021-02",
            "price": "101.06",
            "revenue": 5826828
        },
        "2021-03": {
            "month": "2021-03",
            "price": "102.35",
            "revenue": 6509060
        },
        "2021-04": {
            "month": "2021-04",
            "price": "111.37",
            "revenue": 6671415
        },
        "2021-05": {
            "month": "2021-05",
            "price": "102.11",
            "revenue": 6886318
        },
        "2021-06": {
            "month": "2021-06",
            "price": "106.55",
            "revenue": 7063121
        },
        "2021-07": {
            "month": "2021-07",
            "price": "110.93",
            "revenue": 7520591
        },
        "2021-08": {
            "month": "2021-08",
            "price": "110.14",
            "revenue": 7538243
        },
        "2021-09": {
            "month": "2021-09",
            "price": "108.40",
            "revenue": 7261646
        },
        "2021-10": {
            "month": "2021-10",
            "price": "97.74",
            "revenue": 7579431
        },
        "2021-11": {
            "month": "2021-11",
            "price": "98.12",
            "revenue": 7523849
        },
        "2021-12": {
            "month": "2021-12",
            "price": "97.50",
            "revenue": 7319725
        },
        "2022-01": {
            "month": "2022-01",
            "price": "98.51",
            "revenue": 7243417
        },
        "2022-02": {
            "month": "2022-02",
            "price": "95.61",
            "revenue": 6481084
        },
        "2022-03": {
            "month": "2022-03",
            "price": "96.12",
            "revenue": 7106130
        },
        "2022-04": {
            "month": "2022-04",
            "price": "93.88",
            "revenue": 7329899
        },
        "2022-05": {
            "month": "2022-05",
            "price": "95.07",
            "revenue": 7841110
        },
        "2022-06": {
            "month": "2022-06",
            "price": "96.40",
            "revenue": 8092334
        },
        "2022-07": {
            "month": "2022-07",
            "price": "88.05",
            "revenue": 7683710
        },
        "2022-08": {
            "month": "2022-08",
            "price": "86.22",
            "revenue": 7084719
        },
        "2022-09": {
            "month": "2022-09",
            "price": "80.77",
            "revenue": 6661704
        },
        "2022-10": {
            "month": "2022-10",
            "price": "73.39",
            "revenue": 6613525
        },
        "2022-11": {
            "month": "2022-11",
            "price": "80.00",
            "revenue": 6008704
        },
        "2022-12": {
            "month": "2022-12",
            "price": "82.17",
            "revenue": 5780399
        },
        "2023-01": {
            "month": "2023-01",
            "price": "80.89",
            "revenue": 5000411
        },
        "2023-02": {
            "month": "2023-02",
            "price": "87.42",
            "revenue": 5216116
        },
        "2023-03": {
            "month": "2023-03",
            "price": "89.76",
            "revenue": 5523997
        },
        "2023-04": {
            "month": "2023-04",
            "price": "91.91",
            "revenue": 5607556
        }
    }
}
