{
    "summary": {
        "stock_name": "松崗",
        "stock_id": "6240",
        "category": "其他",
        "main_business": "數位科技研發、系統整合開發、科技服務設計<br>資產買賣及租賃管理業務",
        "website_url": "https://www.sunggang.com.tw/",
        "ceo": "湯順甄",
        "pe_ratio": -50,
        "report_year_from": 2001,
        "report_year_to": 2023,
        "age": 23,
        "eps_negative_percentage": 48,
        "eps_growth_avg": {
            "last_all": -8.74,
            "last_2y": 33.33,
            "last_4y": 0,
            "last_8y": -6.92,
            "last_12y": -0.96,
            "last_16y": -0.96,
            "last_20y": -18.63,
            "at_2006_last_3y": -98.12,
            "at_2007_last_3y": -100,
            "at_2008_last_3y": null,
            "at_2009_last_3y": null,
            "at_2010_last_3y": null,
            "at_2011_last_3y": null,
            "at_2012_last_3y": null,
            "at_2013_last_3y": 100,
            "at_2014_last_3y": 19.9,
            "at_2015_last_3y": 46.6,
            "at_2016_last_3y": 22.84,
            "at_2017_last_3y": -27.16,
            "at_2018_last_3y": -16.15,
            "at_2019_last_3y": -82.82,
            "at_2020_last_3y": -100,
            "at_2021_last_3y": 0,
            "at_2022_last_3y": 33.33,
            "at_2023_last_3y": 33.33,
            "at_2024_last_3y": 33.33,
            "at_2006_last_all": -32.08,
            "at_2007_last_all": -32.08,
            "at_2008_last_all": -32.08,
            "at_2009_last_all": -32.08,
            "at_2010_last_all": -32.08,
            "at_2011_last_all": -32.08,
            "at_2012_last_all": -32.08,
            "at_2013_last_all": 0.94,
            "at_2014_last_all": -11.29,
            "at_2015_last_all": 7.26,
            "at_2016_last_all": -0.7,
            "at_2017_last_all": -13.11,
            "at_2018_last_all": -13.11,
            "at_2019_last_all": -22.77,
            "at_2020_last_all": -22.77,
            "at_2021_last_all": -10.49,
            "at_2022_last_all": -0.44,
            "at_2023_last_all": -8.74,
            "at_2024_last_all": -8.74
        },
        "latest_eps": -0.45,
        "latest_price": 22.7,
        "latest_roe": -2.62,
        "latest_gross_margin": 15.21,
        "latest_equity": 396661,
        "latest_revenue": 12510,
        "latest_gross_profit": 1903,
        "latest_net_income": 6164,
        "latest_debt_ratio": 59.25,
        "latest_current_ratio": 57.65,
        "latest_account_receivable_turnover_ratio": 0.68,
        "latest_inventory_turnover_ratio": null,
        "latest_reinvestment_rate": -148.7,
        "latest_research_to_sale_ratio": null
    },
    "eps_dividends": {
        "2001": {
            "cash": 0.5,
            "stock": 3.5,
            "eps": 0.05
        },
        "2002": {
            "cash": 0.2,
            "stock": 1,
            "eps": 1.33
        },
        "2003": {
            "cash": 0.49,
            "stock": 1.7,
            "eps": 0.05
        },
        "2004": {
            "cash": 0,
            "stock": 0.5,
            "eps": -3.93
        },
        "2005": {
            "cash": 0,
            "stock": 0,
            "eps": -3.23
        },
        "2006": {
            "cash": 0,
            "stock": 0,
            "eps": -1.06
        },
        "2007": {
            "cash": 0,
            "stock": 0,
            "eps": -0.55
        },
        "2008": {
            "cash": 0,
            "stock": 0,
            "eps": -1.09
        },
        "2009": {
            "cash": 0,
            "stock": 0,
            "eps": -1.08
        },
        "2010": {
            "cash": 0,
            "stock": 0,
            "eps": -1.04
        },
        "2011": {
            "cash": 0,
            "stock": 0,
            "eps": -4.05
        },
        "2012": {
            "cash": 0,
            "stock": 0,
            "eps": 0.22
        },
        "2013": {
            "cash": 0,
            "stock": 0,
            "eps": 1.96
        },
        "2014": {
            "cash": 0,
            "stock": 0,
            "eps": 0.78
        },
        "2015": {
            "cash": 0,
            "stock": 0,
            "eps": 1.61
        },
        "2016": {
            "cash": 0,
            "stock": 0,
            "eps": 0.83
        },
        "2017": {
            "cash": 0,
            "stock": 0,
            "eps": -1.59
        },
        "2018": {
            "cash": 0,
            "stock": 0,
            "eps": 1.29
        },
        "2019": {
            "cash": 0,
            "stock": 0,
            "eps": -2.13
        },
        "2020": {
            "cash": 0,
            "stock": 0,
            "eps": 0.05
        },
        "2021": {
            "cash": 0,
            "stock": 0,
            "eps": 1.14
        },
        "2022": {
            "cash": 0,
            "stock": 0,
            "eps": 2.59
        },
        "2023": {
            "cash": 0,
            "stock": 0,
            "eps": -0.44
        }
    },
    "dividends": {
        "2001-06-08": {
            "cash": 0.5,
            "stock": 3.5
        },
        "2002-06-13": {
            "cash": 0.2,
            "stock": 1
        },
        "2003-06-02": {
            "cash": 0.49,
            "stock": 1.7
        },
        "2004-03-30": {
            "cash": 0,
            "stock": 0.5
        }
    },
    "prices": {
        "200101": "無",
        "200102": "無",
        "200103": "無",
        "200104": "無",
        "200105": "無",
        "200106": "無",
        "200107": "無",
        "200108": "無",
        "200109": "無",
        "200110": "無",
        "200111": "無",
        "200112": "無",
        "200201": "無",
        "200202": "無",
        "200203": "無",
        "200204": "無",
        "200205": "無",
        "200206": "無",
        "200207": "無",
        "200208": "無",
        "200209": "無",
        "200210": "無",
        "200211": "無",
        "200212": "無",
        "200301": "無",
        "200302": "無",
        "200303": "無",
        "200304": "無",
        "200305": "32.60",
        "200306": "25.81",
        "200307": "26.44",
        "200308": "22.53",
        "200309": "17.00",
        "200310": "15.50",
        "200311": "13.70",
        "200312": "14.30",
        "200401": "14.39",
        "200402": "16.18",
        "200403": "16.49",
        "200404": "18.19",
        "200405": "16.10",
        "200406": "16.63",
        "200407": "16.82",
        "200408": "16.52",
        "200409": "13.00",
        "200410": "10.93",
        "200411": "8.68",
        "200412": "7.94",
        "200501": "7.29",
        "200502": "8.01",
        "200503": "7.28",
        "200504": "5.45",
        "200505": "4.89",
        "200506": "4.88",
        "200507": "5.54",
        "200508": "4.77",
        "200509": "4.25",
        "200510": "3.70",
        "200511": "3.34",
        "200512": "3.66",
        "200601": "3.80",
        "200602": "3.55",
        "200603": "3.13",
        "200604": "3.42",
        "200605": "3.82",
        "200606": "3.36",
        "200607": "3.00",
        "200608": "2.69",
        "200609": "2.33",
        "200610": "2.42",
        "200611": "2.08",
        "200612": "2.43",
        "200701": "3.13",
        "200702": "6.21",
        "200703": "13.79",
        "200704": "12.58",
        "200705": "13.29",
        "200706": "12.50",
        "200707": "11.57",
        "200708": "11.74",
        "200709": "12.18",
        "200710": "12.44",
        "200711": "10.89",
        "200712": "8.05",
        "200801": "5.38",
        "200802": "4.65",
        "200803": "4.46",
        "200804": "4.20",
        "200805": "4.10",
        "200806": "4.38",
        "200807": "4.14",
        "200808": "4.00",
        "200809": "3.46",
        "200810": "3.08",
        "200811": "3.49",
        "200812": "2.85",
        "200901": "2.67",
        "200902": "2.65",
        "200903": "3.10",
        "200904": "2.52",
        "200905": "2.64",
        "200906": "2.28",
        "200907": "2.53",
        "200908": "2.07",
        "200909": "1.78",
        "200910": "2.24",
        "200911": "2.85",
        "200912": "1.92",
        "201001": "2.59",
        "201002": "2.36",
        "201003": "2.11",
        "201004": "2.15",
        "201005": "1.56",
        "201006": "1.49",
        "201007": "1.49",
        "201008": "1.39",
        "201009": "1.16",
        "201010": "1.27",
        "201011": "2.36",
        "201012": "2.02",
        "201101": "2.44",
        "201102": "30.50",
        "201103": "49.37",
        "201104": "39.23",
        "201105": "28.21",
        "201106": "29.59",
        "201107": "26.83",
        "201108": "26.92",
        "201109": "14.34",
        "201110": "8.66",
        "201111": "9.88",
        "201112": "7.58",
        "201201": "7.42",
        "201202": "13.62",
        "201203": "21.71",
        "201204": "12.68",
        "201205": "5.80",
        "201206": "7.09",
        "201207": "6.14",
        "201208": "無",
        "201209": "13.60",
        "201210": "18.51",
        "201211": "18.62",
        "201212": "19.15",
        "201301": "無",
        "201302": "無",
        "201303": "無",
        "201304": "14.05",
        "201305": "11.24",
        "201306": "無",
        "201307": "11.85",
        "201308": "17.78",
        "201309": "無",
        "201310": "無",
        "201311": "14.43",
        "201312": "10.69",
        "201401": "10.34",
        "201402": "10.60",
        "201403": "11.92",
        "201404": "13.85",
        "201405": "16.49",
        "201406": "15.98",
        "201407": "16.24",
        "201408": "17.73",
        "201409": "17.25",
        "201410": "無",
        "201411": "無",
        "201412": "無",
        "201501": "59.43",
        "201502": "53.85",
        "201503": "無",
        "201504": "46.53",
        "201505": "32.32",
        "201506": "21.83",
        "201507": "25.14",
        "201508": "無",
        "201509": "無",
        "201510": "無",
        "201511": "31.90",
        "201512": "30.00",
        "201601": "無",
        "201602": "無",
        "201603": "27.30",
        "201604": "無",
        "201605": "無",
        "201606": "無",
        "201607": "無",
        "201608": "無",
        "201609": "無",
        "201610": "無",
        "201611": "26.71",
        "201612": "39.49",
        "201701": "29.52",
        "201702": "32.88",
        "201703": "42.76",
        "201704": "43.24",
        "201705": "41.39",
        "201706": "39.76",
        "201707": "34.71",
        "201708": "32.87",
        "201709": "32.19",
        "201710": "31.27",
        "201711": "27.43",
        "201712": "26.24",
        "201801": "25.57",
        "201802": "34.95",
        "201803": "66.64",
        "201804": "74.92",
        "201805": "71.95",
        "201806": "69.36",
        "201807": "59.96",
        "201808": "29.36",
        "201809": "23.33",
        "201810": "17.10",
        "201811": "18.98",
        "201812": "30.30",
        "201901": "32.81",
        "201902": "31.89",
        "201903": "27.18",
        "201904": "27.38",
        "201905": "18.78",
        "201906": "19.91",
        "201907": "18.90",
        "201908": "17.89",
        "201909": "18.42",
        "201910": "17.14",
        "201911": "15.60",
        "201912": "15.54",
        "202001": "15.99",
        "202002": "15.98",
        "202003": "13.25",
        "202004": "12.52",
        "202005": "12.59",
        "202006": "13.86",
        "202007": "13.92",
        "202008": "13.10",
        "202009": "13.33",
        "202010": "13.29",
        "202011": "12.86",
        "202012": "14.90",
        "202101": "13.82",
        "202102": "13.83",
        "202103": "14.25",
        "202104": "17.48",
        "202105": "16.16",
        "202106": "15.65",
        "202107": "14.71",
        "202108": "14.39",
        "202109": "14.69",
        "202110": "14.31",
        "202111": "14.59",
        "202112": "16.77",
        "202201": "16.83",
        "202202": "16.72",
        "202203": "20.13",
        "202204": "24.23",
        "202205": "21.35",
        "202206": "20.77",
        "202207": "19.95",
        "202208": "23.20",
        "202209": "22.16",
        "202210": "18.30",
        "202211": "17.62",
        "202212": "18.05",
        "202301": "18.29",
        "202302": "18.67",
        "202303": "21.41",
        "202304": "24.28",
        "202305": "22.95",
        "202306": "23.83",
        "202307": "22.50",
        "202308": "21.98",
        "202309": "20.61",
        "202310": "19.24",
        "202311": "19.51",
        "202312": "19.80",
        "202401": "21.66",
        "202402": "22.32",
        "202403": "22.38",
        "202404": "無"
    },
    "quarters": {
        "20011": {
            "year_quarter": 20011,
            "year": 2001,
            "quarter": 1,
            "eps": null,
            "eps_growth_year": null,
            "eps_4q": null,
            "eps_4q_growth_year": null,
            "roe": null,
            "roe_4q": 0,
            "gross_profit": null,
            "gross_margin": null,
            "gross_margin_4q_avg": 0,
            "net_income": null,
            "net_income_4q": null,
            "revenue": null,
            "revenue_4q": null,
            "common_shares": null,
            "book_valuer_per_share": null,
            "book_valuer_per_share_4q_avg": 0,
            "equity": null,
            "current_ratio": null,
            "debt_ratio": null,
            "inventory_turnover_ratio": null,
            "account_receivable_turnover_ratio": null,
            "reinvestment_rate": null,
            "research_to_sale_ratio": null,
            "price_fair": 0,
            "eps_avg_yearly": 0,
            "eps_latest_yearly": 0,
            "eps_growth_yearly": 0
        },
        "20012": {
            "year_quarter": 20012,
            "year": 2001,
            "quarter": 2,
            "eps": null,
            "eps_growth_year": null,
            "eps_4q": null,
            "eps_4q_growth_year": null,
            "roe": null,
            "roe_4q": 0,
            "gross_profit": null,
            "gross_margin": null,
            "gross_margin_4q_avg": 0,
            "net_income": null,
            "net_income_4q": null,
            "revenue": null,
            "revenue_4q": null,
            "common_shares": null,
            "book_valuer_per_share": null,
            "book_valuer_per_share_4q_avg": 0,
            "equity": null,
            "current_ratio": null,
            "debt_ratio": null,
            "inventory_turnover_ratio": null,
            "account_receivable_turnover_ratio": null,
            "reinvestment_rate": null,
            "research_to_sale_ratio": null,
            "price_fair": 0,
            "eps_avg_yearly": 0,
            "eps_latest_yearly": 0,
            "eps_growth_yearly": 0
        },
        "20013": {
            "year_quarter": 20013,
            "year": 2001,
            "quarter": 3,
            "eps": null,
            "eps_growth_year": null,
            "eps_4q": null,
            "eps_4q_growth_year": null,
            "roe": null,
            "roe_4q": 0,
            "gross_profit": null,
            "gross_margin": null,
            "gross_margin_4q_avg": 0,
            "net_income": null,
            "net_income_4q": null,
            "revenue": null,
            "revenue_4q": null,
            "common_shares": null,
            "book_valuer_per_share": null,
            "book_valuer_per_share_4q_avg": 0,
            "equity": null,
            "current_ratio": null,
            "debt_ratio": null,
            "inventory_turnover_ratio": null,
            "account_receivable_turnover_ratio": null,
            "reinvestment_rate": null,
            "research_to_sale_ratio": null,
            "price_fair": 0,
            "eps_avg_yearly": 0,
            "eps_latest_yearly": 0,
            "eps_growth_yearly": 0
        },
        "20014": {
            "year_quarter": 20014,
            "year": 2001,
            "quarter": 4,
            "eps": 0.05,
            "eps_growth_year": null,
            "eps_4q": null,
            "eps_4q_growth_year": null,
            "roe": 0.37,
            "roe_4q": 0.37,
            "gross_profit": 28754,
            "gross_margin": 52.66,
            "gross_margin_4q_avg": 13.17,
            "net_income": 999,
            "net_income_4q": null,
            "revenue": 54601,
            "revenue_4q": null,
            "common_shares": 207596,
            "book_valuer_per_share": 13.02,
            "book_valuer_per_share_4q_avg": 3.26,
            "equity": 270241,
            "current_ratio": 585.35,
            "debt_ratio": 14.78,
            "inventory_turnover_ratio": 0.48,
            "account_receivable_turnover_ratio": null,
            "reinvestment_rate": null,
            "research_to_sale_ratio": null,
            "price_fair": 0,
            "eps_avg_yearly": 0,
            "eps_latest_yearly": 0,
            "eps_growth_yearly": 0
        },
        "20021": {
            "year_quarter": 20021,
            "year": 2002,
            "quarter": 1,
            "eps": null,
            "eps_growth_year": null,
            "eps_4q": null,
            "eps_4q_growth_year": null,
            "roe": null,
            "roe_4q": 0.37,
            "gross_profit": null,
            "gross_margin": null,
            "gross_margin_4q_avg": 13.17,
            "net_income": null,
            "net_income_4q": null,
            "revenue": null,
            "revenue_4q": null,
            "common_shares": null,
            "book_valuer_per_share": null,
            "book_valuer_per_share_4q_avg": 3.26,
            "equity": null,
            "current_ratio": null,
            "debt_ratio": null,
            "inventory_turnover_ratio": null,
            "account_receivable_turnover_ratio": null,
            "reinvestment_rate": null,
            "research_to_sale_ratio": null,
            "price_fair": 0,
            "eps_avg_yearly": 0,
            "eps_latest_yearly": 0,
            "eps_growth_yearly": 0
        },
        "20022": {
            "year_quarter": 20022,
            "year": 2002,
            "quarter": 2,
            "eps": null,
            "eps_growth_year": null,
            "eps_4q": null,
            "eps_4q_growth_year": null,
            "roe": null,
            "roe_4q": 0.37,
            "gross_profit": null,
            "gross_margin": null,
            "gross_margin_4q_avg": 13.17,
            "net_income": null,
            "net_income_4q": null,
            "revenue": null,
            "revenue_4q": null,
            "common_shares": null,
            "book_valuer_per_share": null,
            "book_valuer_per_share_4q_avg": 3.26,
            "equity": null,
            "current_ratio": null,
            "debt_ratio": null,
            "inventory_turnover_ratio": null,
            "account_receivable_turnover_ratio": null,
            "reinvestment_rate": null,
            "research_to_sale_ratio": null,
            "price_fair": 0,
            "eps_avg_yearly": 0,
            "eps_latest_yearly": 0,
            "eps_growth_yearly": 0
        },
        "20023": {
            "year_quarter": 20023,
            "year": 2002,
            "quarter": 3,
            "eps": 0.48,
            "eps_growth_year": null,
            "eps_4q": null,
            "eps_4q_growth_year": null,
            "roe": 3.52,
            "roe_4q": 3.89,
            "gross_profit": 66610,
            "gross_margin": 46.91,
            "gross_margin_4q_avg": 24.89,
            "net_income": 11075,
            "net_income_4q": null,
            "revenue": 141996,
            "revenue_4q": null,
            "common_shares": 230715,
            "book_valuer_per_share": 13.66,
            "book_valuer_per_share_4q_avg": 6.67,
            "equity": 315081,
            "current_ratio": 242.73,
            "debt_ratio": 31.91,
            "inventory_turnover_ratio": 0.6,
            "account_receivable_turnover_ratio": null,
            "reinvestment_rate": null,
            "research_to_sale_ratio": null,
            "price_fair": 0,
            "eps_avg_yearly": 0,
            "eps_latest_yearly": 0,
            "eps_growth_yearly": 0
        },
        "20024": {
            "year_quarter": 20024,
            "year": 2002,
            "quarter": 4,
            "eps": 0.85,
            "eps_growth_year": 1600,
            "eps_4q": null,
            "eps_4q_growth_year": null,
            "roe": 5.5,
            "roe_4q": 9.02,
            "gross_profit": 50855,
            "gross_margin": 42.9,
            "gross_margin_4q_avg": 22.45,
            "net_income": 19975,
            "net_income_4q": null,
            "revenue": 118556,
            "revenue_4q": null,
            "common_shares": 260715,
            "book_valuer_per_share": 15.78,
            "book_valuer_per_share_4q_avg": 7.36,
            "equity": 411497,
            "current_ratio": 360.84,
            "debt_ratio": 22.31,
            "inventory_turnover_ratio": 0.55,
            "account_receivable_turnover_ratio": null,
            "reinvestment_rate": null,
            "research_to_sale_ratio": null,
            "price_fair": 119,
            "eps_avg_yearly": 3.4,
            "eps_latest_yearly": 3.4,
            "eps_growth_yearly": 308.33
        },
        "20031": {
            "year_quarter": 20031,
            "year": 2003,
            "quarter": 1,
            "eps": 0.13,
            "eps_growth_year": null,
            "eps_4q": null,
            "eps_4q_growth_year": null,
            "roe": 0.79,
            "roe_4q": 9.81,
            "gross_profit": 47687,
            "gross_margin": 42.25,
            "gross_margin_4q_avg": 33.02,
            "net_income": 3270,
            "net_income_4q": null,
            "revenue": 112867,
            "revenue_4q": null,
            "common_shares": 260715,
            "book_valuer_per_share": 15.89,
            "book_valuer_per_share_4q_avg": 11.33,
            "equity": 414353,
            "current_ratio": 354.23,
            "debt_ratio": 24.64,
            "inventory_turnover_ratio": 0.53,
            "account_receivable_turnover_ratio": null,
            "reinvestment_rate": null,
            "research_to_sale_ratio": null,
            "price_fair": 5.88,
            "eps_avg_yearly": 1.96,
            "eps_latest_yearly": 0.52,
            "eps_growth_yearly": -15.25
        },
        "20032": {
            "year_quarter": 20032,
            "year": 2003,
            "quarter": 2,
            "eps": 0.04,
            "eps_growth_year": null,
            "eps_4q": 1.09,
            "eps_4q_growth_year": null,
            "roe": 0.32,
            "roe_4q": 10.13,
            "gross_profit": 32864,
            "gross_margin": 35.03,
            "gross_margin_4q_avg": 41.77,
            "net_income": 1308,
            "net_income_4q": null,
            "revenue": 93823,
            "revenue_4q": null,
            "common_shares": 260715,
            "book_valuer_per_share": 15.42,
            "book_valuer_per_share_4q_avg": 15.19,
            "equity": 402150,
            "current_ratio": 323.81,
            "debt_ratio": 26.02,
            "inventory_turnover_ratio": 0.48,
            "account_receivable_turnover_ratio": null,
            "reinvestment_rate": null,
            "research_to_sale_ratio": null,
            "price_fair": 4.08,
            "eps_avg_yearly": 1.36,
            "eps_latest_yearly": 0.16,
            "eps_growth_yearly": -102.47
        },
        "20033": {
            "year_quarter": 20033,
            "year": 2003,
            "quarter": 3,
            "eps": 0.39,
            "eps_growth_year": -18.75,
            "eps_4q": 1.19,
            "eps_4q_growth_year": null,
            "roe": 2.95,
            "roe_4q": 9.56,
            "gross_profit": 78519,
            "gross_margin": 47.2,
            "gross_margin_4q_avg": 41.85,
            "net_income": 12030,
            "net_income_4q": null,
            "revenue": 166371,
            "revenue_4q": null,
            "common_shares": 310035,
            "book_valuer_per_share": 13.35,
            "book_valuer_per_share_4q_avg": 15.11,
            "equity": 413777,
            "current_ratio": 247.09,
            "debt_ratio": 34.92,
            "inventory_turnover_ratio": 0.67,
            "account_receivable_turnover_ratio": null,
            "reinvestment_rate": null,
            "research_to_sale_ratio": null,
            "price_fair": 49.35,
            "eps_avg_yearly": 1.41,
            "eps_latest_yearly": 1.56,
            "eps_growth_yearly": 798.15
        },
        "20034": {
            "year_quarter": 20034,
            "year": 2003,
            "quarter": 4,
            "eps": -0.51,
            "eps_growth_year": -160,
            "eps_4q": 0.02,
            "eps_4q_growth_year": null,
            "roe": -3.91,
            "roe_4q": 0.15000000000000013,
            "gross_profit": 21779,
            "gross_margin": 20.81,
            "gross_margin_4q_avg": 36.32,
            "net_income": -15851,
            "net_income_4q": null,
            "revenue": 104655,
            "revenue_4q": null,
            "common_shares": 310035,
            "book_valuer_per_share": 12.84,
            "book_valuer_per_share_4q_avg": 14.38,
            "equity": 398023,
            "current_ratio": 352.24,
            "debt_ratio": 23.67,
            "inventory_turnover_ratio": 0.65,
            "account_receivable_turnover_ratio": null,
            "reinvestment_rate": null,
            "research_to_sale_ratio": null,
            "price_fair": 49.35,
            "eps_avg_yearly": 1.41,
            "eps_latest_yearly": 1.56,
            "eps_growth_yearly": 798.15
        },
        "20041": {
            "year_quarter": 20041,
            "year": 2004,
            "quarter": 1,
            "eps": -0.19,
            "eps_growth_year": -246.15,
            "eps_4q": -0.27,
            "eps_4q_growth_year": null,
            "roe": -1.46,
            "roe_4q": -2.1,
            "gross_profit": 39114,
            "gross_margin": 29.69,
            "gross_margin_4q_avg": 33.18,
            "net_income": -5774,
            "net_income_4q": null,
            "revenue": 131727,
            "revenue_4q": null,
            "common_shares": 310035,
            "book_valuer_per_share": 12.64,
            "book_valuer_per_share_4q_avg": 13.56,
            "equity": 391918,
            "current_ratio": 254.71,
            "debt_ratio": 32.04,
            "inventory_turnover_ratio": 0.72,
            "account_receivable_turnover_ratio": null,
            "reinvestment_rate": null,
            "research_to_sale_ratio": null,
            "price_fair": 49.35,
            "eps_avg_yearly": 1.41,
            "eps_latest_yearly": 1.56,
            "eps_growth_yearly": 798.15
        },
        "20042": {
            "year_quarter": 20042,
            "year": 2004,
            "quarter": 2,
            "eps": -1.25,
            "eps_growth_year": -3225,
            "eps_4q": -1.63,
            "eps_4q_growth_year": -249.25,
            "roe": -10.99,
            "roe_4q": -13.41,
            "gross_profit": 24401,
            "gross_margin": 26.84,
            "gross_margin_4q_avg": 31.14,
            "net_income": -40821,
            "net_income_4q": null,
            "revenue": 90920,
            "revenue_4q": null,
            "common_shares": 310035,
            "book_valuer_per_share": 11.32,
            "book_valuer_per_share_4q_avg": 12.54,
            "equity": 351054,
            "current_ratio": 237.31,
            "debt_ratio": 37.35,
            "inventory_turnover_ratio": 0.5,
            "account_receivable_turnover_ratio": null,
            "reinvestment_rate": null,
            "research_to_sale_ratio": null,
            "price_fair": 49.35,
            "eps_avg_yearly": 1.41,
            "eps_latest_yearly": 1.56,
            "eps_growth_yearly": 798.15
        },
        "20043": {
            "year_quarter": 20043,
            "year": 2004,
            "quarter": 3,
            "eps": 0.09,
            "eps_growth_year": -76.92,
            "eps_4q": -1.74,
            "eps_4q_growth_year": -246.97,
            "roe": 0.87,
            "roe_4q": -15.490000000000002,
            "gross_profit": 75459,
            "gross_margin": 43.87,
            "gross_margin_4q_avg": 30.3,
            "net_income": 3066,
            "net_income_4q": null,
            "revenue": 172001,
            "revenue_4q": null,
            "common_shares": 325536,
            "book_valuer_per_share": 10.88,
            "book_valuer_per_share_4q_avg": 11.92,
            "equity": 354149,
            "current_ratio": 239.2,
            "debt_ratio": 42.93,
            "inventory_turnover_ratio": 0.7,
            "account_receivable_turnover_ratio": null,
            "reinvestment_rate": null,
            "research_to_sale_ratio": null,
            "price_fair": 49.35,
            "eps_avg_yearly": 1.41,
            "eps_latest_yearly": 1.56,
            "eps_growth_yearly": 798.15
        },
        "20044": {
            "year_quarter": 20044,
            "year": 2004,
            "quarter": 4,
            "eps": -2.58,
            "eps_growth_year": null,
            "eps_4q": -3.92,
            "eps_4q_growth_year": -19700,
            "roe": -26.99,
            "roe_4q": -38.57,
            "gross_profit": 4872,
            "gross_margin": 3.66,
            "gross_margin_4q_avg": 26.02,
            "net_income": -84120,
            "net_income_4q": null,
            "revenue": 133266,
            "revenue_4q": null,
            "common_shares": 325536,
            "book_valuer_per_share": 8.27,
            "book_valuer_per_share_4q_avg": 10.78,
            "equity": 269083,
            "current_ratio": 224.4,
            "debt_ratio": 52.65,
            "inventory_turnover_ratio": 0.98,
            "account_receivable_turnover_ratio": null,
            "reinvestment_rate": null,
            "research_to_sale_ratio": null,
            "price_fair": 49.35,
            "eps_avg_yearly": 1.41,
            "eps_latest_yearly": 1.56,
            "eps_growth_yearly": 798.15
        },
        "20051": {
            "year_quarter": 20051,
            "year": 2005,
            "quarter": 1,
            "eps": -2.13,
            "eps_growth_year": null,
            "eps_4q": -5.89,
            "eps_4q_growth_year": null,
            "roe": -29.49,
            "roe_4q": -66.6,
            "gross_profit": 23943,
            "gross_margin": 16.19,
            "gross_margin_4q_avg": 22.64,
            "net_income": -68969,
            "net_income_4q": null,
            "revenue": 147874,
            "revenue_4q": null,
            "common_shares": 325536,
            "book_valuer_per_share": 6.1,
            "book_valuer_per_share_4q_avg": 9.14,
            "equity": 198710,
            "current_ratio": 162.17,
            "debt_ratio": 62.37,
            "inventory_turnover_ratio": 1.01,
            "account_receivable_turnover_ratio": null,
            "reinvestment_rate": null,
            "research_to_sale_ratio": null,
            "price_fair": 49.35,
            "eps_avg_yearly": 1.41,
            "eps_latest_yearly": 1.56,
            "eps_growth_yearly": 798.15
        },
        "20052": {
            "year_quarter": 20052,
            "year": 2005,
            "quarter": 2,
            "eps": -0.7,
            "eps_growth_year": null,
            "eps_4q": -5.31,
            "eps_4q_growth_year": null,
            "roe": -12.24,
            "roe_4q": -67.85,
            "gross_profit": 13313,
            "gross_margin": 11.45,
            "gross_margin_4q_avg": 18.79,
            "net_income": -22929,
            "net_income_4q": null,
            "revenue": 116232,
            "revenue_4q": null,
            "common_shares": 325536,
            "book_valuer_per_share": 5.41,
            "book_valuer_per_share_4q_avg": 7.67,
            "equity": 175997,
            "current_ratio": 172.61,
            "debt_ratio": 65.65,
            "inventory_turnover_ratio": 0.79,
            "account_receivable_turnover_ratio": null,
            "reinvestment_rate": null,
            "research_to_sale_ratio": null,
            "price_fair": 49.35,
            "eps_avg_yearly": 1.41,
            "eps_latest_yearly": 1.56,
            "eps_growth_yearly": 798.15
        },
        "20053": {
            "year_quarter": 20053,
            "year": 2005,
            "quarter": 3,
            "eps": 0.01,
            "eps_growth_year": -88.89,
            "eps_4q": -5.4,
            "eps_4q_growth_year": null,
            "roe": 0.1,
            "roe_4q": -68.61999999999999,
            "gross_profit": 51555,
            "gross_margin": 29.54,
            "gross_margin_4q_avg": 15.21,
            "net_income": 179,
            "net_income_4q": null,
            "revenue": 174535,
            "revenue_4q": null,
            "common_shares": 325536,
            "book_valuer_per_share": 5.42,
            "book_valuer_per_share_4q_avg": 6.3,
            "equity": 176354,
            "current_ratio": 172.4,
            "debt_ratio": 66.86,
            "inventory_turnover_ratio": 0.9,
            "account_receivable_turnover_ratio": null,
            "reinvestment_rate": null,
            "research_to_sale_ratio": null,
            "price_fair": 49.35,
            "eps_avg_yearly": 1.41,
            "eps_latest_yearly": 1.56,
            "eps_growth_yearly": 798.15
        },
        "20054": {
            "year_quarter": 20054,
            "year": 2005,
            "quarter": 4,
            "eps": -0.41,
            "eps_growth_year": null,
            "eps_4q": -3.23,
            "eps_4q_growth_year": null,
            "roe": -7.9,
            "roe_4q": -49.53,
            "gross_profit": 9736,
            "gross_margin": 8.97,
            "gross_margin_4q_avg": 16.54,
            "net_income": -13405,
            "net_income_4q": null,
            "revenue": 108530,
            "revenue_4q": null,
            "common_shares": 325536,
            "book_valuer_per_share": 5.01,
            "book_valuer_per_share_4q_avg": 5.49,
            "equity": 162978,
            "current_ratio": 102.33,
            "debt_ratio": 69.7,
            "inventory_turnover_ratio": 0.79,
            "account_receivable_turnover_ratio": null,
            "reinvestment_rate": null,
            "research_to_sale_ratio": null,
            "price_fair": 49.35,
            "eps_avg_yearly": 1.41,
            "eps_latest_yearly": 1.56,
            "eps_growth_yearly": 798.15
        },
        "20061": {
            "year_quarter": 20061,
            "year": 2006,
            "quarter": 1,
            "eps": 0.01,
            "eps_growth_year": null,
            "eps_4q": -1.91,
            "eps_4q_growth_year": null,
            "roe": 0.12,
            "roe_4q": -19.92,
            "gross_profit": 28940,
            "gross_margin": 21.36,
            "gross_margin_4q_avg": 17.83,
            "net_income": 188,
            "net_income_4q": null,
            "revenue": 135513,
            "revenue_4q": null,
            "common_shares": 325536,
            "book_valuer_per_share": 5.01,
            "book_valuer_per_share_4q_avg": 5.21,
            "equity": 163140,
            "current_ratio": 111.62,
            "debt_ratio": 65.78,
            "inventory_turnover_ratio": 0.96,
            "account_receivable_turnover_ratio": null,
            "reinvestment_rate": null,
            "research_to_sale_ratio": null,
            "price_fair": 49.35,
            "eps_avg_yearly": 1.41,
            "eps_latest_yearly": 1.56,
            "eps_growth_yearly": 798.15
        },
        "20062": {
            "year_quarter": 20062,
            "year": 2006,
            "quarter": 2,
            "eps": -0.34,
            "eps_growth_year": null,
            "eps_4q": -0.74,
            "eps_4q_growth_year": null,
            "roe": -6.96,
            "roe_4q": -14.64,
            "gross_profit": 19936,
            "gross_margin": 19.42,
            "gross_margin_4q_avg": 19.82,
            "net_income": -10974,
            "net_income_4q": null,
            "revenue": 102663,
            "revenue_4q": null,
            "common_shares": 325536,
            "book_valuer_per_share": 4.68,
            "book_valuer_per_share_4q_avg": 5.03,
            "equity": 152198,
            "current_ratio": 135.74,
            "debt_ratio": 67.18,
            "inventory_turnover_ratio": 0.76,
            "account_receivable_turnover_ratio": null,
            "reinvestment_rate": null,
            "research_to_sale_ratio": null,
            "price_fair": 49.35,
            "eps_avg_yearly": 1.41,
            "eps_latest_yearly": 1.56,
            "eps_growth_yearly": 798.15
        },
        "20063": {
            "year_quarter": 20063,
            "year": 2006,
            "quarter": 3,
            "eps": 0.11,
            "eps_growth_year": 1000,
            "eps_4q": -0.64,
            "eps_4q_growth_year": null,
            "roe": 2.31,
            "roe_4q": -12.43,
            "gross_profit": 39352,
            "gross_margin": 26.59,
            "gross_margin_4q_avg": 19.09,
            "net_income": 3554,
            "net_income_4q": null,
            "revenue": 147995,
            "revenue_4q": null,
            "common_shares": 325536,
            "book_valuer_per_share": 4.79,
            "book_valuer_per_share_4q_avg": 4.87,
            "equity": 155777,
            "current_ratio": 163.38,
            "debt_ratio": 67.44,
            "inventory_turnover_ratio": 1.06,
            "account_receivable_turnover_ratio": null,
            "reinvestment_rate": null,
            "research_to_sale_ratio": null,
            "price_fair": 49.35,
            "eps_avg_yearly": 1.41,
            "eps_latest_yearly": 1.56,
            "eps_growth_yearly": 798.15
        },
        "20064": {
            "year_quarter": 20064,
            "year": 2006,
            "quarter": 4,
            "eps": -0.84,
            "eps_growth_year": null,
            "eps_4q": -1.06,
            "eps_4q_growth_year": null,
            "roe": -19.19,
            "roe_4q": -23.720000000000002,
            "gross_profit": 14472,
            "gross_margin": 13.42,
            "gross_margin_4q_avg": 20.2,
            "net_income": -27277,
            "net_income_4q": null,
            "revenue": 107854,
            "revenue_4q": null,
            "common_shares": 325536,
            "book_valuer_per_share": 3.95,
            "book_valuer_per_share_4q_avg": 4.61,
            "equity": 128543,
            "current_ratio": 182.55,
            "debt_ratio": 72.39,
            "inventory_turnover_ratio": 0.97,
            "account_receivable_turnover_ratio": null,
            "reinvestment_rate": null,
            "research_to_sale_ratio": null,
            "price_fair": 26.13,
            "eps_avg_yearly": 0.75,
            "eps_latest_yearly": 1.56,
            "eps_growth_yearly": 961.42
        },
        "20071": {
            "year_quarter": 20071,
            "year": 2007,
            "quarter": 1,
            "eps": -0.19,
            "eps_growth_year": -2000,
            "eps_4q": -0.83,
            "eps_4q_growth_year": null,
            "roe": -4.59,
            "roe_4q": -28.430000000000003,
            "gross_profit": 25312,
            "gross_margin": 22.68,
            "gross_margin_4q_avg": 20.53,
            "net_income": -10256,
            "net_income_4q": null,
            "revenue": 111615,
            "revenue_4q": null,
            "common_shares": 700000,
            "book_valuer_per_share": 4.55,
            "book_valuer_per_share_4q_avg": 4.49,
            "equity": 318311,
            "current_ratio": 371.01,
            "debt_ratio": 48.83,
            "inventory_turnover_ratio": 0.88,
            "account_receivable_turnover_ratio": null,
            "reinvestment_rate": null,
            "research_to_sale_ratio": null,
            "price_fair": 30.1,
            "eps_avg_yearly": 0.86,
            "eps_latest_yearly": 1.56,
            "eps_growth_yearly": 1611.54
        },
        "20072": {
            "year_quarter": 20072,
            "year": 2007,
            "quarter": 2,
            "eps": -0.42,
            "eps_growth_year": null,
            "eps_4q": -0.57,
            "eps_4q_growth_year": null,
            "roe": -10.52,
            "roe_4q": -31.99,
            "gross_profit": 18583,
            "gross_margin": 18.18,
            "gross_margin_4q_avg": 20.22,
            "net_income": -31870,
            "net_income_4q": null,
            "revenue": 102213,
            "revenue_4q": null,
            "common_shares": 1158869,
            "book_valuer_per_share": 2.48,
            "book_valuer_per_share_4q_avg": 3.94,
            "equity": 287747,
            "current_ratio": 253.54,
            "debt_ratio": 49.7,
            "inventory_turnover_ratio": 0.89,
            "account_receivable_turnover_ratio": null,
            "reinvestment_rate": null,
            "research_to_sale_ratio": null,
            "price_fair": 54.6,
            "eps_avg_yearly": 1.56,
            "eps_latest_yearly": 1.56,
            "eps_growth_yearly": 3500
        },
        "20073": {
            "year_quarter": 20073,
            "year": 2007,
            "quarter": 3,
            "eps": -0.09,
            "eps_growth_year": -181.82,
            "eps_4q": -0.67,
            "eps_4q_growth_year": null,
            "roe": -2.79,
            "roe_4q": -37.09,
            "gross_profit": 41143,
            "gross_margin": 27.88,
            "gross_margin_4q_avg": 20.54,
            "net_income": -7928,
            "net_income_4q": null,
            "revenue": 147557,
            "revenue_4q": null,
            "common_shares": 1158870,
            "book_valuer_per_share": 2.41,
            "book_valuer_per_share_4q_avg": 3.35,
            "equity": 279608,
            "current_ratio": 261.54,
            "debt_ratio": 54.87,
            "inventory_turnover_ratio": 1.28,
            "account_receivable_turnover_ratio": null,
            "reinvestment_rate": null,
            "research_to_sale_ratio": null,
            "price_fair": 0,
            "eps_avg_yearly": 0,
            "eps_latest_yearly": 0,
            "eps_growth_yearly": 0
        },
        "20074": {
            "year_quarter": 20074,
            "year": 2007,
            "quarter": 4,
            "eps": 0.15,
            "eps_growth_year": null,
            "eps_4q": -0.37,
            "eps_4q_growth_year": null,
            "roe": 5,
            "roe_4q": -12.899999999999999,
            "gross_profit": 5039,
            "gross_margin": 6.36,
            "gross_margin_4q_avg": 18.78,
            "net_income": 14341,
            "net_income_4q": null,
            "revenue": 79290,
            "revenue_4q": null,
            "common_shares": 1158870,
            "book_valuer_per_share": 2.54,
            "book_valuer_per_share_4q_avg": 3,
            "equity": 293903,
            "current_ratio": 255.96,
            "debt_ratio": 42.02,
            "inventory_turnover_ratio": 0.96,
            "account_receivable_turnover_ratio": null,
            "reinvestment_rate": null,
            "research_to_sale_ratio": null,
            "price_fair": 0,
            "eps_avg_yearly": 0,
            "eps_latest_yearly": 0,
            "eps_growth_yearly": 0
        },
        "20081": {
            "year_quarter": 20081,
            "year": 2008,
            "quarter": 1,
            "eps": -0.07,
            "eps_growth_year": null,
            "eps_4q": -0.3,
            "eps_4q_growth_year": null,
            "roe": -2.68,
            "roe_4q": -10.99,
            "gross_profit": 17537,
            "gross_margin": 16.78,
            "gross_margin_4q_avg": 17.3,
            "net_income": -7744,
            "net_income_4q": null,
            "revenue": 104488,
            "revenue_4q": null,
            "common_shares": 1158869,
            "book_valuer_per_share": 2.45,
            "book_valuer_per_share_4q_avg": 2.47,
            "equity": 284278,
            "current_ratio": 182.59,
            "debt_ratio": 44.6,
            "inventory_turnover_ratio": 1.19,
            "account_receivable_turnover_ratio": null,
            "reinvestment_rate": null,
            "research_to_sale_ratio": null,
            "price_fair": 0,
            "eps_avg_yearly": 0,
            "eps_latest_yearly": 0,
            "eps_growth_yearly": 0
        },
        "20082": {
            "year_quarter": 20082,
            "year": 2008,
            "quarter": 2,
            "eps": -0.25,
            "eps_growth_year": null,
            "eps_4q": -0.26,
            "eps_4q_growth_year": null,
            "roe": -10.76,
            "roe_4q": -11.23,
            "gross_profit": 10591,
            "gross_margin": 11.89,
            "gross_margin_4q_avg": 15.73,
            "net_income": -29045,
            "net_income_4q": null,
            "revenue": 89107,
            "revenue_4q": null,
            "common_shares": 1158870,
            "book_valuer_per_share": 2.2,
            "book_valuer_per_share_4q_avg": 2.4,
            "equity": 255422,
            "current_ratio": 164.12,
            "debt_ratio": 50.12,
            "inventory_turnover_ratio": 1.11,
            "account_receivable_turnover_ratio": null,
            "reinvestment_rate": null,
            "research_to_sale_ratio": null,
            "price_fair": 0,
            "eps_avg_yearly": 0,
            "eps_latest_yearly": 0,
            "eps_growth_yearly": 0
        },
        "20083": {
            "year_quarter": 20083,
            "year": 2008,
            "quarter": 3,
            "eps": 0.05,
            "eps_growth_year": null,
            "eps_4q": -0.14,
            "eps_4q_growth_year": null,
            "roe": 2.26,
            "roe_4q": -6.18,
            "gross_profit": 27762,
            "gross_margin": 20.28,
            "gross_margin_4q_avg": 13.83,
            "net_income": 5869,
            "net_income_4q": null,
            "revenue": 136913,
            "revenue_4q": null,
            "common_shares": 1158870,
            "book_valuer_per_share": 2.27,
            "book_valuer_per_share_4q_avg": 2.37,
            "equity": 262896,
            "current_ratio": 160.04,
            "debt_ratio": 53.19,
            "inventory_turnover_ratio": 1.56,
            "account_receivable_turnover_ratio": null,
            "reinvestment_rate": null,
            "research_to_sale_ratio": null,
            "price_fair": 0,
            "eps_avg_yearly": 0,
            "eps_latest_yearly": 0,
            "eps_growth_yearly": 0
        },
        "20084": {
            "year_quarter": 20084,
            "year": 2008,
            "quarter": 4,
            "eps": -0.82,
            "eps_growth_year": -646.67,
            "eps_4q": -1.09,
            "eps_4q_growth_year": null,
            "roe": -44.18,
            "roe_4q": -55.36,
            "gross_profit": 3106,
            "gross_margin": 4.01,
            "gross_margin_4q_avg": 13.24,
            "net_income": -95186,
            "net_income_4q": null,
            "revenue": 77459,
            "revenue_4q": null,
            "common_shares": 1158870,
            "book_valuer_per_share": 1.45,
            "book_valuer_per_share_4q_avg": 2.09,
            "equity": 168016,
            "current_ratio": 133.2,
            "debt_ratio": 63.95,
            "inventory_turnover_ratio": 1.07,
            "account_receivable_turnover_ratio": 1.59,
            "reinvestment_rate": null,
            "research_to_sale_ratio": null,
            "price_fair": 0,
            "eps_avg_yearly": 0,
            "eps_latest_yearly": 0,
            "eps_growth_yearly": 0
        },
        "20091": {
            "year_quarter": 20091,
            "year": 2009,
            "quarter": 1,
            "eps": -0.25,
            "eps_growth_year": null,
            "eps_4q": -1.27,
            "eps_4q_growth_year": null,
            "roe": -18.84,
            "roe_4q": -71.52,
            "gross_profit": 16514,
            "gross_margin": 18.04,
            "gross_margin_4q_avg": 13.56,
            "net_income": -29002,
            "net_income_4q": null,
            "revenue": 91550,
            "revenue_4q": null,
            "common_shares": 1158869,
            "book_valuer_per_share": 1.21,
            "book_valuer_per_share_4q_avg": 1.78,
            "equity": 139906,
            "current_ratio": 127.93,
            "debt_ratio": 68.71,
            "inventory_turnover_ratio": 1.12,
            "account_receivable_turnover_ratio": 0.87,
            "reinvestment_rate": null,
            "research_to_sale_ratio": null,
            "price_fair": 0,
            "eps_avg_yearly": 0,
            "eps_latest_yearly": 0,
            "eps_growth_yearly": 0
        },
        "20092": {
            "year_quarter": 20092,
            "year": 2009,
            "quarter": 2,
            "eps": -0.2,
            "eps_growth_year": null,
            "eps_4q": -0.86,
            "eps_4q_growth_year": null,
            "roe": -14.74,
            "roe_4q": -75.49999999999999,
            "gross_profit": 10627,
            "gross_margin": 14.39,
            "gross_margin_4q_avg": 14.18,
            "net_income": -24310,
            "net_income_4q": null,
            "revenue": 73831,
            "revenue_4q": null,
            "common_shares": 1658870,
            "book_valuer_per_share": 1.15,
            "book_valuer_per_share_4q_avg": 1.52,
            "equity": 190057,
            "current_ratio": 142.84,
            "debt_ratio": 62.53,
            "inventory_turnover_ratio": 0.98,
            "account_receivable_turnover_ratio": 0.65,
            "reinvestment_rate": null,
            "research_to_sale_ratio": null,
            "price_fair": 0,
            "eps_avg_yearly": 0,
            "eps_latest_yearly": 0,
            "eps_growth_yearly": 0
        },
        "20093": {
            "year_quarter": 20093,
            "year": 2009,
            "quarter": 3,
            "eps": -0.43,
            "eps_growth_year": -960,
            "eps_4q": -1.24,
            "eps_4q_growth_year": null,
            "roe": -36.05,
            "roe_4q": -113.81,
            "gross_profit": 25886,
            "gross_margin": 23.94,
            "gross_margin_4q_avg": 15.1,
            "net_income": -57989,
            "net_income_4q": null,
            "revenue": 108109,
            "revenue_4q": null,
            "common_shares": 1658870,
            "book_valuer_per_share": 0.79,
            "book_valuer_per_share_4q_avg": 1.15,
            "equity": 131647,
            "current_ratio": 118.04,
            "debt_ratio": 73.48,
            "inventory_turnover_ratio": 1.3,
            "account_receivable_turnover_ratio": 1.05,
            "reinvestment_rate": null,
            "research_to_sale_ratio": null,
            "price_fair": 0,
            "eps_avg_yearly": 0,
            "eps_latest_yearly": 0,
            "eps_growth_yearly": 0
        },
        "20094": {
            "year_quarter": 20094,
            "year": 2009,
            "quarter": 4,
            "eps": -0.2,
            "eps_growth_year": null,
            "eps_4q": -0.84,
            "eps_4q_growth_year": null,
            "roe": -23.72,
            "roe_4q": -93.35,
            "gross_profit": -4741,
            "gross_margin": -3.48,
            "gross_margin_4q_avg": 13.22,
            "net_income": -29371,
            "net_income_4q": null,
            "revenue": 136424,
            "revenue_4q": null,
            "common_shares": 1658870,
            "book_valuer_per_share": 0.67,
            "book_valuer_per_share_4q_avg": 0.96,
            "equity": 116044,
            "current_ratio": 110.68,
            "debt_ratio": 78.37,
            "inventory_turnover_ratio": 2.73,
            "account_receivable_turnover_ratio": 2.04,
            "reinvestment_rate": null,
            "research_to_sale_ratio": null,
            "price_fair": 0,
            "eps_avg_yearly": 0,
            "eps_latest_yearly": 0,
            "eps_growth_yearly": 0
        },
        "20101": {
            "year_quarter": 20101,
            "year": 2010,
            "quarter": 1,
            "eps": -0.15,
            "eps_growth_year": null,
            "eps_4q": -0.7,
            "eps_4q_growth_year": null,
            "roe": -23.18,
            "roe_4q": -97.68999999999998,
            "gross_profit": 6677,
            "gross_margin": 7.27,
            "gross_margin_4q_avg": 10.53,
            "net_income": -27834,
            "net_income_4q": null,
            "revenue": 91801,
            "revenue_4q": null,
            "common_shares": 2000000,
            "book_valuer_per_share": 0.62,
            "book_valuer_per_share_4q_avg": 0.81,
            "equity": 124124,
            "current_ratio": 114.31,
            "debt_ratio": 76.58,
            "inventory_turnover_ratio": 2.09,
            "account_receivable_turnover_ratio": 0.83,
            "reinvestment_rate": null,
            "research_to_sale_ratio": null,
            "price_fair": 0,
            "eps_avg_yearly": 0,
            "eps_latest_yearly": 0,
            "eps_growth_yearly": 0
        },
        "20102": {
            "year_quarter": 20102,
            "year": 2010,
            "quarter": 2,
            "eps": -0.26,
            "eps_growth_year": null,
            "eps_4q": -0.84,
            "eps_4q_growth_year": null,
            "roe": -53.1,
            "roe_4q": -136.05,
            "gross_profit": -4535,
            "gross_margin": -6.42,
            "gross_margin_4q_avg": 5.33,
            "net_income": -52083,
            "net_income_4q": null,
            "revenue": 70628,
            "revenue_4q": null,
            "common_shares": 2000000,
            "book_valuer_per_share": 0.36,
            "book_valuer_per_share_4q_avg": 0.61,
            "equity": 72047,
            "current_ratio": 99.51,
            "debt_ratio": 85.88,
            "inventory_turnover_ratio": 1.68,
            "account_receivable_turnover_ratio": 0.94,
            "reinvestment_rate": null,
            "research_to_sale_ratio": null,
            "price_fair": 0,
            "eps_avg_yearly": 0,
            "eps_latest_yearly": 0,
            "eps_growth_yearly": 0
        },
        "20103": {
            "year_quarter": 20103,
            "year": 2010,
            "quarter": 3,
            "eps": 0.16,
            "eps_growth_year": null,
            "eps_4q": -8.59,
            "eps_4q_growth_year": null,
            "roe": 2.66,
            "roe_4q": -97.34,
            "gross_profit": 24271,
            "gross_margin": 18.32,
            "gross_margin_4q_avg": 3.92,
            "net_income": 1938,
            "net_income_4q": null,
            "revenue": 132507,
            "revenue_4q": null,
            "common_shares": 125000,
            "book_valuer_per_share": 5.89,
            "book_valuer_per_share_4q_avg": 1.89,
            "equity": 73685,
            "current_ratio": 101.5,
            "debt_ratio": 86.89,
            "inventory_turnover_ratio": 2.22,
            "account_receivable_turnover_ratio": 1.55,
            "reinvestment_rate": null,
            "research_to_sale_ratio": null,
            "price_fair": 0,
            "eps_avg_yearly": 0,
            "eps_latest_yearly": 0,
            "eps_growth_yearly": 0
        },
        "20104": {
            "year_quarter": 20104,
            "year": 2010,
            "quarter": 4,
            "eps": -0.79,
            "eps_growth_year": null,
            "eps_4q": -6.93,
            "eps_4q_growth_year": null,
            "roe": -14.43,
            "roe_4q": -88.05000000000001,
            "gross_profit": -4572,
            "gross_margin": -4.5,
            "gross_margin_4q_avg": 3.67,
            "net_income": -10003,
            "net_income_4q": null,
            "revenue": 101570,
            "revenue_4q": null,
            "common_shares": 127003,
            "book_valuer_per_share": 5.12,
            "book_valuer_per_share_4q_avg": 3,
            "equity": 64966,
            "current_ratio": 98.6,
            "debt_ratio": 88.52,
            "inventory_turnover_ratio": 2.39,
            "account_receivable_turnover_ratio": 0.99,
            "reinvestment_rate": null,
            "research_to_sale_ratio": null,
            "price_fair": 0,
            "eps_avg_yearly": 0,
            "eps_latest_yearly": 0,
            "eps_growth_yearly": 0
        },
        "20111": {
            "year_quarter": 20111,
            "year": 2011,
            "quarter": 1,
            "eps": -0.07,
            "eps_growth_year": null,
            "eps_4q": -4.81,
            "eps_4q_growth_year": null,
            "roe": -1.41,
            "roe_4q": -66.28,
            "gross_profit": 21457,
            "gross_margin": 16.59,
            "gross_margin_4q_avg": 6,
            "net_income": -914,
            "net_income_4q": null,
            "revenue": 129356,
            "revenue_4q": null,
            "common_shares": 127003,
            "book_valuer_per_share": 5.06,
            "book_valuer_per_share_4q_avg": 4.11,
            "equity": 64253,
            "current_ratio": 98.42,
            "debt_ratio": 88.39,
            "inventory_turnover_ratio": 2.67,
            "account_receivable_turnover_ratio": 1.21,
            "reinvestment_rate": null,
            "research_to_sale_ratio": null,
            "price_fair": 0,
            "eps_avg_yearly": 0,
            "eps_latest_yearly": 0,
            "eps_growth_yearly": 0
        },
        "20112": {
            "year_quarter": 20112,
            "year": 2011,
            "quarter": 2,
            "eps": -2.62,
            "eps_growth_year": null,
            "eps_4q": -3.33,
            "eps_4q_growth_year": null,
            "roe": -70.3,
            "roe_4q": -83.47999999999999,
            "gross_profit": -1790,
            "gross_margin": -1.88,
            "gross_margin_4q_avg": 7.13,
            "net_income": -33309,
            "net_income_4q": null,
            "revenue": 95102,
            "revenue_4q": null,
            "common_shares": 127003,
            "book_valuer_per_share": 2.4,
            "book_valuer_per_share_4q_avg": 4.62,
            "equity": 30506,
            "current_ratio": 91.71,
            "debt_ratio": 94.23,
            "inventory_turnover_ratio": 2.4,
            "account_receivable_turnover_ratio": 1.03,
            "reinvestment_rate": null,
            "research_to_sale_ratio": null,
            "price_fair": 0,
            "eps_avg_yearly": 0,
            "eps_latest_yearly": 0,
            "eps_growth_yearly": 0
        },
        "20113": {
            "year_quarter": 20113,
            "year": 2011,
            "quarter": 3,
            "eps": -0.97,
            "eps_growth_year": -726.65,
            "eps_4q": -4.45,
            "eps_4q_growth_year": null,
            "roe": -49.66,
            "roe_4q": -135.79999999999998,
            "gross_profit": 19838,
            "gross_margin": 15.23,
            "gross_margin_4q_avg": 6.36,
            "net_income": -12339,
            "net_income_4q": null,
            "revenue": 130276,
            "revenue_4q": null,
            "common_shares": 127003,
            "book_valuer_per_share": 1.51,
            "book_valuer_per_share_4q_avg": 3.52,
            "equity": 19183,
            "current_ratio": 92.54,
            "debt_ratio": 96.45,
            "inventory_turnover_ratio": 2.81,
            "account_receivable_turnover_ratio": 1.58,
            "reinvestment_rate": null,
            "research_to_sale_ratio": null,
            "price_fair": 0,
            "eps_avg_yearly": 0,
            "eps_latest_yearly": 0,
            "eps_growth_yearly": 0
        },
        "20114": {
            "year_quarter": 20114,
            "year": 2011,
            "quarter": 4,
            "eps": -0.39,
            "eps_growth_year": null,
            "eps_4q": -1.13,
            "eps_4q_growth_year": null,
            "roe": -42.85,
            "roe_4q": -164.22,
            "gross_profit": 4395,
            "gross_margin": 4.26,
            "gross_margin_4q_avg": 8.55,
            "net_income": -24442,
            "net_income_4q": null,
            "revenue": 103104,
            "revenue_4q": null,
            "common_shares": 627003,
            "book_valuer_per_share": 1.51,
            "book_valuer_per_share_4q_avg": 2.62,
            "equity": 94900,
            "current_ratio": 68.66,
            "debt_ratio": 85.16,
            "inventory_turnover_ratio": 2.7,
            "account_receivable_turnover_ratio": 1.23,
            "reinvestment_rate": null,
            "research_to_sale_ratio": null,
            "price_fair": 0,
            "eps_avg_yearly": 0,
            "eps_latest_yearly": 0,
            "eps_growth_yearly": 0
        },
        "20121": {
            "year_quarter": 20121,
            "year": 2012,
            "quarter": 1,
            "eps": 0.19,
            "eps_growth_year": null,
            "eps_4q": -0.92,
            "eps_4q_growth_year": null,
            "roe": 12.08,
            "roe_4q": -150.73000000000002,
            "gross_profit": 20310,
            "gross_margin": 26.11,
            "gross_margin_4q_avg": 10.93,
            "net_income": 12165,
            "net_income_4q": null,
            "revenue": 77779,
            "revenue_4q": null,
            "common_shares": 627003,
            "book_valuer_per_share": 1.7,
            "book_valuer_per_share_4q_avg": 1.78,
            "equity": 106574,
            "current_ratio": 109.9,
            "debt_ratio": 82.47,
            "inventory_turnover_ratio": 1.68,
            "account_receivable_turnover_ratio": 1.37,
            "reinvestment_rate": null,
            "research_to_sale_ratio": null,
            "price_fair": 0,
            "eps_avg_yearly": 0,
            "eps_latest_yearly": 0,
            "eps_growth_yearly": 0
        },
        "20122": {
            "year_quarter": 20122,
            "year": 2012,
            "quarter": 2,
            "eps": -0.1,
            "eps_growth_year": null,
            "eps_4q": -0.49,
            "eps_4q_growth_year": null,
            "roe": -5.76,
            "roe_4q": -86.19,
            "gross_profit": 7003,
            "gross_margin": 9.75,
            "gross_margin_4q_avg": 13.84,
            "net_income": -5972,
            "net_income_4q": null,
            "revenue": 71858,
            "revenue_4q": null,
            "common_shares": 627003,
            "book_valuer_per_share": 1.61,
            "book_valuer_per_share_4q_avg": 1.58,
            "equity": 100808,
            "current_ratio": 63.33,
            "debt_ratio": 83.07,
            "inventory_turnover_ratio": 1.87,
            "account_receivable_turnover_ratio": 1.24,
            "reinvestment_rate": null,
            "research_to_sale_ratio": null,
            "price_fair": 0,
            "eps_avg_yearly": 0,
            "eps_latest_yearly": 0,
            "eps_growth_yearly": 0
        },
        "20123": {
            "year_quarter": 20123,
            "year": 2012,
            "quarter": 3,
            "eps": 0.22,
            "eps_growth_year": null,
            "eps_4q": -0.07,
            "eps_4q_growth_year": null,
            "roe": 12.73,
            "roe_4q": -23.8,
            "gross_profit": 19236,
            "gross_margin": 19.33,
            "gross_margin_4q_avg": 14.86,
            "net_income": 13672,
            "net_income_4q": null,
            "revenue": 99525,
            "revenue_4q": null,
            "common_shares": 627003,
            "book_valuer_per_share": 1.82,
            "book_valuer_per_share_4q_avg": 1.66,
            "equity": 114059,
            "current_ratio": 42.62,
            "debt_ratio": 83.94,
            "inventory_turnover_ratio": 2.35,
            "account_receivable_turnover_ratio": 1.34,
            "reinvestment_rate": null,
            "research_to_sale_ratio": null,
            "price_fair": 0,
            "eps_avg_yearly": 0,
            "eps_latest_yearly": 0,
            "eps_growth_yearly": 0
        },
        "20124": {
            "year_quarter": 20124,
            "year": 2012,
            "quarter": 4,
            "eps": -0.09,
            "eps_growth_year": null,
            "eps_4q": 0.23,
            "eps_4q_growth_year": null,
            "roe": -4.81,
            "roe_4q": 14.240000000000002,
            "gross_profit": 12615,
            "gross_margin": 14,
            "gross_margin_4q_avg": 17.3,
            "net_income": -5360,
            "net_income_4q": null,
            "revenue": 90093,
            "revenue_4q": null,
            "common_shares": 627003,
            "book_valuer_per_share": 1.73,
            "book_valuer_per_share_4q_avg": 1.72,
            "equity": 108699,
            "current_ratio": 45.78,
            "debt_ratio": 85.31,
            "inventory_turnover_ratio": 2.18,
            "account_receivable_turnover_ratio": 1.23,
            "reinvestment_rate": null,
            "research_to_sale_ratio": null,
            "price_fair": 0,
            "eps_avg_yearly": 0,
            "eps_latest_yearly": 0,
            "eps_growth_yearly": 0
        },
        "20131": {
            "year_quarter": 20131,
            "year": 2013,
            "quarter": 1,
            "eps": 0.04,
            "eps_growth_year": -78.95,
            "eps_4q": 0.08,
            "eps_4q_growth_year": null,
            "roe": 2.2,
            "roe_4q": 4.360000000000001,
            "gross_profit": 15037,
            "gross_margin": 17.78,
            "gross_margin_4q_avg": 15.22,
            "net_income": 2414,
            "net_income_4q": null,
            "revenue": 84552,
            "revenue_4q": null,
            "common_shares": 627003,
            "book_valuer_per_share": 1.77,
            "book_valuer_per_share_4q_avg": 1.73,
            "equity": 111167,
            "current_ratio": 88.74,
            "debt_ratio": 85.28,
            "inventory_turnover_ratio": 1.91,
            "account_receivable_turnover_ratio": 1.28,
            "reinvestment_rate": null,
            "research_to_sale_ratio": null,
            "price_fair": 0,
            "eps_avg_yearly": 0,
            "eps_latest_yearly": 0,
            "eps_growth_yearly": 0
        },
        "20132": {
            "year_quarter": 20132,
            "year": 2013,
            "quarter": 2,
            "eps": -0.16,
            "eps_growth_year": null,
            "eps_4q": 0.01,
            "eps_4q_growth_year": null,
            "roe": -9.65,
            "roe_4q": 0.47000000000000064,
            "gross_profit": 6949,
            "gross_margin": 9.56,
            "gross_margin_4q_avg": 15.17,
            "net_income": -10235,
            "net_income_4q": null,
            "revenue": 72725,
            "revenue_4q": null,
            "common_shares": 627003,
            "book_valuer_per_share": 1.61,
            "book_valuer_per_share_4q_avg": 1.73,
            "equity": 100932,
            "current_ratio": 86.31,
            "debt_ratio": 86.99,
            "inventory_turnover_ratio": 1.92,
            "account_receivable_turnover_ratio": 1.17,
            "reinvestment_rate": null,
            "research_to_sale_ratio": null,
            "price_fair": 0,
            "eps_avg_yearly": 0,
            "eps_latest_yearly": 0,
            "eps_growth_yearly": 0
        },
        "20133": {
            "year_quarter": 20133,
            "year": 2013,
            "quarter": 3,
            "eps": 0.17,
            "eps_growth_year": -22.04,
            "eps_4q": -0.04,
            "eps_4q_growth_year": null,
            "roe": 9.95,
            "roe_4q": -2.3100000000000005,
            "gross_profit": 28808,
            "gross_margin": 26.8,
            "gross_margin_4q_avg": 17.04,
            "net_income": 10565,
            "net_income_4q": null,
            "revenue": 107483,
            "revenue_4q": null,
            "common_shares": 627003,
            "book_valuer_per_share": 1.78,
            "book_valuer_per_share_4q_avg": 1.72,
            "equity": 111497,
            "current_ratio": 88.4,
            "debt_ratio": 86.4,
            "inventory_turnover_ratio": 2.17,
            "account_receivable_turnover_ratio": 1.43,
            "reinvestment_rate": null,
            "research_to_sale_ratio": null,
            "price_fair": 0,
            "eps_avg_yearly": 0,
            "eps_latest_yearly": 0,
            "eps_growth_yearly": 0
        },
        "20134": {
            "year_quarter": 20134,
            "year": 2013,
            "quarter": 4,
            "eps": 1.91,
            "eps_growth_year": null,
            "eps_4q": 1.95,
            "eps_4q_growth_year": 743.18,
            "roe": 69.82,
            "roe_4q": 72.32,
            "gross_profit": 8112,
            "gross_margin": 10.65,
            "gross_margin_4q_avg": 16.2,
            "net_income": 119560,
            "net_income_4q": null,
            "revenue": 76146,
            "revenue_4q": null,
            "common_shares": 627003,
            "book_valuer_per_share": 3.68,
            "book_valuer_per_share_4q_avg": 2.21,
            "equity": 230984,
            "current_ratio": 94.81,
            "debt_ratio": 71.51,
            "inventory_turnover_ratio": 1.75,
            "account_receivable_turnover_ratio": 1.04,
            "reinvestment_rate": null,
            "research_to_sale_ratio": null,
            "price_fair": 267.4,
            "eps_avg_yearly": 7.64,
            "eps_latest_yearly": 7.64,
            "eps_growth_yearly": 4094.12
        },
        "20141": {
            "year_quarter": 20141,
            "year": 2014,
            "quarter": 1,
            "eps": -0.2,
            "eps_growth_year": -600,
            "eps_4q": 1.71,
            "eps_4q_growth_year": 2158.14,
            "roe": -5.58,
            "roe_4q": 64.53999999999999,
            "gross_profit": 14575,
            "gross_margin": 18.37,
            "gross_margin_4q_avg": 16.35,
            "net_income": -12538,
            "net_income_4q": null,
            "revenue": 79350,
            "revenue_4q": null,
            "common_shares": 627003,
            "book_valuer_per_share": 3.48,
            "book_valuer_per_share_4q_avg": 2.64,
            "equity": 218446,
            "current_ratio": 63.49,
            "debt_ratio": 71.94,
            "inventory_turnover_ratio": 1.65,
            "account_receivable_turnover_ratio": 1.43,
            "reinvestment_rate": null,
            "research_to_sale_ratio": null,
            "price_fair": 267.4,
            "eps_avg_yearly": 7.64,
            "eps_latest_yearly": 7.64,
            "eps_growth_yearly": 4094.12
        },
        "20142": {
            "year_quarter": 20142,
            "year": 2014,
            "quarter": 2,
            "eps": 0.2,
            "eps_growth_year": null,
            "eps_4q": 2.08,
            "eps_4q_growth_year": 26448.14,
            "roe": 5.68,
            "roe_4q": 79.86999999999999,
            "gross_profit": 7674,
            "gross_margin": 9.45,
            "gross_margin_4q_avg": 16.32,
            "net_income": 12766,
            "net_income_4q": null,
            "revenue": 81233,
            "revenue_4q": null,
            "common_shares": 627003,
            "book_valuer_per_share": 3.69,
            "book_valuer_per_share_4q_avg": 3.16,
            "equity": 231212,
            "current_ratio": 68.34,
            "debt_ratio": 71.02,
            "inventory_turnover_ratio": 1.85,
            "account_receivable_turnover_ratio": 1.36,
            "reinvestment_rate": -118.09,
            "research_to_sale_ratio": null,
            "price_fair": 267.4,
            "eps_avg_yearly": 7.64,
            "eps_latest_yearly": 7.64,
            "eps_growth_yearly": 4094.12
        },
        "20143": {
            "year_quarter": 20143,
            "year": 2014,
            "quarter": 3,
            "eps": 0.32,
            "eps_growth_year": 88.24,
            "eps_4q": 5.5,
            "eps_4q_growth_year": null,
            "roe": 3.11,
            "roe_4q": 73.02999999999999,
            "gross_profit": 18777,
            "gross_margin": 21.46,
            "gross_margin_4q_avg": 14.98,
            "net_income": 7311,
            "net_income_4q": null,
            "revenue": 87481,
            "revenue_4q": null,
            "common_shares": 230984,
            "book_valuer_per_share": 10.33,
            "book_valuer_per_share_4q_avg": 5.3,
            "equity": 238523,
            "current_ratio": 70.32,
            "debt_ratio": 70.52,
            "inventory_turnover_ratio": 1.77,
            "account_receivable_turnover_ratio": 1.18,
            "reinvestment_rate": -136.99,
            "research_to_sale_ratio": null,
            "price_fair": 156.1,
            "eps_avg_yearly": 4.46,
            "eps_latest_yearly": 1.28,
            "eps_growth_yearly": 2167.06
        },
        "20144": {
            "year_quarter": 20144,
            "year": 2014,
            "quarter": 4,
            "eps": 0.46,
            "eps_growth_year": -75.62,
            "eps_4q": 0.79,
            "eps_4q_growth_year": -59.43,
            "roe": 4.4,
            "roe_4q": 7.609999999999999,
            "gross_profit": 19806,
            "gross_margin": 22.53,
            "gross_margin_4q_avg": 17.95,
            "net_income": 10740,
            "net_income_4q": null,
            "revenue": 87897,
            "revenue_4q": null,
            "common_shares": 230984,
            "book_valuer_per_share": 10.78,
            "book_valuer_per_share_4q_avg": 7.07,
            "equity": 249100,
            "current_ratio": 73.12,
            "debt_ratio": 69.59,
            "inventory_turnover_ratio": 1.8,
            "account_receivable_turnover_ratio": 1.18,
            "reinvestment_rate": -53.82,
            "research_to_sale_ratio": null,
            "price_fair": 125.53,
            "eps_avg_yearly": 3.59,
            "eps_latest_yearly": 1.84,
            "eps_growth_yearly": 1503.04
        },
        "20151": {
            "year_quarter": 20151,
            "year": 2015,
            "quarter": 1,
            "eps": 0.82,
            "eps_growth_year": null,
            "eps_4q": 2.15,
            "eps_4q_growth_year": 25.68,
            "roe": 7.3,
            "roe_4q": 20.49,
            "gross_profit": 9930,
            "gross_margin": 16.46,
            "gross_margin_4q_avg": 17.48,
            "net_income": 18886,
            "net_income_4q": null,
            "revenue": 60320,
            "revenue_4q": null,
            "common_shares": 230984,
            "book_valuer_per_share": 11.6,
            "book_valuer_per_share_4q_avg": 9.1,
            "equity": 267986,
            "current_ratio": 120,
            "debt_ratio": 67.43,
            "inventory_turnover_ratio": 1.33,
            "account_receivable_turnover_ratio": 0.96,
            "reinvestment_rate": -82.53,
            "research_to_sale_ratio": null,
            "price_fair": 122.85,
            "eps_avg_yearly": 3.51,
            "eps_latest_yearly": 3.28,
            "eps_growth_yearly": 1205.54
        },
        "20152": {
            "year_quarter": 20152,
            "year": 2015,
            "quarter": 2,
            "eps": -0.06,
            "eps_growth_year": -130,
            "eps_4q": 1.54,
            "eps_4q_growth_year": -26.02,
            "roe": -0.53,
            "roe_4q": 14.28,
            "gross_profit": 5485,
            "gross_margin": 12.85,
            "gross_margin_4q_avg": 18.33,
            "net_income": -1411,
            "net_income_4q": null,
            "revenue": 42675,
            "revenue_4q": null,
            "common_shares": 230984,
            "book_valuer_per_share": 11.54,
            "book_valuer_per_share_4q_avg": 11.06,
            "equity": 266575,
            "current_ratio": 119.73,
            "debt_ratio": 67.15,
            "inventory_turnover_ratio": 0.96,
            "account_receivable_turnover_ratio": 0.8,
            "reinvestment_rate": -57.77,
            "research_to_sale_ratio": null,
            "price_fair": 122.85,
            "eps_avg_yearly": 3.51,
            "eps_latest_yearly": 3.28,
            "eps_growth_yearly": 1205.54
        },
        "20153": {
            "year_quarter": 20153,
            "year": 2015,
            "quarter": 3,
            "eps": 1.33,
            "eps_growth_year": 315.62,
            "eps_4q": 2.56,
            "eps_4q_growth_year": -53.55,
            "roe": 10.93,
            "roe_4q": 22.1,
            "gross_profit": 15187,
            "gross_margin": 22.76,
            "gross_margin_4q_avg": 18.65,
            "net_income": 30823,
            "net_income_4q": null,
            "revenue": 66718,
            "revenue_4q": null,
            "common_shares": 230984,
            "book_valuer_per_share": 12.88,
            "book_valuer_per_share_4q_avg": 11.7,
            "equity": 297398,
            "current_ratio": 150.82,
            "debt_ratio": 61.92,
            "inventory_turnover_ratio": 1.28,
            "account_receivable_turnover_ratio": 1.08,
            "reinvestment_rate": -40.02,
            "research_to_sale_ratio": null,
            "price_fair": 122.85,
            "eps_avg_yearly": 3.51,
            "eps_latest_yearly": 3.28,
            "eps_growth_yearly": 1205.54
        },
        "20154": {
            "year_quarter": 20154,
            "year": 2015,
            "quarter": 4,
            "eps": -0.48,
            "eps_growth_year": -202.92,
            "eps_4q": 1.61,
            "eps_4q_growth_year": 103.75,
            "roe": -3.79,
            "roe_4q": 13.91,
            "gross_profit": 9114,
            "gross_margin": 15.17,
            "gross_margin_4q_avg": 16.81,
            "net_income": -11054,
            "net_income_4q": null,
            "revenue": 60094,
            "revenue_4q": null,
            "common_shares": 230984,
            "book_valuer_per_share": 12.4,
            "book_valuer_per_share_4q_avg": 12.11,
            "equity": 286359,
            "current_ratio": 146.22,
            "debt_ratio": 63.91,
            "inventory_turnover_ratio": 1.24,
            "account_receivable_turnover_ratio": 0.93,
            "reinvestment_rate": -31.64,
            "research_to_sale_ratio": null,
            "price_fair": 122.85,
            "eps_avg_yearly": 3.51,
            "eps_latest_yearly": 3.28,
            "eps_growth_yearly": 1205.54
        },
        "20161": {
            "year_quarter": 20161,
            "year": 2016,
            "quarter": 1,
            "eps": -0.58,
            "eps_growth_year": -170.73,
            "eps_4q": 0.22,
            "eps_4q_growth_year": -89.88,
            "roe": -4.76,
            "roe_4q": 1.849999999999999,
            "gross_profit": 4294,
            "gross_margin": 11.87,
            "gross_margin_4q_avg": 15.66,
            "net_income": -13326,
            "net_income_4q": null,
            "revenue": 36163,
            "revenue_4q": null,
            "common_shares": 230984,
            "book_valuer_per_share": 11.82,
            "book_valuer_per_share_4q_avg": 12.16,
            "equity": 273033,
            "current_ratio": 144.73,
            "debt_ratio": 64.94,
            "inventory_turnover_ratio": 0.8,
            "account_receivable_turnover_ratio": 0.75,
            "reinvestment_rate": -34.37,
            "research_to_sale_ratio": null,
            "price_fair": 122.85,
            "eps_avg_yearly": 3.51,
            "eps_latest_yearly": 3.28,
            "eps_growth_yearly": 1205.54
        },
        "20162": {
            "year_quarter": 20162,
            "year": 2016,
            "quarter": 2,
            "eps": 0.07,
            "eps_growth_year": null,
            "eps_4q": 0.35,
            "eps_4q_growth_year": -77.36,
            "roe": 0.58,
            "roe_4q": 2.96,
            "gross_profit": 7340,
            "gross_margin": 20.55,
            "gross_margin_4q_avg": 17.59,
            "net_income": 1599,
            "net_income_4q": null,
            "revenue": 35720,
            "revenue_4q": null,
            "common_shares": 230984,
            "book_valuer_per_share": 11.89,
            "book_valuer_per_share_4q_avg": 12.25,
            "equity": 274632,
            "current_ratio": 117.76,
            "debt_ratio": 65.36,
            "inventory_turnover_ratio": 0.7,
            "account_receivable_turnover_ratio": 0.83,
            "reinvestment_rate": -20.43,
            "research_to_sale_ratio": null,
            "price_fair": 122.85,
            "eps_avg_yearly": 3.51,
            "eps_latest_yearly": 3.28,
            "eps_growth_yearly": 1205.54
        },
        "20163": {
            "year_quarter": 20163,
            "year": 2016,
            "quarter": 3,
            "eps": 1.28,
            "eps_growth_year": -3.76,
            "eps_4q": 0.29,
            "eps_4q_growth_year": -88.73,
            "roe": 10.17,
            "roe_4q": 2.2,
            "gross_profit": 16329,
            "gross_margin": 24.09,
            "gross_margin_4q_avg": 17.92,
            "net_income": 29435,
            "net_income_4q": null,
            "revenue": 67787,
            "revenue_4q": null,
            "common_shares": 230984,
            "book_valuer_per_share": 13.16,
            "book_valuer_per_share_4q_avg": 12.32,
            "equity": 304067,
            "current_ratio": 80.05,
            "debt_ratio": 62.59,
            "inventory_turnover_ratio": 1.24,
            "account_receivable_turnover_ratio": 1.31,
            "reinvestment_rate": -27.55,
            "research_to_sale_ratio": null,
            "price_fair": 134.12,
            "eps_avg_yearly": 3.83,
            "eps_latest_yearly": 5.12,
            "eps_growth_yearly": 2347.29
        },
        "20164": {
            "year_quarter": 20164,
            "year": 2016,
            "quarter": 4,
            "eps": 0.06,
            "eps_growth_year": null,
            "eps_4q": 0.83,
            "eps_4q_growth_year": -48.6,
            "roe": 0.47,
            "roe_4q": 6.460000000000001,
            "gross_profit": 7042,
            "gross_margin": 13.76,
            "gross_margin_4q_avg": 17.57,
            "net_income": 1436,
            "net_income_4q": null,
            "revenue": 51187,
            "revenue_4q": null,
            "common_shares": 230984,
            "book_valuer_per_share": 13.22,
            "book_valuer_per_share_4q_avg": 12.52,
            "equity": 305419,
            "current_ratio": 75.68,
            "debt_ratio": 64.15,
            "inventory_turnover_ratio": 1.14,
            "account_receivable_turnover_ratio": 1.02,
            "reinvestment_rate": 18.68,
            "research_to_sale_ratio": null,
            "price_fair": 113.17,
            "eps_avg_yearly": 3.23,
            "eps_latest_yearly": 0.24,
            "eps_growth_yearly": 1892.53
        },
        "20171": {
            "year_quarter": 20171,
            "year": 2017,
            "quarter": 1,
            "eps": -0.14,
            "eps_growth_year": null,
            "eps_4q": 1.27,
            "eps_4q_growth_year": 482.07,
            "roe": -1.05,
            "roe_4q": 10.17,
            "gross_profit": 7963,
            "gross_margin": 19.47,
            "gross_margin_4q_avg": 19.47,
            "net_income": -3180,
            "net_income_4q": null,
            "revenue": 40895,
            "revenue_4q": null,
            "common_shares": 230984,
            "book_valuer_per_share": 13.08,
            "book_valuer_per_share_4q_avg": 12.84,
            "equity": 302239,
            "current_ratio": 54.2,
            "debt_ratio": 63.84,
            "inventory_turnover_ratio": 0.89,
            "account_receivable_turnover_ratio": 1.03,
            "reinvestment_rate": 63.48,
            "research_to_sale_ratio": null,
            "price_fair": 113.17,
            "eps_avg_yearly": 3.23,
            "eps_latest_yearly": 0.24,
            "eps_growth_yearly": 1892.53
        },
        "20172": {
            "year_quarter": 20172,
            "year": 2017,
            "quarter": 2,
            "eps": -0.04,
            "eps_growth_year": -157.14,
            "eps_4q": 1.16,
            "eps_4q_growth_year": 233.19,
            "roe": -0.3,
            "roe_4q": 9.29,
            "gross_profit": 2474,
            "gross_margin": 6.64,
            "gross_margin_4q_avg": 15.99,
            "net_income": -896,
            "net_income_4q": null,
            "revenue": 37234,
            "revenue_4q": null,
            "common_shares": 230984,
            "book_valuer_per_share": 13.05,
            "book_valuer_per_share_4q_avg": 13.13,
            "equity": 301343,
            "current_ratio": 28.89,
            "debt_ratio": 65.11,
            "inventory_turnover_ratio": 0.91,
            "account_receivable_turnover_ratio": 0.98,
            "reinvestment_rate": 39.43,
            "research_to_sale_ratio": null,
            "price_fair": 113.17,
            "eps_avg_yearly": 3.23,
            "eps_latest_yearly": 0.24,
            "eps_growth_yearly": 1892.53
        },
        "20173": {
            "year_quarter": 20173,
            "year": 2017,
            "quarter": 3,
            "eps": -0.19,
            "eps_growth_year": -114.84,
            "eps_4q": -0.3,
            "eps_4q_growth_year": -205.18,
            "roe": -1.46,
            "roe_4q": -2.34,
            "gross_profit": 9789,
            "gross_margin": 15.64,
            "gross_margin_4q_avg": 13.88,
            "net_income": -4359,
            "net_income_4q": null,
            "revenue": 62609,
            "revenue_4q": null,
            "common_shares": 230984,
            "book_valuer_per_share": 12.86,
            "book_valuer_per_share_4q_avg": 13.05,
            "equity": 296984,
            "current_ratio": 27.24,
            "debt_ratio": 65.59,
            "inventory_turnover_ratio": 1.69,
            "account_receivable_turnover_ratio": 1.3,
            "reinvestment_rate": 45.27,
            "research_to_sale_ratio": null,
            "price_fair": 113.17,
            "eps_avg_yearly": 3.23,
            "eps_latest_yearly": 0.24,
            "eps_growth_yearly": 1892.53
        },
        "20174": {
            "year_quarter": 20174,
            "year": 2017,
            "quarter": 4,
            "eps": -1.22,
            "eps_growth_year": -2062.25,
            "eps_4q": -1.59,
            "eps_4q_growth_year": -291.25,
            "roe": -9.96,
            "roe_4q": -12.770000000000003,
            "gross_profit": -10556,
            "gross_margin": -28.62,
            "gross_margin_4q_avg": 3.28,
            "net_income": -28178,
            "net_income_4q": null,
            "revenue": 36889,
            "revenue_4q": null,
            "common_shares": 230984,
            "book_valuer_per_share": 11.64,
            "book_valuer_per_share_4q_avg": 12.66,
            "equity": 268806,
            "current_ratio": 55.51,
            "debt_ratio": 68.1,
            "inventory_turnover_ratio": 2.9,
            "account_receivable_turnover_ratio": 0.71,
            "reinvestment_rate": 218.82,
            "research_to_sale_ratio": null,
            "price_fair": 82.32,
            "eps_avg_yearly": 2.35,
            "eps_latest_yearly": 0.24,
            "eps_growth_yearly": 1452.22
        },
        "20181": {
            "year_quarter": 20181,
            "year": 2018,
            "quarter": 1,
            "eps": -0.61,
            "eps_growth_year": null,
            "eps_4q": -2.05,
            "eps_4q_growth_year": -261.87,
            "roe": -4.71,
            "roe_4q": -16.430000000000003,
            "gross_profit": 3310,
            "gross_margin": 22.48,
            "gross_margin_4q_avg": 4.04,
            "net_income": -13978,
            "net_income_4q": null,
            "revenue": 14727,
            "revenue_4q": null,
            "common_shares": 230984,
            "book_valuer_per_share": 14.06,
            "book_valuer_per_share_4q_avg": 12.9,
            "equity": 324810,
            "current_ratio": 49.17,
            "debt_ratio": 62.98,
            "inventory_turnover_ratio": 1.15,
            "account_receivable_turnover_ratio": 0.34,
            "reinvestment_rate": 542.78,
            "research_to_sale_ratio": null,
            "price_fair": 82.32,
            "eps_avg_yearly": 2.35,
            "eps_latest_yearly": 0.24,
            "eps_growth_yearly": 1452.22
        },
        "20182": {
            "year_quarter": 20182,
            "year": 2018,
            "quarter": 2,
            "eps": -0.27,
            "eps_growth_year": null,
            "eps_4q": -2.29,
            "eps_4q_growth_year": -297.66,
            "roe": -2.03,
            "roe_4q": -18.160000000000004,
            "gross_profit": 3367,
            "gross_margin": 40.42,
            "gross_margin_4q_avg": 12.48,
            "net_income": -6449,
            "net_income_4q": null,
            "revenue": 8329,
            "revenue_4q": null,
            "common_shares": 230984,
            "book_valuer_per_share": 13.4,
            "book_valuer_per_share_4q_avg": 12.99,
            "equity": 309623,
            "current_ratio": 33.9,
            "debt_ratio": 62.1,
            "inventory_turnover_ratio": 0.6,
            "account_receivable_turnover_ratio": 0.26,
            "reinvestment_rate": 1128.92,
            "research_to_sale_ratio": null,
            "price_fair": 82.32,
            "eps_avg_yearly": 2.35,
            "eps_latest_yearly": 0.24,
            "eps_growth_yearly": 1452.22
        },
        "20183": {
            "year_quarter": 20183,
            "year": 2018,
            "quarter": 3,
            "eps": 1.14,
            "eps_growth_year": null,
            "eps_4q": -0.96,
            "eps_4q_growth_year": null,
            "roe": 8.16,
            "roe_4q": -8.54,
            "gross_profit": 3377,
            "gross_margin": 31.28,
            "gross_margin_4q_avg": 16.39,
            "net_income": 26424,
            "net_income_4q": null,
            "revenue": 10795,
            "revenue_4q": null,
            "common_shares": 230984,
            "book_valuer_per_share": 14.64,
            "book_valuer_per_share_4q_avg": 13.44,
            "equity": 338108,
            "current_ratio": 37.63,
            "debt_ratio": 60.11,
            "inventory_turnover_ratio": 1.2,
            "account_receivable_turnover_ratio": 0.47,
            "reinvestment_rate": 565.44,
            "research_to_sale_ratio": null,
            "price_fair": 91.7,
            "eps_avg_yearly": 2.62,
            "eps_latest_yearly": 0.24,
            "eps_growth_yearly": 1755.27
        },
        "20184": {
            "year_quarter": 20184,
            "year": 2018,
            "quarter": 4,
            "eps": 1.03,
            "eps_growth_year": null,
            "eps_4q": 1.29,
            "eps_4q_growth_year": null,
            "roe": 6.71,
            "roe_4q": 8.130000000000003,
            "gross_profit": 780,
            "gross_margin": 16.16,
            "gross_margin_4q_avg": 27.59,
            "net_income": 23827,
            "net_income_4q": null,
            "revenue": 4827,
            "revenue_4q": null,
            "common_shares": 230984,
            "book_valuer_per_share": 16.11,
            "book_valuer_per_share_4q_avg": 14.55,
            "equity": 372193,
            "current_ratio": 49.47,
            "debt_ratio": 58.77,
            "inventory_turnover_ratio": 0.99,
            "account_receivable_turnover_ratio": 0.27,
            "reinvestment_rate": 417.07,
            "research_to_sale_ratio": null,
            "price_fair": 111.65,
            "eps_avg_yearly": 3.19,
            "eps_latest_yearly": 4.12,
            "eps_growth_yearly": 1701.87
        },
        "20191": {
            "year_quarter": 20191,
            "year": 2019,
            "quarter": 1,
            "eps": -0.12,
            "eps_growth_year": null,
            "eps_4q": 1.78,
            "eps_4q_growth_year": null,
            "roe": -0.71,
            "roe_4q": 12.13,
            "gross_profit": 3780,
            "gross_margin": 43.94,
            "gross_margin_4q_avg": 32.95,
            "net_income": -2709,
            "net_income_4q": null,
            "revenue": 8603,
            "revenue_4q": null,
            "common_shares": 230984,
            "book_valuer_per_share": 16.81,
            "book_valuer_per_share_4q_avg": 15.24,
            "equity": 388324,
            "current_ratio": 46.25,
            "debt_ratio": 64.08,
            "inventory_turnover_ratio": 1.76,
            "account_receivable_turnover_ratio": 0.61,
            "reinvestment_rate": 761.27,
            "research_to_sale_ratio": null,
            "price_fair": 110.6,
            "eps_avg_yearly": 3.16,
            "eps_latest_yearly": 4.12,
            "eps_growth_yearly": 2164.81
        },
        "20192": {
            "year_quarter": 20192,
            "year": 2019,
            "quarter": 2,
            "eps": 0.29,
            "eps_growth_year": null,
            "eps_4q": 2.35,
            "eps_4q_growth_year": null,
            "roe": 1.73,
            "roe_4q": 15.89,
            "gross_profit": 2028,
            "gross_margin": 34.02,
            "gross_margin_4q_avg": 31.35,
            "net_income": 6679,
            "net_income_4q": null,
            "revenue": 5962,
            "revenue_4q": null,
            "common_shares": 230984,
            "book_valuer_per_share": 16.63,
            "book_valuer_per_share_4q_avg": 16.05,
            "equity": 384158,
            "current_ratio": 50.42,
            "debt_ratio": 63.59,
            "inventory_turnover_ratio": 1.57,
            "account_receivable_turnover_ratio": 0.56,
            "reinvestment_rate": 627.79,
            "research_to_sale_ratio": null,
            "price_fair": 110.6,
            "eps_avg_yearly": 3.16,
            "eps_latest_yearly": 4.12,
            "eps_growth_yearly": 2164.81
        },
        "20193": {
            "year_quarter": 20193,
            "year": 2019,
            "quarter": 3,
            "eps": -0.41,
            "eps_growth_year": -135.96,
            "eps_4q": 0.79,
            "eps_4q_growth_year": null,
            "roe": -2.51,
            "roe_4q": 5.220000000000001,
            "gross_profit": 1745,
            "gross_margin": 20.3,
            "gross_margin_4q_avg": 28.61,
            "net_income": -9521,
            "net_income_4q": null,
            "revenue": 8597,
            "revenue_4q": null,
            "common_shares": 230984,
            "book_valuer_per_share": 16.2,
            "book_valuer_per_share_4q_avg": 16.44,
            "equity": 374232,
            "current_ratio": 84.71,
            "debt_ratio": 66.15,
            "inventory_turnover_ratio": 3.64,
            "account_receivable_turnover_ratio": 0.74,
            "reinvestment_rate": null,
            "research_to_sale_ratio": null,
            "price_fair": 110.6,
            "eps_avg_yearly": 3.16,
            "eps_latest_yearly": 4.12,
            "eps_growth_yearly": 2164.81
        },
        "20194": {
            "year_quarter": 20194,
            "year": 2019,
            "quarter": 4,
            "eps": -1.89,
            "eps_growth_year": -282.87,
            "eps_4q": -2.13,
            "eps_4q_growth_year": -264.71,
            "roe": -12.36,
            "roe_4q": -13.849999999999998,
            "gross_profit": -1566,
            "gross_margin": -27.85,
            "gross_margin_4q_avg": 17.6,
            "net_income": -43573,
            "net_income_4q": null,
            "revenue": 5622,
            "revenue_4q": null,
            "common_shares": 230984,
            "book_valuer_per_share": 14.32,
            "book_valuer_per_share_4q_avg": 15.99,
            "equity": 330659,
            "current_ratio": 80.44,
            "debt_ratio": 68.99,
            "inventory_turnover_ratio": 13.35,
            "account_receivable_turnover_ratio": 0.36,
            "reinvestment_rate": null,
            "research_to_sale_ratio": null,
            "price_fair": 110.6,
            "eps_avg_yearly": 3.16,
            "eps_latest_yearly": 4.12,
            "eps_growth_yearly": 2164.81
        },
        "20201": {
            "year_quarter": 20201,
            "year": 2020,
            "quarter": 1,
            "eps": -1.1,
            "eps_growth_year": null,
            "eps_4q": -3.12,
            "eps_4q_growth_year": -275.58,
            "roe": -8.02,
            "roe_4q": -21.16,
            "gross_profit": -1125,
            "gross_margin": -33.21,
            "gross_margin_4q_avg": -1.69,
            "net_income": -25438,
            "net_income_4q": null,
            "revenue": 3388,
            "revenue_4q": null,
            "common_shares": 230984,
            "book_valuer_per_share": 13.22,
            "book_valuer_per_share_4q_avg": 15.09,
            "equity": 304055,
            "current_ratio": 75.91,
            "debt_ratio": 70.53,
            "inventory_turnover_ratio": 53.41,
            "account_receivable_turnover_ratio": 0.32,
            "reinvestment_rate": null,
            "research_to_sale_ratio": null,
            "price_fair": 110.6,
            "eps_avg_yearly": 3.16,
            "eps_latest_yearly": 4.12,
            "eps_growth_yearly": 2164.81
        },
        "20202": {
            "year_quarter": 20202,
            "year": 2020,
            "quarter": 2,
            "eps": 0.52,
            "eps_growth_year": 79.31,
            "eps_4q": -2.91,
            "eps_4q_growth_year": -224.15,
            "roe": 3.85,
            "roe_4q": -19.04,
            "gross_profit": 169,
            "gross_margin": 5.01,
            "gross_margin_4q_avg": -8.94,
            "net_income": 11890,
            "net_income_4q": null,
            "revenue": 3376,
            "revenue_4q": null,
            "common_shares": 230984,
            "book_valuer_per_share": 13.74,
            "book_valuer_per_share_4q_avg": 14.37,
            "equity": 314269,
            "current_ratio": 78.65,
            "debt_ratio": 69.7,
            "inventory_turnover_ratio": 47.51,
            "account_receivable_turnover_ratio": 1.41,
            "reinvestment_rate": null,
            "research_to_sale_ratio": null,
            "price_fair": 110.6,
            "eps_avg_yearly": 3.16,
            "eps_latest_yearly": 4.12,
            "eps_growth_yearly": 2164.81
        },
        "20203": {
            "year_quarter": 20203,
            "year": 2020,
            "quarter": 3,
            "eps": 0.14,
            "eps_growth_year": null,
            "eps_4q": -2.36,
            "eps_4q_growth_year": -398.29,
            "roe": 1,
            "roe_4q": -15.53,
            "gross_profit": 1970,
            "gross_margin": 58.61,
            "gross_margin_4q_avg": 0.64,
            "net_income": 3151,
            "net_income_4q": null,
            "revenue": 3361,
            "revenue_4q": null,
            "common_shares": 228674,
            "book_valuer_per_share": 13.88,
            "book_valuer_per_share_4q_avg": 13.79,
            "equity": 317420,
            "current_ratio": 80.72,
            "debt_ratio": 69.15,
            "inventory_turnover_ratio": 20.46,
            "account_receivable_turnover_ratio": 8.19,
            "reinvestment_rate": null,
            "research_to_sale_ratio": null,
            "price_fair": 4.92,
            "eps_avg_yearly": 1.64,
            "eps_latest_yearly": 0.56,
            "eps_growth_yearly": -237.38
        },
        "20204": {
            "year_quarter": 20204,
            "year": 2020,
            "quarter": 4,
            "eps": 0.49,
            "eps_growth_year": null,
            "eps_4q": 0.04,
            "eps_4q_growth_year": null,
            "roe": 3.47,
            "roe_4q": 0.3000000000000007,
            "gross_profit": 2349,
            "gross_margin": 61.12,
            "gross_margin_4q_avg": 22.88,
            "net_income": 11219,
            "net_income_4q": null,
            "revenue": 3843,
            "revenue_4q": null,
            "common_shares": 228674,
            "book_valuer_per_share": 14.37,
            "book_valuer_per_share_4q_avg": 13.8,
            "equity": 328639,
            "current_ratio": 56.1,
            "debt_ratio": 67.98,
            "inventory_turnover_ratio": 43.94,
            "account_receivable_turnover_ratio": 0.54,
            "reinvestment_rate": null,
            "research_to_sale_ratio": null,
            "price_fair": 77.47,
            "eps_avg_yearly": 2.21,
            "eps_latest_yearly": 1.96,
            "eps_growth_yearly": 223.03
        },
        "20211": {
            "year_quarter": 20211,
            "year": 2021,
            "quarter": 1,
            "eps": 0.25,
            "eps_growth_year": null,
            "eps_4q": 1.39,
            "eps_4q_growth_year": null,
            "roe": 1.71,
            "roe_4q": 10.03,
            "gross_profit": 1961,
            "gross_margin": 58.98,
            "gross_margin_4q_avg": 45.93,
            "net_income": 5607,
            "net_income_4q": null,
            "revenue": 3325,
            "revenue_4q": null,
            "common_shares": 228674,
            "book_valuer_per_share": 14.35,
            "book_valuer_per_share_4q_avg": 14.09,
            "equity": 328118,
            "current_ratio": 56.93,
            "debt_ratio": 67.86,
            "inventory_turnover_ratio": null,
            "account_receivable_turnover_ratio": 0.23,
            "reinvestment_rate": null,
            "research_to_sale_ratio": null,
            "price_fair": 66.85,
            "eps_avg_yearly": 1.91,
            "eps_latest_yearly": 1,
            "eps_growth_yearly": 118.29
        },
        "20212": {
            "year_quarter": 20212,
            "year": 2021,
            "quarter": 2,
            "eps": 0.78,
            "eps_growth_year": 50,
            "eps_4q": 1.65,
            "eps_4q_growth_year": null,
            "roe": 5.23,
            "roe_4q": 11.41,
            "gross_profit": 1945,
            "gross_margin": 59.17,
            "gross_margin_4q_avg": 59.47,
            "net_income": 17809,
            "net_income_4q": null,
            "revenue": 3287,
            "revenue_4q": null,
            "common_shares": 228674,
            "book_valuer_per_share": 15.44,
            "book_valuer_per_share_4q_avg": 14.51,
            "equity": 353045,
            "current_ratio": 60.2,
            "debt_ratio": 66.09,
            "inventory_turnover_ratio": null,
            "account_receivable_turnover_ratio": 0.23,
            "reinvestment_rate": null,
            "research_to_sale_ratio": null,
            "price_fair": 75.32,
            "eps_avg_yearly": 2.15,
            "eps_latest_yearly": 3.12,
            "eps_growth_yearly": 264.24
        },
        "20213": {
            "year_quarter": 20213,
            "year": 2021,
            "quarter": 3,
            "eps": 0.06,
            "eps_growth_year": -57.14,
            "eps_4q": 1.57,
            "eps_4q_growth_year": null,
            "roe": 0.38,
            "roe_4q": 10.790000000000001,
            "gross_profit": 1931,
            "gross_margin": 59.54,
            "gross_margin_4q_avg": 59.7,
            "net_income": 1311,
            "net_income_4q": null,
            "revenue": 3243,
            "revenue_4q": null,
            "common_shares": 228674,
            "book_valuer_per_share": 14.88,
            "book_valuer_per_share_4q_avg": 14.76,
            "equity": 340314,
            "current_ratio": 60.1,
            "debt_ratio": 66.56,
            "inventory_turnover_ratio": null,
            "account_receivable_turnover_ratio": 0.23,
            "reinvestment_rate": null,
            "research_to_sale_ratio": null,
            "price_fair": 64.17,
            "eps_avg_yearly": 1.83,
            "eps_latest_yearly": 0.24,
            "eps_growth_yearly": 158.66
        },
        "20214": {
            "year_quarter": 20214,
            "year": 2021,
            "quarter": 4,
            "eps": 0.05,
            "eps_growth_year": -89.72,
            "eps_4q": 1.13,
            "eps_4q_growth_year": 3048.45,
            "roe": 0.34,
            "roe_4q": 7.66,
            "gross_profit": 1900,
            "gross_margin": 59.08,
            "gross_margin_4q_avg": 59.19,
            "net_income": 1153,
            "net_income_4q": null,
            "revenue": 3216,
            "revenue_4q": null,
            "common_shares": 228674,
            "book_valuer_per_share": 15.05,
            "book_valuer_per_share_4q_avg": 14.93,
            "equity": 344248,
            "current_ratio": 33.43,
            "debt_ratio": 66.21,
            "inventory_turnover_ratio": null,
            "account_receivable_turnover_ratio": 0.23,
            "reinvestment_rate": 2655.82,
            "research_to_sale_ratio": null,
            "price_fair": 56,
            "eps_avg_yearly": 1.6,
            "eps_latest_yearly": 0.2,
            "eps_growth_yearly": 126.47
        },
        "20221": {
            "year_quarter": 20221,
            "year": 2022,
            "quarter": 1,
            "eps": -0.1,
            "eps_growth_year": -140,
            "eps_4q": 0.78,
            "eps_4q_growth_year": -43.86,
            "roe": -0.69,
            "roe_4q": 5.260000000000001,
            "gross_profit": 1930,
            "gross_margin": 60.33,
            "gross_margin_4q_avg": 59.53,
            "net_income": -2384,
            "net_income_4q": null,
            "revenue": 3199,
            "revenue_4q": null,
            "common_shares": 228674,
            "book_valuer_per_share": 15.28,
            "book_valuer_per_share_4q_avg": 15.16,
            "equity": 349481,
            "current_ratio": 32.69,
            "debt_ratio": 65.7,
            "inventory_turnover_ratio": null,
            "account_receivable_turnover_ratio": 0.22,
            "reinvestment_rate": 450.88,
            "research_to_sale_ratio": null,
            "price_fair": 56,
            "eps_avg_yearly": 1.6,
            "eps_latest_yearly": 0.2,
            "eps_growth_yearly": 126.47
        },
        "20222": {
            "year_quarter": 20222,
            "year": 2022,
            "quarter": 2,
            "eps": 2.16,
            "eps_growth_year": 176.92,
            "eps_4q": 2.16,
            "eps_4q_growth_year": 30.97,
            "roe": 13.05,
            "roe_4q": 13.080000000000002,
            "gross_profit": 1929,
            "gross_margin": 60.74,
            "gross_margin_4q_avg": 59.92,
            "net_income": 49409,
            "net_income_4q": null,
            "revenue": 3176,
            "revenue_4q": null,
            "common_shares": 228674,
            "book_valuer_per_share": 17.83,
            "book_valuer_per_share_4q_avg": 15.76,
            "equity": 407771,
            "current_ratio": 33.14,
            "debt_ratio": 62.4,
            "inventory_turnover_ratio": null,
            "account_receivable_turnover_ratio": 0.21,
            "reinvestment_rate": 179.8,
            "research_to_sale_ratio": null,
            "price_fair": 56,
            "eps_avg_yearly": 1.6,
            "eps_latest_yearly": 0.2,
            "eps_growth_yearly": 126.47
        },
        "20223": {
            "year_quarter": 20223,
            "year": 2022,
            "quarter": 3,
            "eps": -0.05,
            "eps_growth_year": -183.33,
            "eps_4q": 1.61,
            "eps_4q_growth_year": 2.53,
            "roe": -2.89,
            "roe_4q": 9.81,
            "gross_profit": 1967,
            "gross_margin": 61.6,
            "gross_margin_4q_avg": 60.44,
            "net_income": -11321,
            "net_income_4q": null,
            "revenue": 3193,
            "revenue_4q": null,
            "common_shares": 228674,
            "book_valuer_per_share": 16.46,
            "book_valuer_per_share_4q_avg": 16.16,
            "equity": 376449,
            "current_ratio": 85.58,
            "debt_ratio": 63.75,
            "inventory_turnover_ratio": null,
            "account_receivable_turnover_ratio": 0.21,
            "reinvestment_rate": -279.33,
            "research_to_sale_ratio": null,
            "price_fair": 56,
            "eps_avg_yearly": 1.6,
            "eps_latest_yearly": 0.2,
            "eps_growth_yearly": 126.47
        },
        "20224": {
            "year_quarter": 20224,
            "year": 2022,
            "quarter": 4,
            "eps": 0.58,
            "eps_growth_year": 1042.59,
            "eps_4q": 2.14,
            "eps_4q_growth_year": 88.86,
            "roe": 3.42,
            "roe_4q": 12.89,
            "gross_profit": -952,
            "gross_margin": -15.42,
            "gross_margin_4q_avg": 41.81,
            "net_income": 13174,
            "net_income_4q": null,
            "revenue": 6174,
            "revenue_4q": null,
            "common_shares": 228674,
            "book_valuer_per_share": 17.19,
            "book_valuer_per_share_4q_avg": 16.69,
            "equity": 392994,
            "current_ratio": 64.67,
            "debt_ratio": 62.91,
            "inventory_turnover_ratio": null,
            "account_receivable_turnover_ratio": 0.37,
            "reinvestment_rate": -382.02,
            "research_to_sale_ratio": null,
            "price_fair": 41.3,
            "eps_avg_yearly": 1.18,
            "eps_latest_yearly": 0.2,
            "eps_growth_yearly": 153.98
        },
        "20231": {
            "year_quarter": 20231,
            "year": 2023,
            "quarter": 1,
            "eps": 0.06,
            "eps_growth_year": null,
            "eps_4q": 2.3,
            "eps_4q_growth_year": 193.87,
            "roe": 0.33,
            "roe_4q": 13.91,
            "gross_profit": 2390,
            "gross_margin": 25.38,
            "gross_margin_4q_avg": 33.08,
            "net_income": 1308,
            "net_income_4q": null,
            "revenue": 9416,
            "revenue_4q": null,
            "common_shares": 228674,
            "book_valuer_per_share": 17.61,
            "book_valuer_per_share_4q_avg": 17.27,
            "equity": 402754,
            "current_ratio": 64.34,
            "debt_ratio": 62.06,
            "inventory_turnover_ratio": null,
            "account_receivable_turnover_ratio": 0.53,
            "reinvestment_rate": -349.1,
            "research_to_sale_ratio": null,
            "price_fair": 36.6,
            "eps_avg_yearly": 1.05,
            "eps_latest_yearly": 0.24,
            "eps_growth_yearly": 80.75
        },
        "20232": {
            "year_quarter": 20232,
            "year": 2023,
            "quarter": 2,
            "eps": -0.67,
            "eps_growth_year": -131.02,
            "eps_4q": -0.54,
            "eps_4q_growth_year": -124.79,
            "roe": -3.85,
            "roe_4q": -2.99,
            "gross_profit": 1542,
            "gross_margin": 15.46,
            "gross_margin_4q_avg": 21.76,
            "net_income": -15429,
            "net_income_4q": null,
            "revenue": 9973,
            "revenue_4q": null,
            "common_shares": 228674,
            "book_valuer_per_share": 17.4,
            "book_valuer_per_share_4q_avg": 17.17,
            "equity": 397819,
            "current_ratio": 60.63,
            "debt_ratio": 62.29,
            "inventory_turnover_ratio": null,
            "account_receivable_turnover_ratio": 0.57,
            "reinvestment_rate": -1448.91,
            "research_to_sale_ratio": null,
            "price_fair": 36.6,
            "eps_avg_yearly": 1.05,
            "eps_latest_yearly": 0.24,
            "eps_growth_yearly": 80.75
        },
        "20233": {
            "year_quarter": 20233,
            "year": 2023,
            "quarter": 3,
            "eps": -0.1,
            "eps_growth_year": null,
            "eps_4q": -0.15,
            "eps_4q_growth_year": -109.01,
            "roe": -0.6,
            "roe_4q": -0.7000000000000002,
            "gross_profit": 6234,
            "gross_margin": 44.48,
            "gross_margin_4q_avg": 17.48,
            "net_income": -2373,
            "net_income_4q": null,
            "revenue": 14014,
            "revenue_4q": null,
            "common_shares": 228674,
            "book_valuer_per_share": 17.03,
            "book_valuer_per_share_4q_avg": 17.31,
            "equity": 389484,
            "current_ratio": 71.16,
            "debt_ratio": 62.22,
            "inventory_turnover_ratio": null,
            "account_receivable_turnover_ratio": 0.8,
            "reinvestment_rate": -695.21,
            "research_to_sale_ratio": null,
            "price_fair": 36.6,
            "eps_avg_yearly": 1.05,
            "eps_latest_yearly": 0.24,
            "eps_growth_yearly": 80.75
        },
        "20234": {
            "year_quarter": 20234,
            "year": 2023,
            "quarter": 4,
            "eps": 0.27,
            "eps_growth_year": -53.21,
            "eps_4q": -0.45,
            "eps_4q_growth_year": -121.13,
            "roe": 1.57,
            "roe_4q": -2.55,
            "gross_profit": 1903,
            "gross_margin": 15.21,
            "gross_margin_4q_avg": 25.13,
            "net_income": 6164,
            "net_income_4q": null,
            "revenue": 12510,
            "revenue_4q": null,
            "common_shares": 228674,
            "book_valuer_per_share": 17.35,
            "book_valuer_per_share_4q_avg": 17.35,
            "equity": 396661,
            "current_ratio": 57.65,
            "debt_ratio": 59.25,
            "inventory_turnover_ratio": null,
            "account_receivable_turnover_ratio": 0.68,
            "reinvestment_rate": -148.7,
            "research_to_sale_ratio": null,
            "price_fair": 36.6,
            "eps_avg_yearly": 1.05,
            "eps_latest_yearly": 0.24,
            "eps_growth_yearly": 80.75
        }
    },
    "months": {
        "2003-05": {
            "month": "2003-05",
            "price": "32.60",
            "revenue": 28090
        },
        "2003-06": {
            "month": "2003-06",
            "price": "25.81",
            "revenue": 37887
        },
        "2003-07": {
            "month": "2003-07",
            "price": "26.44",
            "revenue": 43006
        },
        "2003-08": {
            "month": "2003-08",
            "price": "22.53",
            "revenue": 59007
        },
        "2003-09": {
            "month": "2003-09",
            "price": "17.00",
            "revenue": 62150
        },
        "2003-10": {
            "month": "2003-10",
            "price": "15.50",
            "revenue": 32173
        },
        "2003-11": {
            "month": "2003-11",
            "price": "13.70",
            "revenue": 33916
        },
        "2003-12": {
            "month": "2003-12",
            "price": "14.30",
            "revenue": 40500
        },
        "2004-01": {
            "month": "2004-01",
            "price": "14.39",
            "revenue": 55153
        },
        "2004-02": {
            "month": "2004-02",
            "price": "16.18",
            "revenue": 51810
        },
        "2004-03": {
            "month": "2004-03",
            "price": "16.49",
            "revenue": 34163
        },
        "2004-04": {
            "month": "2004-04",
            "price": "18.19",
            "revenue": 23060
        },
        "2004-05": {
            "month": "2004-05",
            "price": "16.10",
            "revenue": 22922
        },
        "2004-06": {
            "month": "2004-06",
            "price": "16.63",
            "revenue": 44534
        },
        "2004-07": {
            "month": "2004-07",
            "price": "16.82",
            "revenue": 66290
        },
        "2004-08": {
            "month": "2004-08",
            "price": "16.52",
            "revenue": 53141
        },
        "2004-09": {
            "month": "2004-09",
            "price": "13.00",
            "revenue": 54412
        },
        "2004-10": {
            "month": "2004-10",
            "price": "10.93",
            "revenue": 32910
        },
        "2004-11": {
            "month": "2004-11",
            "price": "8.68",
            "revenue": 35182
        },
        "2004-12": {
            "month": "2004-12",
            "price": "7.94",
            "revenue": 55073
        },
        "2005-01": {
            "month": "2005-01",
            "price": "7.29",
            "revenue": 54575
        },
        "2005-02": {
            "month": "2005-02",
            "price": "8.01",
            "revenue": 42666
        },
        "2005-03": {
            "month": "2005-03",
            "price": "7.28",
            "revenue": 49934
        },
        "2005-04": {
            "month": "2005-04",
            "price": "5.45",
            "revenue": 33898
        },
        "2005-05": {
            "month": "2005-05",
            "price": "4.89",
            "revenue": 54433
        },
        "2005-06": {
            "month": "2005-06",
            "price": "4.88",
            "revenue": 40051
        },
        "2005-07": {
            "month": "2005-07",
            "price": "5.54",
            "revenue": 43301
        },
        "2005-08": {
            "month": "2005-08",
            "price": "4.77",
            "revenue": 68657
        },
        "2005-09": {
            "month": "2005-09",
            "price": "4.25",
            "revenue": 57357
        },
        "2005-10": {
            "month": "2005-10",
            "price": "3.70",
            "revenue": 42959
        },
        "2005-11": {
            "month": "2005-11",
            "price": "3.34",
            "revenue": 36614
        },
        "2005-12": {
            "month": "2005-12",
            "price": "3.66",
            "revenue": 49492
        },
        "2006-01": {
            "month": "2006-01",
            "price": "3.80",
            "revenue": 49546
        },
        "2006-02": {
            "month": "2006-02",
            "price": "3.55",
            "revenue": 40658
        },
        "2006-03": {
            "month": "2006-03",
            "price": "3.13",
            "revenue": 45313
        },
        "2006-04": {
            "month": "2006-04",
            "price": "3.42",
            "revenue": 31085
        },
        "2006-05": {
            "month": "2006-05",
            "price": "3.82",
            "revenue": 27662
        },
        "2006-06": {
            "month": "2006-06",
            "price": "3.36",
            "revenue": 43542
        },
        "2006-07": {
            "month": "2006-07",
            "price": "3.00",
            "revenue": 47725
        },
        "2006-08": {
            "month": "2006-08",
            "price": "2.69",
            "revenue": 59940
        },
        "2006-09": {
            "month": "2006-09",
            "price": "2.33",
            "revenue": 47525
        },
        "2006-10": {
            "month": "2006-10",
            "price": "2.42",
            "revenue": 28531
        },
        "2006-11": {
            "month": "2006-11",
            "price": "2.08",
            "revenue": 32046
        },
        "2006-12": {
            "month": "2006-12",
            "price": "2.43",
            "revenue": 41783
        },
        "2007-01": {
            "month": "2007-01",
            "price": "3.13",
            "revenue": 45948
        },
        "2007-02": {
            "month": "2007-02",
            "price": "6.21",
            "revenue": 32558
        },
        "2007-03": {
            "month": "2007-03",
            "price": "13.79",
            "revenue": 34823
        },
        "2007-04": {
            "month": "2007-04",
            "price": "12.58",
            "revenue": 29262
        },
        "2007-05": {
            "month": "2007-05",
            "price": "13.29",
            "revenue": 28914
        },
        "2007-06": {
            "month": "2007-06",
            "price": "12.50",
            "revenue": 40683
        },
        "2007-07": {
            "month": "2007-07",
            "price": "11.57",
            "revenue": 49114
        },
        "2007-08": {
            "month": "2007-08",
            "price": "11.74",
            "revenue": 53772
        },
        "2007-09": {
            "month": "2007-09",
            "price": "12.18",
            "revenue": 44003
        },
        "2007-10": {
            "month": "2007-10",
            "price": "12.44",
            "revenue": 34760
        },
        "2007-11": {
            "month": "2007-11",
            "price": "10.89",
            "revenue": 23245
        },
        "2007-12": {
            "month": "2007-12",
            "price": "8.05",
            "revenue": 23594
        },
        "2008-01": {
            "month": "2008-01",
            "price": "5.38",
            "revenue": 41077
        },
        "2008-02": {
            "month": "2008-02",
            "price": "4.65",
            "revenue": 30353
        },
        "2008-03": {
            "month": "2008-03",
            "price": "4.46",
            "revenue": 33062
        },
        "2008-04": {
            "month": "2008-04",
            "price": "4.20",
            "revenue": 25123
        },
        "2008-05": {
            "month": "2008-05",
            "price": "4.10",
            "revenue": 26534
        },
        "2008-06": {
            "month": "2008-06",
            "price": "4.38",
            "revenue": 36979
        },
        "2008-07": {
            "month": "2008-07",
            "price": "4.14",
            "revenue": 41540
        },
        "2008-08": {
            "month": "2008-08",
            "price": "4.00",
            "revenue": 46458
        },
        "2008-09": {
            "month": "2008-09",
            "price": "3.46",
            "revenue": 49094
        },
        "2008-10": {
            "month": "2008-10",
            "price": "3.08",
            "revenue": 22867
        },
        "2008-11": {
            "month": "2008-11",
            "price": "3.49",
            "revenue": 29882
        },
        "2008-12": {
            "month": "2008-12",
            "price": "2.85",
            "revenue": 24998
        },
        "2009-01": {
            "month": "2009-01",
            "price": "2.67",
            "revenue": 31538
        },
        "2009-02": {
            "month": "2009-02",
            "price": "2.65",
            "revenue": 32222
        },
        "2009-03": {
            "month": "2009-03",
            "price": "3.10",
            "revenue": 27786
        },
        "2009-04": {
            "month": "2009-04",
            "price": "2.52",
            "revenue": 20563
        },
        "2009-05": {
            "month": "2009-05",
            "price": "2.64",
            "revenue": 17308
        },
        "2009-06": {
            "month": "2009-06",
            "price": "2.28",
            "revenue": 35963
        },
        "2009-07": {
            "month": "2009-07",
            "price": "2.53",
            "revenue": 30391
        },
        "2009-08": {
            "month": "2009-08",
            "price": "2.07",
            "revenue": 37650
        },
        "2009-09": {
            "month": "2009-09",
            "price": "1.78",
            "revenue": 42564
        },
        "2009-10": {
            "month": "2009-10",
            "price": "2.24",
            "revenue": 37854
        },
        "2009-11": {
            "month": "2009-11",
            "price": "2.85",
            "revenue": 36786
        },
        "2009-12": {
            "month": "2009-12",
            "price": "1.92",
            "revenue": 70209
        },
        "2010-01": {
            "month": "2010-01",
            "price": "2.59",
            "revenue": 35300
        },
        "2010-02": {
            "month": "2010-02",
            "price": "2.36",
            "revenue": 26436
        },
        "2010-03": {
            "month": "2010-03",
            "price": "2.11",
            "revenue": 29818
        },
        "2010-04": {
            "month": "2010-04",
            "price": "2.15",
            "revenue": 20151
        },
        "2010-05": {
            "month": "2010-05",
            "price": "1.56",
            "revenue": 26343
        },
        "2010-06": {
            "month": "2010-06",
            "price": "1.49",
            "revenue": 29419
        },
        "2010-07": {
            "month": "2010-07",
            "price": "1.49",
            "revenue": 38207
        },
        "2010-08": {
            "month": "2010-08",
            "price": "1.39",
            "revenue": 51761
        },
        "2010-09": {
            "month": "2010-09",
            "price": "1.16",
            "revenue": 39825
        },
        "2010-10": {
            "month": "2010-10",
            "price": "1.27",
            "revenue": 25438
        },
        "2010-11": {
            "month": "2010-11",
            "price": "2.36",
            "revenue": 33628
        },
        "2010-12": {
            "month": "2010-12",
            "price": "2.02",
            "revenue": 34783
        },
        "2011-01": {
            "month": "2011-01",
            "price": "2.44",
            "revenue": 68422
        },
        "2011-02": {
            "month": "2011-02",
            "price": "30.50",
            "revenue": 32214
        },
        "2011-03": {
            "month": "2011-03",
            "price": "49.37",
            "revenue": 27983
        },
        "2011-04": {
            "month": "2011-04",
            "price": "39.23",
            "revenue": 23036
        },
        "2011-05": {
            "month": "2011-05",
            "price": "28.21",
            "revenue": 31839
        },
        "2011-06": {
            "month": "2011-06",
            "price": "29.59",
            "revenue": 36964
        },
        "2011-07": {
            "month": "2011-07",
            "price": "26.83",
            "revenue": 43155
        },
        "2011-08": {
            "month": "2011-08",
            "price": "26.92",
            "revenue": 54344
        },
        "2011-09": {
            "month": "2011-09",
            "price": "14.34",
            "revenue": 36752
        },
        "2011-10": {
            "month": "2011-10",
            "price": "8.66",
            "revenue": 30637
        },
        "2011-11": {
            "month": "2011-11",
            "price": "9.88",
            "revenue": 32805
        },
        "2011-12": {
            "month": "2011-12",
            "price": "7.58",
            "revenue": 33253
        },
        "2012-01": {
            "month": "2012-01",
            "price": "7.42",
            "revenue": 30777
        },
        "2012-02": {
            "month": "2012-02",
            "price": "13.62",
            "revenue": 26128
        },
        "2012-03": {
            "month": "2012-03",
            "price": "21.71",
            "revenue": 20703
        },
        "2012-04": {
            "month": "2012-04",
            "price": "12.68",
            "revenue": 23044
        },
        "2012-05": {
            "month": "2012-05",
            "price": "5.80",
            "revenue": 23213
        },
        "2012-06": {
            "month": "2012-06",
            "price": "7.09",
            "revenue": 22846
        },
        "2012-07": {
            "month": "2012-07",
            "price": "6.14",
            "revenue": 36372
        },
        "2012-09": {
            "month": "2012-09",
            "price": "13.60",
            "revenue": 27659
        },
        "2012-10": {
            "month": "2012-10",
            "price": "18.51",
            "revenue": 19256
        },
        "2012-11": {
            "month": "2012-11",
            "price": "18.62",
            "revenue": 27465
        },
        "2012-12": {
            "month": "2012-12",
            "price": "19.15",
            "revenue": 40012
        },
        "2013-04": {
            "month": "2013-04",
            "price": "14.05",
            "revenue": 24362
        },
        "2013-05": {
            "month": "2013-05",
            "price": "11.24",
            "revenue": 25454
        },
        "2013-07": {
            "month": "2013-07",
            "price": "11.85",
            "revenue": 31834
        },
        "2013-08": {
            "month": "2013-08",
            "price": "17.78",
            "revenue": 42829
        },
        "2013-11": {
            "month": "2013-11",
            "price": "14.43",
            "revenue": 28215
        },
        "2013-12": {
            "month": "2013-12",
            "price": "10.69",
            "revenue": 30001
        },
        "2014-01": {
            "month": "2014-01",
            "price": "10.34",
            "revenue": 32619
        },
        "2014-02": {
            "month": "2014-02",
            "price": "10.60",
            "revenue": 20972
        },
        "2014-03": {
            "month": "2014-03",
            "price": "11.92",
            "revenue": 25757
        },
        "2014-04": {
            "month": "2014-04",
            "price": "13.85",
            "revenue": 19406
        },
        "2014-05": {
            "month": "2014-05",
            "price": "16.49",
            "revenue": 19669
        },
        "2014-06": {
            "month": "2014-06",
            "price": "15.98",
            "revenue": 41901
        },
        "2014-07": {
            "month": "2014-07",
            "price": "16.24",
            "revenue": 27745
        },
        "2014-08": {
            "month": "2014-08",
            "price": "17.73",
            "revenue": 38459
        },
        "2014-09": {
            "month": "2014-09",
            "price": "17.25",
            "revenue": 23975
        },
        "2015-01": {
            "month": "2015-01",
            "price": "59.43",
            "revenue": 20628
        },
        "2015-02": {
            "month": "2015-02",
            "price": "53.85",
            "revenue": 12692
        },
        "2015-04": {
            "month": "2015-04",
            "price": "46.53",
            "revenue": 13530
        },
        "2015-05": {
            "month": "2015-05",
            "price": "32.32",
            "revenue": 11811
        },
        "2015-06": {
            "month": "2015-06",
            "price": "21.83",
            "revenue": 19191
        },
        "2015-07": {
            "month": "2015-07",
            "price": "25.14",
            "revenue": 29161
        },
        "2015-11": {
            "month": "2015-11",
            "price": "31.90",
            "revenue": 17333
        },
        "2015-12": {
            "month": "2015-12",
            "price": "30.00",
            "revenue": 36970
        },
        "2016-03": {
            "month": "2016-03",
            "price": "27.30",
            "revenue": 12085
        },
        "2016-11": {
            "month": "2016-11",
            "price": "26.71",
            "revenue": 22222
        },
        "2016-12": {
            "month": "2016-12",
            "price": "39.49",
            "revenue": 18747
        },
        "2017-01": {
            "month": "2017-01",
            "price": "29.52",
            "revenue": 18563
        },
        "2017-02": {
            "month": "2017-02",
            "price": "32.88",
            "revenue": 9100
        },
        "2017-03": {
            "month": "2017-03",
            "price": "42.76",
            "revenue": 11724
        },
        "2017-04": {
            "month": "2017-04",
            "price": "43.24",
            "revenue": 12261
        },
        "2017-05": {
            "month": "2017-05",
            "price": "41.39",
            "revenue": 13873
        },
        "2017-06": {
            "month": "2017-06",
            "price": "39.76",
            "revenue": 11228
        },
        "2017-07": {
            "month": "2017-07",
            "price": "34.71",
            "revenue": 14152
        },
        "2017-08": {
            "month": "2017-08",
            "price": "32.87",
            "revenue": 28201
        },
        "2017-09": {
            "month": "2017-09",
            "price": "32.19",
            "revenue": 16043
        },
        "2017-10": {
            "month": "2017-10",
            "price": "31.27",
            "revenue": 8785
        },
        "2017-11": {
            "month": "2017-11",
            "price": "27.43",
            "revenue": 20426
        },
        "2017-12": {
            "month": "2017-12",
            "price": "26.24",
            "revenue": 14765
        },
        "2018-01": {
            "month": "2018-01",
            "price": "25.57",
            "revenue": 4928
        },
        "2018-02": {
            "month": "2018-02",
            "price": "34.95",
            "revenue": 4979
        },
        "2018-03": {
            "month": "2018-03",
            "price": "66.64",
            "revenue": 4040
        },
        "2018-04": {
            "month": "2018-04",
            "price": "74.92",
            "revenue": 2338
        },
        "2018-05": {
            "month": "2018-05",
            "price": "71.95",
            "revenue": 2421
        },
        "2018-06": {
            "month": "2018-06",
            "price": "69.36",
            "revenue": 3726
        },
        "2018-07": {
            "month": "2018-07",
            "price": "59.96",
            "revenue": 3942
        },
        "2018-08": {
            "month": "2018-08",
            "price": "29.36",
            "revenue": 5879
        },
        "2018-09": {
            "month": "2018-09",
            "price": "23.33",
            "revenue": 2056
        },
        "2018-10": {
            "month": "2018-10",
            "price": "17.10",
            "revenue": 1750
        },
        "2018-11": {
            "month": "2018-11",
            "price": "18.98",
            "revenue": 1210
        },
        "2018-12": {
            "month": "2018-12",
            "price": "30.30",
            "revenue": 1053
        },
        "2019-01": {
            "month": "2019-01",
            "price": "32.81",
            "revenue": 2947
        },
        "2019-02": {
            "month": "2019-02",
            "price": "31.89",
            "revenue": 2883
        },
        "2019-03": {
            "month": "2019-03",
            "price": "27.18",
            "revenue": 3090
        },
        "2019-04": {
            "month": "2019-04",
            "price": "27.38",
            "revenue": 2371
        },
        "2019-05": {
            "month": "2019-05",
            "price": "18.78",
            "revenue": 1275
        },
        "2019-06": {
            "month": "2019-06",
            "price": "19.91",
            "revenue": 2053
        },
        "2019-07": {
            "month": "2019-07",
            "price": "18.90",
            "revenue": 2045
        },
        "2019-08": {
            "month": "2019-08",
            "price": "17.89",
            "revenue": 4026
        },
        "2019-09": {
            "month": "2019-09",
            "price": "18.42",
            "revenue": 1951
        },
        "2019-10": {
            "month": "2019-10",
            "price": "17.14",
            "revenue": 1382
        },
        "2019-11": {
            "month": "2019-11",
            "price": "15.60",
            "revenue": 3005
        },
        "2019-12": {
            "month": "2019-12",
            "price": "15.54",
            "revenue": 1763
        },
        "2020-01": {
            "month": "2020-01",
            "price": "15.99",
            "revenue": 1118
        },
        "2020-02": {
            "month": "2020-02",
            "price": "15.98",
            "revenue": 1113
        },
        "2020-03": {
            "month": "2020-03",
            "price": "13.25",
            "revenue": 1167
        },
        "2020-04": {
            "month": "2020-04",
            "price": "12.52",
            "revenue": 1127
        },
        "2020-05": {
            "month": "2020-05",
            "price": "12.59",
            "revenue": 1126
        },
        "2020-06": {
            "month": "2020-06",
            "price": "13.86",
            "revenue": 1123
        },
        "2020-07": {
            "month": "2020-07",
            "price": "13.92",
            "revenue": 1121
        },
        "2020-08": {
            "month": "2020-08",
            "price": "13.10",
            "revenue": 1117
        },
        "2020-09": {
            "month": "2020-09",
            "price": "13.33",
            "revenue": 1123
        },
        "2020-10": {
            "month": "2020-10",
            "price": "13.29",
            "revenue": 1116
        },
        "2020-11": {
            "month": "2020-11",
            "price": "12.86",
            "revenue": 1112
        },
        "2020-12": {
            "month": "2020-12",
            "price": "14.90",
            "revenue": 1163
        },
        "2021-01": {
            "month": "2021-01",
            "price": "13.82",
            "revenue": 1118
        },
        "2021-02": {
            "month": "2021-02",
            "price": "13.83",
            "revenue": 1105
        },
        "2021-03": {
            "month": "2021-03",
            "price": "14.25",
            "revenue": 1103
        },
        "2021-04": {
            "month": "2021-04",
            "price": "17.48",
            "revenue": 1099
        },
        "2021-05": {
            "month": "2021-05",
            "price": "16.16",
            "revenue": 1095
        },
        "2021-06": {
            "month": "2021-06",
            "price": "15.65",
            "revenue": 1093
        },
        "2021-07": {
            "month": "2021-07",
            "price": "14.71",
            "revenue": 1084
        },
        "2021-08": {
            "month": "2021-08",
            "price": "14.39",
            "revenue": 1081
        },
        "2021-09": {
            "month": "2021-09",
            "price": "14.69",
            "revenue": 1078
        },
        "2021-10": {
            "month": "2021-10",
            "price": "14.31",
            "revenue": 1075
        },
        "2021-11": {
            "month": "2021-11",
            "price": "14.59",
            "revenue": 1072
        },
        "2021-12": {
            "month": "2021-12",
            "price": "16.77",
            "revenue": 1069
        },
        "2022-01": {
            "month": "2022-01",
            "price": "16.83",
            "revenue": 1076
        },
        "2022-02": {
            "month": "2022-02",
            "price": "16.72",
            "revenue": 1063
        },
        "2022-03": {
            "month": "2022-03",
            "price": "20.13",
            "revenue": 1061
        },
        "2022-04": {
            "month": "2022-04",
            "price": "24.23",
            "revenue": 1057
        },
        "2022-05": {
            "month": "2022-05",
            "price": "21.35",
            "revenue": 1053
        },
        "2022-06": {
            "month": "2022-06",
            "price": "20.77",
            "revenue": 1064
        },
        "2022-07": {
            "month": "2022-07",
            "price": "19.95",
            "revenue": 1061
        },
        "2022-08": {
            "month": "2022-08",
            "price": "23.20",
            "revenue": 1068
        },
        "2022-09": {
            "month": "2022-09",
            "price": "22.16",
            "revenue": 1065
        },
        "2022-10": {
            "month": "2022-10",
            "price": "18.30",
            "revenue": 1061
        },
        "2022-11": {
            "month": "2022-11",
            "price": "17.62",
            "revenue": 1058
        },
        "2022-12": {
            "month": "2022-12",
            "price": "18.05",
            "revenue": 4055
        },
        "2023-01": {
            "month": "2023-01",
            "price": "18.29",
            "revenue": 3154
        },
        "2023-02": {
            "month": "2023-02",
            "price": "18.67",
            "revenue": 3133
        },
        "2023-03": {
            "month": "2023-03",
            "price": "21.41",
            "revenue": 3130
        },
        "2023-04": {
            "month": "2023-04",
            "price": "24.28",
            "revenue": 3634
        },
        "2023-05": {
            "month": "2023-05",
            "price": "22.95",
            "revenue": 3131
        },
        "2023-06": {
            "month": "2023-06",
            "price": "23.83",
            "revenue": 3207
        },
        "2023-07": {
            "month": "2023-07",
            "price": "22.50",
            "revenue": 7375
        },
        "2023-08": {
            "month": "2023-08",
            "price": "21.98",
            "revenue": 3466
        },
        "2023-09": {
            "month": "2023-09",
            "price": "20.61",
            "revenue": 3173
        },
        "2023-10": {
            "month": "2023-10",
            "price": "19.24",
            "revenue": 5689
        },
        "2023-11": {
            "month": "2023-11",
            "price": "19.51",
            "revenue": 3447
        },
        "2023-12": {
            "month": "2023-12",
            "price": "19.80",
            "revenue": 3374
        },
        "2024-01": {
            "month": "2024-01",
            "price": "21.66",
            "revenue": 3278
        },
        "2024-02": {
            "month": "2024-02",
            "price": "22.32",
            "revenue": 4978
        }
    }
}
