{
    "summary": {
        "stock_name": "易通展",
        "stock_id": "6241",
        "category": "通信網路",
        "main_business": "通訊產品製造及買賣",
        "website_url": "http://www.amigo.com.tw",
        "ceo": "黃士珍",
        "pe_ratio": -10,
        "report_year_from": 2001,
        "report_year_to": 2023,
        "age": 23,
        "eps_negative_percentage": 57,
        "eps_growth_avg": {
            "last_all": -40.87,
            "last_2y": -100,
            "last_4y": 0,
            "last_8y": -33.33,
            "last_12y": -37.85,
            "last_16y": -46,
            "last_20y": -52,
            "at_2006_last_3y": -100,
            "at_2007_last_3y": null,
            "at_2008_last_3y": -100,
            "at_2009_last_3y": -100,
            "at_2010_last_3y": -70.45,
            "at_2011_last_3y": -80.3,
            "at_2012_last_3y": -70.45,
            "at_2013_last_3y": -70.74,
            "at_2014_last_3y": -42.36,
            "at_2015_last_3y": -42.36,
            "at_2016_last_3y": -42.36,
            "at_2017_last_3y": -27.88,
            "at_2018_last_3y": -100,
            "at_2019_last_3y": null,
            "at_2020_last_3y": 100,
            "at_2021_last_3y": 0,
            "at_2022_last_3y": 0,
            "at_2023_last_3y": 0,
            "at_2024_last_3y": 0,
            "at_2006_last_all": -20.38,
            "at_2007_last_all": -20.38,
            "at_2008_last_all": -46.92,
            "at_2009_last_all": -46.92,
            "at_2010_last_all": -45.42,
            "at_2011_last_all": -56.33,
            "at_2012_last_all": -56.33,
            "at_2013_last_all": -58.83,
            "at_2014_last_all": -44.11,
            "at_2015_last_all": -51.09,
            "at_2016_last_all": -51.09,
            "at_2017_last_all": -51.09,
            "at_2018_last_all": -51.09,
            "at_2019_last_all": -51.09,
            "at_2020_last_all": -34.3,
            "at_2021_last_all": -40.87,
            "at_2022_last_all": -40.87,
            "at_2023_last_all": -40.87,
            "at_2024_last_all": -40.87
        },
        "latest_eps": -1.39,
        "latest_price": 13.3,
        "latest_roe": -24.16,
        "latest_gross_margin": 11.56,
        "latest_equity": 341822,
        "latest_revenue": 173137,
        "latest_gross_profit": 20017,
        "latest_net_income": -15923,
        "latest_debt_ratio": 29.34,
        "latest_current_ratio": 313.05,
        "latest_account_receivable_turnover_ratio": 0.85,
        "latest_inventory_turnover_ratio": 1.23,
        "latest_reinvestment_rate": null,
        "latest_research_to_sale_ratio": 17.77
    },
    "eps_dividends": {
        "2001": {
            "cash": 0,
            "stock": 0,
            "eps": 1.84
        },
        "2002": {
            "cash": 0,
            "stock": 2.2,
            "eps": 2.93
        },
        "2003": {
            "cash": 0,
            "stock": 0,
            "eps": -3.33
        },
        "2004": {
            "cash": 0,
            "stock": 0,
            "eps": -7.19
        },
        "2005": {
            "cash": 0,
            "stock": 0,
            "eps": -3.75
        },
        "2006": {
            "cash": 0,
            "stock": 0,
            "eps": -5.88
        },
        "2007": {
            "cash": 0,
            "stock": 0,
            "eps": 0.2
        },
        "2008": {
            "cash": 0,
            "stock": 0,
            "eps": -1
        },
        "2009": {
            "cash": 0,
            "stock": 0,
            "eps": 1.1
        },
        "2010": {
            "cash": 0,
            "stock": 0,
            "eps": 0.65
        },
        "2011": {
            "cash": 0,
            "stock": 0,
            "eps": -0.2
        },
        "2012": {
            "cash": 0,
            "stock": 0,
            "eps": 3.94
        },
        "2013": {
            "cash": 1.6,
            "stock": 0,
            "eps": 1.13
        },
        "2014": {
            "cash": 1.5,
            "stock": 0,
            "eps": 1.63
        },
        "2015": {
            "cash": 1.8,
            "stock": 0,
            "eps": -0.9
        },
        "2016": {
            "cash": 0,
            "stock": 0,
            "eps": -0.69
        },
        "2017": {
            "cash": 0,
            "stock": 0,
            "eps": -1.64
        },
        "2018": {
            "cash": 0,
            "stock": 0,
            "eps": -1.24
        },
        "2019": {
            "cash": 0,
            "stock": 0,
            "eps": 0.02
        },
        "2020": {
            "cash": 0,
            "stock": 0,
            "eps": 0.54
        },
        "2021": {
            "cash": 0,
            "stock": 0,
            "eps": -3.21
        },
        "2022": {
            "cash": 0,
            "stock": 0,
            "eps": -1.37
        },
        "2023": {
            "cash": 0,
            "stock": 0,
            "eps": -1.12
        }
    },
    "dividends": {
        "2002-06-28": {
            "cash": 0,
            "stock": 2.2
        },
        "2013-06-20": {
            "cash": 1.6,
            "stock": 0
        },
        "2014-06-13": {
            "cash": 1.5,
            "stock": 0
        },
        "2015-07-29": {
            "cash": 1.8,
            "stock": 0
        }
    },
    "prices": {
        "200101": "無",
        "200102": "無",
        "200103": "無",
        "200104": "無",
        "200105": "無",
        "200106": "無",
        "200107": "無",
        "200108": "無",
        "200109": "無",
        "200110": "無",
        "200111": "無",
        "200112": "無",
        "200201": "無",
        "200202": "無",
        "200203": "無",
        "200204": "無",
        "200205": "無",
        "200206": "無",
        "200207": "無",
        "200208": "無",
        "200209": "無",
        "200210": "無",
        "200211": "無",
        "200212": "無",
        "200301": "無",
        "200302": "無",
        "200303": "無",
        "200304": "28.24",
        "200305": "24.82",
        "200306": "26.92",
        "200307": "26.53",
        "200308": "18.27",
        "200309": "10.61",
        "200310": "10.58",
        "200311": "11.71",
        "200312": "13.28",
        "200401": "12.55",
        "200402": "12.32",
        "200403": "12.43",
        "200404": "12.84",
        "200405": "11.26",
        "200406": "10.08",
        "200407": "8.95",
        "200408": "6.04",
        "200409": "6.42",
        "200410": "6.15",
        "200411": "4.38",
        "200412": "3.54",
        "200501": "3.66",
        "200502": "3.39",
        "200503": "4.62",
        "200504": "4.12",
        "200505": "2.33",
        "200506": "1.89",
        "200507": "1.72",
        "200508": "2.06",
        "200509": "1.93",
        "200510": "1.98",
        "200511": "1.40",
        "200512": "1.54",
        "200601": "1.34",
        "200602": "0.84",
        "200603": "2.78",
        "200604": "2.78",
        "200605": "3.02",
        "200606": "5.78",
        "200607": "4.48",
        "200608": "2.62",
        "200609": "4.44",
        "200610": "5.58",
        "200611": "5.50",
        "200612": "5.26",
        "200701": "5.15",
        "200702": "5.00",
        "200703": "4.41",
        "200704": "5.44",
        "200705": "8.53",
        "200706": "8.40",
        "200707": "7.33",
        "200708": "8.10",
        "200709": "6.99",
        "200710": "7.28",
        "200711": "7.89",
        "200712": "6.54",
        "200801": "6.87",
        "200802": "29.63",
        "200803": "25.00",
        "200804": "無",
        "200805": "無",
        "200806": "無",
        "200807": "無",
        "200808": "無",
        "200809": "19.70",
        "200810": "19.95",
        "200811": "20.20",
        "200812": "19.95",
        "200901": "無",
        "200902": "12.87",
        "200903": "10.71",
        "200904": "11.95",
        "200905": "10.31",
        "200906": "9.82",
        "200907": "13.94",
        "200908": "17.66",
        "200909": "18.24",
        "200910": "19.90",
        "200911": "19.92",
        "200912": "21.21",
        "201001": "22.66",
        "201002": "21.22",
        "201003": "20.65",
        "201004": "22.09",
        "201005": "21.52",
        "201006": "20.82",
        "201007": "20.30",
        "201008": "19.60",
        "201009": "18.86",
        "201010": "18.04",
        "201011": "17.70",
        "201012": "17.78",
        "201101": "17.30",
        "201102": "17.75",
        "201103": "16.38",
        "201104": "16.04",
        "201105": "15.68",
        "201106": "15.97",
        "201107": "15.80",
        "201108": "14.92",
        "201109": "13.13",
        "201110": "12.93",
        "201111": "14.52",
        "201112": "20.24",
        "201201": "21.62",
        "201202": "27.94",
        "201203": "41.96",
        "201204": "45.26",
        "201205": "48.45",
        "201206": "45.95",
        "201207": "45.14",
        "201208": "45.11",
        "201209": "44.96",
        "201210": "43.00",
        "201211": "39.32",
        "201212": "37.25",
        "201301": "35.73",
        "201302": "42.05",
        "201303": "40.30",
        "201304": "35.52",
        "201305": "31.73",
        "201306": "26.66",
        "201307": "22.08",
        "201308": "20.59",
        "201309": "21.23",
        "201310": "22.50",
        "201311": "23.05",
        "201312": "22.90",
        "201401": "22.75",
        "201402": "22.66",
        "201403": "23.42",
        "201404": "23.18",
        "201405": "21.33",
        "201406": "21.92",
        "201407": "20.80",
        "201408": "21.60",
        "201409": "21.62",
        "201410": "26.43",
        "201411": "30.78",
        "201412": "27.37",
        "201501": "24.09",
        "201502": "22.45",
        "201503": "22.78",
        "201504": "25.28",
        "201505": "22.68",
        "201506": "19.22",
        "201507": "15.48",
        "201508": "12.65",
        "201509": "12.83",
        "201510": "13.32",
        "201511": "14.20",
        "201512": "13.50",
        "201601": "12.94",
        "201602": "12.85",
        "201603": "13.08",
        "201604": "13.27",
        "201605": "12.01",
        "201606": "15.59",
        "201607": "22.69",
        "201608": "18.74",
        "201609": "13.17",
        "201610": "15.24",
        "201611": "14.39",
        "201612": "14.54",
        "201701": "14.98",
        "201702": "15.90",
        "201703": "16.32",
        "201704": "15.15",
        "201705": "15.33",
        "201706": "15.58",
        "201707": "15.35",
        "201708": "13.97",
        "201709": "13.70",
        "201710": "13.46",
        "201711": "13.04",
        "201712": "12.56",
        "201801": "12.48",
        "201802": "11.75",
        "201803": "12.57",
        "201804": "12.44",
        "201805": "12.07",
        "201806": "12.08",
        "201807": "11.64",
        "201808": "11.60",
        "201809": "10.94",
        "201810": "9.93",
        "201811": "9.53",
        "201812": "10.00",
        "201901": "9.72",
        "201902": "9.35",
        "201903": "9.61",
        "201904": "10.02",
        "201905": "11.48",
        "201906": "13.32",
        "201907": "13.78",
        "201908": "13.96",
        "201909": "12.77",
        "201910": "13.20",
        "201911": "12.01",
        "201912": "11.77",
        "202001": "11.81",
        "202002": "11.27",
        "202003": "10.31",
        "202004": "10.34",
        "202005": "10.27",
        "202006": "11.75",
        "202007": "17.76",
        "202008": "18.24",
        "202009": "17.68",
        "202010": "24.75",
        "202011": "27.78",
        "202012": "29.20",
        "202101": "24.81",
        "202102": "23.96",
        "202103": "26.10",
        "202104": "25.29",
        "202105": "21.07",
        "202106": "19.62",
        "202107": "19.84",
        "202108": "18.90",
        "202109": "22.03",
        "202110": "24.04",
        "202111": "23.34",
        "202112": "22.13",
        "202201": "22.17",
        "202202": "22.41",
        "202203": "29.84",
        "202204": "37.78",
        "202205": "35.93",
        "202206": "28.19",
        "202207": "21.78",
        "202208": "22.62",
        "202209": "18.73",
        "202210": "15.19",
        "202211": "17.11",
        "202212": "16.57",
        "202301": "15.35",
        "202302": "15.23",
        "202303": "14.72",
        "202304": "14.04",
        "202305": "14.79",
        "202306": "14.58",
        "202307": "14.17",
        "202308": "13.21",
        "202309": "12.96",
        "202310": "12.24",
        "202311": "11.92",
        "202312": "13.33"
    },
    "quarters": {
        "20011": {
            "year_quarter": 20011,
            "year": 2001,
            "quarter": 1,
            "eps": null,
            "eps_growth_year": null,
            "eps_4q": null,
            "eps_4q_growth_year": null,
            "roe": null,
            "roe_4q": 0,
            "gross_profit": null,
            "gross_margin": null,
            "gross_margin_4q_avg": 0,
            "net_income": null,
            "net_income_4q": null,
            "revenue": null,
            "revenue_4q": null,
            "common_shares": null,
            "book_valuer_per_share": null,
            "book_valuer_per_share_4q_avg": 0,
            "equity": null,
            "current_ratio": null,
            "debt_ratio": null,
            "inventory_turnover_ratio": null,
            "account_receivable_turnover_ratio": null,
            "reinvestment_rate": null,
            "research_to_sale_ratio": null,
            "price_fair": 0,
            "eps_avg_yearly": 0,
            "eps_latest_yearly": 0,
            "eps_growth_yearly": 0
        },
        "20012": {
            "year_quarter": 20012,
            "year": 2001,
            "quarter": 2,
            "eps": null,
            "eps_growth_year": null,
            "eps_4q": null,
            "eps_4q_growth_year": null,
            "roe": null,
            "roe_4q": 0,
            "gross_profit": null,
            "gross_margin": null,
            "gross_margin_4q_avg": 0,
            "net_income": null,
            "net_income_4q": null,
            "revenue": null,
            "revenue_4q": null,
            "common_shares": null,
            "book_valuer_per_share": null,
            "book_valuer_per_share_4q_avg": 0,
            "equity": null,
            "current_ratio": null,
            "debt_ratio": null,
            "inventory_turnover_ratio": null,
            "account_receivable_turnover_ratio": null,
            "reinvestment_rate": null,
            "research_to_sale_ratio": null,
            "price_fair": 0,
            "eps_avg_yearly": 0,
            "eps_latest_yearly": 0,
            "eps_growth_yearly": 0
        },
        "20013": {
            "year_quarter": 20013,
            "year": 2001,
            "quarter": 3,
            "eps": 0.74,
            "eps_growth_year": null,
            "eps_4q": null,
            "eps_4q_growth_year": null,
            "roe": 3.18,
            "roe_4q": 3.18,
            "gross_profit": 35714,
            "gross_margin": 14.97,
            "gross_margin_4q_avg": 4.99,
            "net_income": 11924,
            "net_income_4q": null,
            "revenue": 238509,
            "revenue_4q": null,
            "common_shares": 195500,
            "book_valuer_per_share": 19.17,
            "book_valuer_per_share_4q_avg": 6.39,
            "equity": 374723,
            "current_ratio": 172.39,
            "debt_ratio": 49.68,
            "inventory_turnover_ratio": 0.81,
            "account_receivable_turnover_ratio": null,
            "reinvestment_rate": null,
            "research_to_sale_ratio": null,
            "price_fair": 0,
            "eps_avg_yearly": 0,
            "eps_latest_yearly": 0,
            "eps_growth_yearly": 0
        },
        "20014": {
            "year_quarter": 20014,
            "year": 2001,
            "quarter": 4,
            "eps": 1.1,
            "eps_growth_year": null,
            "eps_4q": null,
            "eps_4q_growth_year": null,
            "roe": 4.87,
            "roe_4q": 8.05,
            "gross_profit": 23222,
            "gross_margin": 6.24,
            "gross_margin_4q_avg": 5.3,
            "net_income": 18706,
            "net_income_4q": null,
            "revenue": 372424,
            "revenue_4q": null,
            "common_shares": 195500,
            "book_valuer_per_share": 20.09,
            "book_valuer_per_share_4q_avg": 9.82,
            "equity": 392789,
            "current_ratio": 191.29,
            "debt_ratio": 45.45,
            "inventory_turnover_ratio": 1.56,
            "account_receivable_turnover_ratio": null,
            "reinvestment_rate": null,
            "research_to_sale_ratio": null,
            "price_fair": 0,
            "eps_avg_yearly": 0,
            "eps_latest_yearly": 0,
            "eps_growth_yearly": 0
        },
        "20021": {
            "year_quarter": 20021,
            "year": 2002,
            "quarter": 1,
            "eps": 0.7,
            "eps_growth_year": null,
            "eps_4q": null,
            "eps_4q_growth_year": null,
            "roe": 3.44,
            "roe_4q": 11.49,
            "gross_profit": 53764,
            "gross_margin": 15.56,
            "gross_margin_4q_avg": 9.19,
            "net_income": 13759,
            "net_income_4q": null,
            "revenue": 345474,
            "revenue_4q": null,
            "common_shares": 195500,
            "book_valuer_per_share": 20.8,
            "book_valuer_per_share_4q_avg": 15.02,
            "equity": 406548,
            "current_ratio": 139.57,
            "debt_ratio": 58.53,
            "inventory_turnover_ratio": 1.22,
            "account_receivable_turnover_ratio": null,
            "reinvestment_rate": null,
            "research_to_sale_ratio": null,
            "price_fair": 8.4,
            "eps_avg_yearly": 2.8,
            "eps_latest_yearly": 2.8,
            "eps_growth_yearly": -145.45
        },
        "20022": {
            "year_quarter": 20022,
            "year": 2002,
            "quarter": 2,
            "eps": 0.45,
            "eps_growth_year": null,
            "eps_4q": 2.73,
            "eps_4q_growth_year": null,
            "roe": 2.15,
            "roe_4q": 13.64,
            "gross_profit": 37249,
            "gross_margin": 13,
            "gross_margin_4q_avg": 12.44,
            "net_income": 8780,
            "net_income_4q": null,
            "revenue": 286585,
            "revenue_4q": null,
            "common_shares": 195500,
            "book_valuer_per_share": 20.94,
            "book_valuer_per_share_4q_avg": 20.25,
            "equity": 409287,
            "current_ratio": 153,
            "debt_ratio": 49.85,
            "inventory_turnover_ratio": 0.99,
            "account_receivable_turnover_ratio": null,
            "reinvestment_rate": null,
            "research_to_sale_ratio": null,
            "price_fair": 6.9,
            "eps_avg_yearly": 2.3,
            "eps_latest_yearly": 1.8,
            "eps_growth_yearly": -144.16
        },
        "20023": {
            "year_quarter": 20023,
            "year": 2002,
            "quarter": 3,
            "eps": 0.55,
            "eps_growth_year": -25.68,
            "eps_4q": 2.68,
            "eps_4q_growth_year": null,
            "roe": 2.57,
            "roe_4q": 13.030000000000001,
            "gross_profit": 50520,
            "gross_margin": 12.18,
            "gross_margin_4q_avg": 11.75,
            "net_income": 10659,
            "net_income_4q": null,
            "revenue": 414949,
            "revenue_4q": null,
            "common_shares": 195500,
            "book_valuer_per_share": 21.56,
            "book_valuer_per_share_4q_avg": 20.85,
            "equity": 421508,
            "current_ratio": 134.53,
            "debt_ratio": 59.83,
            "inventory_turnover_ratio": 1.27,
            "account_receivable_turnover_ratio": null,
            "reinvestment_rate": null,
            "research_to_sale_ratio": null,
            "price_fair": 6.8,
            "eps_avg_yearly": 2.27,
            "eps_latest_yearly": 2.2,
            "eps_growth_yearly": -66.47
        },
        "20024": {
            "year_quarter": 20024,
            "year": 2002,
            "quarter": 4,
            "eps": 1.23,
            "eps_growth_year": 11.82,
            "eps_4q": 2.61,
            "eps_4q_growth_year": null,
            "roe": 6.76,
            "roe_4q": 14.92,
            "gross_profit": 60431,
            "gross_margin": 11.53,
            "gross_margin_4q_avg": 13.07,
            "net_income": 29591,
            "net_income_4q": null,
            "revenue": 524244,
            "revenue_4q": null,
            "common_shares": 241270,
            "book_valuer_per_share": 18.83,
            "book_valuer_per_share_4q_avg": 20.53,
            "equity": 454394,
            "current_ratio": 162.25,
            "debt_ratio": 48.53,
            "inventory_turnover_ratio": 1.27,
            "account_receivable_turnover_ratio": null,
            "reinvestment_rate": null,
            "research_to_sale_ratio": null,
            "price_fair": 102.55,
            "eps_avg_yearly": 2.93,
            "eps_latest_yearly": 4.92,
            "eps_growth_yearly": 73.78
        },
        "20031": {
            "year_quarter": 20031,
            "year": 2003,
            "quarter": 1,
            "eps": 0.6,
            "eps_growth_year": -14.29,
            "eps_4q": 2.63,
            "eps_4q_growth_year": null,
            "roe": 3.14,
            "roe_4q": 14.620000000000001,
            "gross_profit": 49454,
            "gross_margin": 11.47,
            "gross_margin_4q_avg": 12.05,
            "net_income": 14496,
            "net_income_4q": null,
            "revenue": 431078,
            "revenue_4q": null,
            "common_shares": 241270,
            "book_valuer_per_share": 19.41,
            "book_valuer_per_share_4q_avg": 20.19,
            "equity": 468397,
            "current_ratio": 112.23,
            "debt_ratio": 61.54,
            "inventory_turnover_ratio": 0.98,
            "account_receivable_turnover_ratio": null,
            "reinvestment_rate": null,
            "research_to_sale_ratio": null,
            "price_fair": 79.21,
            "eps_avg_yearly": 2.82,
            "eps_latest_yearly": 2.4,
            "eps_growth_yearly": 18.05
        },
        "20032": {
            "year_quarter": 20032,
            "year": 2003,
            "quarter": 2,
            "eps": -1.07,
            "eps_growth_year": -337.78,
            "eps_4q": 0.84,
            "eps_4q_growth_year": -69.36,
            "roe": -7.72,
            "roe_4q": 4.75,
            "gross_profit": 4305,
            "gross_margin": 2.22,
            "gross_margin_4q_avg": 9.35,
            "net_income": -34599,
            "net_income_4q": null,
            "revenue": 193560,
            "revenue_4q": null,
            "common_shares": 241270,
            "book_valuer_per_share": 17.72,
            "book_valuer_per_share_4q_avg": 19.38,
            "equity": 427445,
            "current_ratio": 105.69,
            "debt_ratio": 62,
            "inventory_turnover_ratio": 0.49,
            "account_receivable_turnover_ratio": null,
            "reinvestment_rate": null,
            "research_to_sale_ratio": null,
            "price_fair": 79.21,
            "eps_avg_yearly": 2.82,
            "eps_latest_yearly": 2.4,
            "eps_growth_yearly": 18.05
        },
        "20033": {
            "year_quarter": 20033,
            "year": 2003,
            "quarter": 3,
            "eps": -0.46,
            "eps_growth_year": -183.64,
            "eps_4q": -0.16,
            "eps_4q_growth_year": -106.1,
            "roe": -3.52,
            "roe_4q": -1.3399999999999999,
            "gross_profit": 16998,
            "gross_margin": 5.49,
            "gross_margin_4q_avg": 7.68,
            "net_income": -14753,
            "net_income_4q": null,
            "revenue": 309701,
            "revenue_4q": null,
            "common_shares": 322127,
            "book_valuer_per_share": 12.77,
            "book_valuer_per_share_4q_avg": 17.18,
            "equity": 411459,
            "current_ratio": 110.84,
            "debt_ratio": 63.69,
            "inventory_turnover_ratio": 0.73,
            "account_receivable_turnover_ratio": null,
            "reinvestment_rate": null,
            "research_to_sale_ratio": null,
            "price_fair": 79.21,
            "eps_avg_yearly": 2.82,
            "eps_latest_yearly": 2.4,
            "eps_growth_yearly": 18.05
        },
        "20034": {
            "year_quarter": 20034,
            "year": 2003,
            "quarter": 4,
            "eps": -2.4,
            "eps_growth_year": -295.12,
            "eps_4q": -3.48,
            "eps_4q_growth_year": -233.34,
            "roe": -20.65,
            "roe_4q": -28.749999999999996,
            "gross_profit": -4538,
            "gross_margin": -1.12,
            "gross_margin_4q_avg": 4.52,
            "net_income": -77363,
            "net_income_4q": null,
            "revenue": 404694,
            "revenue_4q": null,
            "common_shares": 322127,
            "book_valuer_per_share": 10.48,
            "book_valuer_per_share_4q_avg": 15.1,
            "equity": 337716,
            "current_ratio": 98.45,
            "debt_ratio": 67.57,
            "inventory_turnover_ratio": 1.1,
            "account_receivable_turnover_ratio": null,
            "reinvestment_rate": null,
            "research_to_sale_ratio": null,
            "price_fair": 79.21,
            "eps_avg_yearly": 2.82,
            "eps_latest_yearly": 2.4,
            "eps_growth_yearly": 18.05
        },
        "20041": {
            "year_quarter": 20041,
            "year": 2004,
            "quarter": 1,
            "eps": -0.51,
            "eps_growth_year": -185,
            "eps_4q": -4.47,
            "eps_4q_growth_year": -270.19,
            "roe": -4.95,
            "roe_4q": -36.839999999999996,
            "gross_profit": 29306,
            "gross_margin": 8.73,
            "gross_margin_4q_avg": 3.83,
            "net_income": -16299,
            "net_income_4q": null,
            "revenue": 335604,
            "revenue_4q": null,
            "common_shares": 322127,
            "book_valuer_per_share": 9.94,
            "book_valuer_per_share_4q_avg": 12.73,
            "equity": 320255,
            "current_ratio": 87.19,
            "debt_ratio": 71.88,
            "inventory_turnover_ratio": 0.9,
            "account_receivable_turnover_ratio": null,
            "reinvestment_rate": null,
            "research_to_sale_ratio": null,
            "price_fair": 79.21,
            "eps_avg_yearly": 2.82,
            "eps_latest_yearly": 2.4,
            "eps_growth_yearly": 18.05
        },
        "20042": {
            "year_quarter": 20042,
            "year": 2004,
            "quarter": 2,
            "eps": -0.54,
            "eps_growth_year": null,
            "eps_4q": -3.9,
            "eps_4q_growth_year": -567.35,
            "roe": -5.51,
            "roe_4q": -34.63,
            "gross_profit": 33295,
            "gross_margin": 7.94,
            "gross_margin_4q_avg": 5.26,
            "net_income": -17297,
            "net_income_4q": null,
            "revenue": 419117,
            "revenue_4q": null,
            "common_shares": 322127,
            "book_valuer_per_share": 9.54,
            "book_valuer_per_share_4q_avg": 10.68,
            "equity": 307312,
            "current_ratio": 87.15,
            "debt_ratio": 74.86,
            "inventory_turnover_ratio": 1.05,
            "account_receivable_turnover_ratio": null,
            "reinvestment_rate": null,
            "research_to_sale_ratio": null,
            "price_fair": 79.21,
            "eps_avg_yearly": 2.82,
            "eps_latest_yearly": 2.4,
            "eps_growth_yearly": 18.05
        },
        "20043": {
            "year_quarter": 20043,
            "year": 2004,
            "quarter": 3,
            "eps": -1.66,
            "eps_growth_year": null,
            "eps_4q": -5.1,
            "eps_4q_growth_year": null,
            "roe": -19.08,
            "roe_4q": -50.19,
            "gross_profit": 12612,
            "gross_margin": 3.54,
            "gross_margin_4q_avg": 4.77,
            "net_income": -53428,
            "net_income_4q": null,
            "revenue": 356187,
            "revenue_4q": null,
            "common_shares": 322127,
            "book_valuer_per_share": 7.84,
            "book_valuer_per_share_4q_avg": 9.45,
            "equity": 252666,
            "current_ratio": 96.85,
            "debt_ratio": 78.43,
            "inventory_turnover_ratio": 1.05,
            "account_receivable_turnover_ratio": null,
            "reinvestment_rate": null,
            "research_to_sale_ratio": null,
            "price_fair": 79.21,
            "eps_avg_yearly": 2.82,
            "eps_latest_yearly": 2.4,
            "eps_growth_yearly": 18.05
        },
        "20044": {
            "year_quarter": 20044,
            "year": 2004,
            "quarter": 4,
            "eps": -4.48,
            "eps_growth_year": null,
            "eps_4q": -7.18,
            "eps_4q_growth_year": null,
            "roe": -71.52,
            "roe_4q": -101.06,
            "gross_profit": -59891,
            "gross_margin": -20.77,
            "gross_margin_4q_avg": -0.14,
            "net_income": -144415,
            "net_income_4q": null,
            "revenue": 288332,
            "revenue_4q": null,
            "common_shares": 322127,
            "book_valuer_per_share": 4.69,
            "book_valuer_per_share_4q_avg": 8,
            "equity": 151156,
            "current_ratio": 106.92,
            "debt_ratio": 84,
            "inventory_turnover_ratio": 1.34,
            "account_receivable_turnover_ratio": null,
            "reinvestment_rate": null,
            "research_to_sale_ratio": null,
            "price_fair": 79.21,
            "eps_avg_yearly": 2.82,
            "eps_latest_yearly": 2.4,
            "eps_growth_yearly": 18.05
        },
        "20051": {
            "year_quarter": 20051,
            "year": 2005,
            "quarter": 1,
            "eps": -0.14,
            "eps_growth_year": null,
            "eps_4q": -6.65,
            "eps_4q_growth_year": null,
            "roe": -2.83,
            "roe_4q": -98.94,
            "gross_profit": 23784,
            "gross_margin": 9.42,
            "gross_margin_4q_avg": 0.03,
            "net_income": -4625,
            "net_income_4q": null,
            "revenue": 252398,
            "revenue_4q": null,
            "common_shares": 322127,
            "book_valuer_per_share": 5.46,
            "book_valuer_per_share_4q_avg": 6.88,
            "equity": 175981,
            "current_ratio": 108,
            "debt_ratio": 81.73,
            "inventory_turnover_ratio": 0.98,
            "account_receivable_turnover_ratio": null,
            "reinvestment_rate": null,
            "research_to_sale_ratio": null,
            "price_fair": 79.21,
            "eps_avg_yearly": 2.82,
            "eps_latest_yearly": 2.4,
            "eps_growth_yearly": 18.05
        },
        "20052": {
            "year_quarter": 20052,
            "year": 2005,
            "quarter": 2,
            "eps": -0.78,
            "eps_growth_year": null,
            "eps_4q": -7.06,
            "eps_4q_growth_year": null,
            "roe": -15.32,
            "roe_4q": -108.74999999999999,
            "gross_profit": 7547,
            "gross_margin": 6,
            "gross_margin_4q_avg": -0.45,
            "net_income": -25063,
            "net_income_4q": null,
            "revenue": 125813,
            "revenue_4q": null,
            "common_shares": 322127,
            "book_valuer_per_share": 4.69,
            "book_valuer_per_share_4q_avg": 5.67,
            "equity": 151179,
            "current_ratio": 107.39,
            "debt_ratio": 82.87,
            "inventory_turnover_ratio": 0.55,
            "account_receivable_turnover_ratio": null,
            "reinvestment_rate": null,
            "research_to_sale_ratio": null,
            "price_fair": 79.21,
            "eps_avg_yearly": 2.82,
            "eps_latest_yearly": 2.4,
            "eps_growth_yearly": 18.05
        },
        "20053": {
            "year_quarter": 20053,
            "year": 2005,
            "quarter": 3,
            "eps": -1.05,
            "eps_growth_year": null,
            "eps_4q": -6.45,
            "eps_4q_growth_year": null,
            "roe": -35,
            "roe_4q": -124.66999999999999,
            "gross_profit": 19113,
            "gross_margin": 13.61,
            "gross_margin_4q_avg": 2.07,
            "net_income": -33678,
            "net_income_4q": null,
            "revenue": 140464,
            "revenue_4q": null,
            "common_shares": 322127,
            "book_valuer_per_share": 1.28,
            "book_valuer_per_share_4q_avg": 4.03,
            "equity": 41281,
            "current_ratio": 82.97,
            "debt_ratio": 94.43,
            "inventory_turnover_ratio": 0.6,
            "account_receivable_turnover_ratio": null,
            "reinvestment_rate": null,
            "research_to_sale_ratio": null,
            "price_fair": 79.21,
            "eps_avg_yearly": 2.82,
            "eps_latest_yearly": 2.4,
            "eps_growth_yearly": 18.05
        },
        "20054": {
            "year_quarter": 20054,
            "year": 2005,
            "quarter": 4,
            "eps": -1.78,
            "eps_growth_year": null,
            "eps_4q": -7.73,
            "eps_4q_growth_year": null,
            "roe": -26.54,
            "roe_4q": -79.69,
            "gross_profit": 14988,
            "gross_margin": 11.24,
            "gross_margin_4q_avg": 10.07,
            "net_income": -18998,
            "net_income_4q": null,
            "revenue": 133308,
            "revenue_4q": null,
            "common_shares": 106624,
            "book_valuer_per_share": 9.56,
            "book_valuer_per_share_4q_avg": 5.25,
            "equity": 101911,
            "current_ratio": 88.33,
            "debt_ratio": 84.66,
            "inventory_turnover_ratio": 0.57,
            "account_receivable_turnover_ratio": null,
            "reinvestment_rate": null,
            "research_to_sale_ratio": null,
            "price_fair": 79.21,
            "eps_avg_yearly": 2.82,
            "eps_latest_yearly": 2.4,
            "eps_growth_yearly": 18.05
        },
        "20061": {
            "year_quarter": 20061,
            "year": 2006,
            "quarter": 1,
            "eps": -0.55,
            "eps_growth_year": null,
            "eps_4q": -4.69,
            "eps_4q_growth_year": null,
            "roe": -10.69,
            "roe_4q": -87.54999999999998,
            "gross_profit": 11211,
            "gross_margin": 11.88,
            "gross_margin_4q_avg": 10.68,
            "net_income": -10324,
            "net_income_4q": null,
            "revenue": 94344,
            "revenue_4q": null,
            "common_shares": 186624,
            "book_valuer_per_share": 4.89,
            "book_valuer_per_share_4q_avg": 5.11,
            "equity": 91227,
            "current_ratio": 74.53,
            "debt_ratio": 82.24,
            "inventory_turnover_ratio": 0.41,
            "account_receivable_turnover_ratio": null,
            "reinvestment_rate": null,
            "research_to_sale_ratio": null,
            "price_fair": 99.05,
            "eps_avg_yearly": 2.83,
            "eps_latest_yearly": 2.4,
            "eps_growth_yearly": 58.92
        },
        "20062": {
            "year_quarter": 20062,
            "year": 2006,
            "quarter": 2,
            "eps": -2.42,
            "eps_growth_year": null,
            "eps_4q": -5.79,
            "eps_4q_growth_year": null,
            "roe": -65.79,
            "roe_4q": -138.02,
            "gross_profit": 26492,
            "gross_margin": 20.03,
            "gross_margin_4q_avg": 14.19,
            "net_income": -45133,
            "net_income_4q": null,
            "revenue": 132244,
            "revenue_4q": null,
            "common_shares": 186624,
            "book_valuer_per_share": 2.46,
            "book_valuer_per_share_4q_avg": 4.55,
            "equity": 45985,
            "current_ratio": 71.15,
            "debt_ratio": 88.96,
            "inventory_turnover_ratio": 0.7,
            "account_receivable_turnover_ratio": null,
            "reinvestment_rate": null,
            "research_to_sale_ratio": null,
            "price_fair": 111.07,
            "eps_avg_yearly": 3.17,
            "eps_latest_yearly": 2.4,
            "eps_growth_yearly": 126.19
        },
        "20063": {
            "year_quarter": 20063,
            "year": 2006,
            "quarter": 3,
            "eps": -2.11,
            "eps_growth_year": null,
            "eps_4q": -1.47,
            "eps_4q_growth_year": null,
            "roe": -52.64,
            "roe_4q": -155.66,
            "gross_profit": 21257,
            "gross_margin": 21.95,
            "gross_margin_4q_avg": 16.28,
            "net_income": -55774,
            "net_income_4q": null,
            "revenue": 96860,
            "revenue_4q": null,
            "common_shares": 886624,
            "book_valuer_per_share": 1.87,
            "book_valuer_per_share_4q_avg": 4.7,
            "equity": 165937,
            "current_ratio": 122.05,
            "debt_ratio": 62.9,
            "inventory_turnover_ratio": 0.72,
            "account_receivable_turnover_ratio": null,
            "reinvestment_rate": null,
            "research_to_sale_ratio": null,
            "price_fair": 128.1,
            "eps_avg_yearly": 3.66,
            "eps_latest_yearly": 2.4,
            "eps_growth_yearly": 144.83
        },
        "20064": {
            "year_quarter": 20064,
            "year": 2006,
            "quarter": 4,
            "eps": -0.8,
            "eps_growth_year": null,
            "eps_4q": -3.41,
            "eps_4q_growth_year": null,
            "roe": -22.83,
            "roe_4q": -151.95,
            "gross_profit": 26050,
            "gross_margin": 28.5,
            "gross_margin_4q_avg": 20.59,
            "net_income": -33968,
            "net_income_4q": null,
            "revenue": 91405,
            "revenue_4q": null,
            "common_shares": 886624,
            "book_valuer_per_share": 1.49,
            "book_valuer_per_share_4q_avg": 2.68,
            "equity": 131684,
            "current_ratio": 136.05,
            "debt_ratio": 61.9,
            "inventory_turnover_ratio": 0.78,
            "account_receivable_turnover_ratio": null,
            "reinvestment_rate": null,
            "research_to_sale_ratio": null,
            "price_fair": 7.2,
            "eps_avg_yearly": 2.4,
            "eps_latest_yearly": 2.4,
            "eps_growth_yearly": -204.88
        },
        "20071": {
            "year_quarter": 20071,
            "year": 2007,
            "quarter": 1,
            "eps": 0.04,
            "eps_growth_year": null,
            "eps_4q": -1.54,
            "eps_4q_growth_year": null,
            "roe": 2.55,
            "roe_4q": -138.71,
            "gross_profit": 25535,
            "gross_margin": 24.09,
            "gross_margin_4q_avg": 23.64,
            "net_income": 3405,
            "net_income_4q": null,
            "revenue": 106004,
            "revenue_4q": null,
            "common_shares": 886624,
            "book_valuer_per_share": 1.53,
            "book_valuer_per_share_4q_avg": 1.84,
            "equity": 135613,
            "current_ratio": 145.22,
            "debt_ratio": 58.82,
            "inventory_turnover_ratio": 1.23,
            "account_receivable_turnover_ratio": null,
            "reinvestment_rate": null,
            "research_to_sale_ratio": null,
            "price_fair": 0,
            "eps_avg_yearly": 0,
            "eps_latest_yearly": 0,
            "eps_growth_yearly": 0
        },
        "20072": {
            "year_quarter": 20072,
            "year": 2007,
            "quarter": 2,
            "eps": 0.12,
            "eps_growth_year": null,
            "eps_4q": -0.9,
            "eps_4q_growth_year": null,
            "roe": 7.25,
            "roe_4q": -65.67,
            "gross_profit": 22197,
            "gross_margin": 18.6,
            "gross_margin_4q_avg": 23.29,
            "net_income": 10203,
            "net_income_4q": null,
            "revenue": 119323,
            "revenue_4q": null,
            "common_shares": 886624,
            "book_valuer_per_share": 1.64,
            "book_valuer_per_share_4q_avg": 1.63,
            "equity": 145754,
            "current_ratio": 174.98,
            "debt_ratio": 47.89,
            "inventory_turnover_ratio": 2.43,
            "account_receivable_turnover_ratio": null,
            "reinvestment_rate": null,
            "research_to_sale_ratio": null,
            "price_fair": 16.8,
            "eps_avg_yearly": 0.48,
            "eps_latest_yearly": 0.48,
            "eps_growth_yearly": 800
        },
        "20073": {
            "year_quarter": 20073,
            "year": 2007,
            "quarter": 3,
            "eps": 0.13,
            "eps_growth_year": null,
            "eps_4q": -0.1,
            "eps_4q_growth_year": null,
            "roe": 7.63,
            "roe_4q": -5.399999999999999,
            "gross_profit": 21281,
            "gross_margin": 24.62,
            "gross_margin_4q_avg": 23.95,
            "net_income": 11560,
            "net_income_4q": null,
            "revenue": 86447,
            "revenue_4q": null,
            "common_shares": 886624,
            "book_valuer_per_share": 1.77,
            "book_valuer_per_share_4q_avg": 1.61,
            "equity": 157232,
            "current_ratio": 176.24,
            "debt_ratio": 46.61,
            "inventory_turnover_ratio": 2.15,
            "account_receivable_turnover_ratio": null,
            "reinvestment_rate": null,
            "research_to_sale_ratio": null,
            "price_fair": 17.5,
            "eps_avg_yearly": 0.5,
            "eps_latest_yearly": 0.52,
            "eps_growth_yearly": 416.67
        },
        "20074": {
            "year_quarter": 20074,
            "year": 2007,
            "quarter": 4,
            "eps": -0.09,
            "eps_growth_year": null,
            "eps_4q": 0.26,
            "eps_4q_growth_year": null,
            "roe": -4.01,
            "roe_4q": 13.420000000000002,
            "gross_profit": 15358,
            "gross_margin": 28.6,
            "gross_margin_4q_avg": 23.98,
            "net_income": -6175,
            "net_income_4q": null,
            "revenue": 53699,
            "revenue_4q": null,
            "common_shares": 221656,
            "book_valuer_per_share": 6.81,
            "book_valuer_per_share_4q_avg": 2.94,
            "equity": 151025,
            "current_ratio": 214.22,
            "debt_ratio": 35.91,
            "inventory_turnover_ratio": 0.94,
            "account_receivable_turnover_ratio": null,
            "reinvestment_rate": null,
            "research_to_sale_ratio": null,
            "price_fair": 17.5,
            "eps_avg_yearly": 0.5,
            "eps_latest_yearly": 0.52,
            "eps_growth_yearly": 416.67
        },
        "20081": {
            "year_quarter": 20081,
            "year": 2008,
            "quarter": 1,
            "eps": -0.13,
            "eps_growth_year": -425,
            "eps_4q": 0.55,
            "eps_4q_growth_year": null,
            "roe": -2,
            "roe_4q": 8.870000000000001,
            "gross_profit": 12977,
            "gross_margin": 25.17,
            "gross_margin_4q_avg": 24.25,
            "net_income": -2982,
            "net_income_4q": null,
            "revenue": 51566,
            "revenue_4q": null,
            "common_shares": 221656,
            "book_valuer_per_share": 6.66,
            "book_valuer_per_share_4q_avg": 4.22,
            "equity": 147629,
            "current_ratio": 213.52,
            "debt_ratio": 30.21,
            "inventory_turnover_ratio": 0.98,
            "account_receivable_turnover_ratio": null,
            "reinvestment_rate": null,
            "research_to_sale_ratio": null,
            "price_fair": 17.5,
            "eps_avg_yearly": 0.5,
            "eps_latest_yearly": 0.52,
            "eps_growth_yearly": 416.67
        },
        "20082": {
            "year_quarter": 20082,
            "year": 2008,
            "quarter": 2,
            "eps": -0.53,
            "eps_growth_year": -541.67,
            "eps_4q": -0.42,
            "eps_4q_growth_year": null,
            "roe": -8.22,
            "roe_4q": -6.6000000000000005,
            "gross_profit": -1154,
            "gross_margin": -3.05,
            "gross_margin_4q_avg": 18.84,
            "net_income": -11658,
            "net_income_4q": null,
            "revenue": 37853,
            "revenue_4q": null,
            "common_shares": 221656,
            "book_valuer_per_share": 6.13,
            "book_valuer_per_share_4q_avg": 5.34,
            "equity": 135930,
            "current_ratio": 168.46,
            "debt_ratio": 28.6,
            "inventory_turnover_ratio": 1.6,
            "account_receivable_turnover_ratio": null,
            "reinvestment_rate": null,
            "research_to_sale_ratio": null,
            "price_fair": 17.5,
            "eps_avg_yearly": 0.5,
            "eps_latest_yearly": 0.52,
            "eps_growth_yearly": 416.67
        },
        "20083": {
            "year_quarter": 20083,
            "year": 2008,
            "quarter": 3,
            "eps": 0.09,
            "eps_growth_year": -30.77,
            "eps_4q": -0.81,
            "eps_4q_growth_year": null,
            "roe": 1.52,
            "roe_4q": -12.71,
            "gross_profit": 15134,
            "gross_margin": 37.63,
            "gross_margin_4q_avg": 22.09,
            "net_income": 2090,
            "net_income_4q": null,
            "revenue": 40215,
            "revenue_4q": null,
            "common_shares": 221656,
            "book_valuer_per_share": 6.24,
            "book_valuer_per_share_4q_avg": 6.46,
            "equity": 138386,
            "current_ratio": 166.28,
            "debt_ratio": 30.73,
            "inventory_turnover_ratio": 1.25,
            "account_receivable_turnover_ratio": null,
            "reinvestment_rate": null,
            "research_to_sale_ratio": null,
            "price_fair": 17.5,
            "eps_avg_yearly": 0.5,
            "eps_latest_yearly": 0.52,
            "eps_growth_yearly": 416.67
        },
        "20084": {
            "year_quarter": 20084,
            "year": 2008,
            "quarter": 4,
            "eps": -0.43,
            "eps_growth_year": null,
            "eps_4q": -1,
            "eps_4q_growth_year": -484.62,
            "roe": -7.13,
            "roe_4q": -15.83,
            "gross_profit": 4603,
            "gross_margin": 10.76,
            "gross_margin_4q_avg": 17.63,
            "net_income": -9530,
            "net_income_4q": null,
            "revenue": 42773,
            "revenue_4q": null,
            "common_shares": 221656,
            "book_valuer_per_share": 5.82,
            "book_valuer_per_share_4q_avg": 6.21,
            "equity": 128954,
            "current_ratio": 158.29,
            "debt_ratio": 29.89,
            "inventory_turnover_ratio": 1.33,
            "account_receivable_turnover_ratio": 4.23,
            "reinvestment_rate": null,
            "research_to_sale_ratio": null,
            "price_fair": 17.5,
            "eps_avg_yearly": 0.5,
            "eps_latest_yearly": 0.52,
            "eps_growth_yearly": 416.67
        },
        "20091": {
            "year_quarter": 20091,
            "year": 2009,
            "quarter": 1,
            "eps": -0.09,
            "eps_growth_year": null,
            "eps_4q": -0.95,
            "eps_4q_growth_year": -273.41,
            "roe": -1.58,
            "roe_4q": -15.410000000000002,
            "gross_profit": 13138,
            "gross_margin": 27.76,
            "gross_margin_4q_avg": 18.28,
            "net_income": -2025,
            "net_income_4q": null,
            "revenue": 47330,
            "revenue_4q": null,
            "common_shares": 221656,
            "book_valuer_per_share": 5.73,
            "book_valuer_per_share_4q_avg": 5.98,
            "equity": 127110,
            "current_ratio": 262.05,
            "debt_ratio": 17.12,
            "inventory_turnover_ratio": 1.45,
            "account_receivable_turnover_ratio": 2.03,
            "reinvestment_rate": null,
            "research_to_sale_ratio": null,
            "price_fair": 17.5,
            "eps_avg_yearly": 0.5,
            "eps_latest_yearly": 0.52,
            "eps_growth_yearly": 416.67
        },
        "20092": {
            "year_quarter": 20092,
            "year": 2009,
            "quarter": 2,
            "eps": 0.29,
            "eps_growth_year": null,
            "eps_4q": -0.14,
            "eps_4q_growth_year": null,
            "roe": 4.86,
            "roe_4q": -2.3299999999999996,
            "gross_profit": 26024,
            "gross_margin": 40.02,
            "gross_margin_4q_avg": 29.04,
            "net_income": 6328,
            "net_income_4q": null,
            "revenue": 65026,
            "revenue_4q": null,
            "common_shares": 221656,
            "book_valuer_per_share": 6.01,
            "book_valuer_per_share_4q_avg": 5.95,
            "equity": 133262,
            "current_ratio": 243.72,
            "debt_ratio": 21.24,
            "inventory_turnover_ratio": 1.76,
            "account_receivable_turnover_ratio": 2.15,
            "reinvestment_rate": null,
            "research_to_sale_ratio": null,
            "price_fair": 17.5,
            "eps_avg_yearly": 0.5,
            "eps_latest_yearly": 0.52,
            "eps_growth_yearly": 416.67
        },
        "20093": {
            "year_quarter": 20093,
            "year": 2009,
            "quarter": 3,
            "eps": 0.67,
            "eps_growth_year": 644.44,
            "eps_4q": 0.46,
            "eps_4q_growth_year": null,
            "roe": 9.56,
            "roe_4q": 5.710000000000002,
            "gross_profit": 31665,
            "gross_margin": 38.68,
            "gross_margin_4q_avg": 29.31,
            "net_income": 16384,
            "net_income_4q": null,
            "revenue": 81871,
            "revenue_4q": null,
            "common_shares": 301656,
            "book_valuer_per_share": 6.95,
            "book_valuer_per_share_4q_avg": 6.13,
            "equity": 209538,
            "current_ratio": 506.81,
            "debt_ratio": 13.23,
            "inventory_turnover_ratio": 1.89,
            "account_receivable_turnover_ratio": 3.49,
            "reinvestment_rate": null,
            "research_to_sale_ratio": null,
            "price_fair": 42.93,
            "eps_avg_yearly": 1.23,
            "eps_latest_yearly": 2.68,
            "eps_growth_yearly": 452.49
        },
        "20094": {
            "year_quarter": 20094,
            "year": 2009,
            "quarter": 4,
            "eps": 0.23,
            "eps_growth_year": null,
            "eps_4q": 0.88,
            "eps_4q_growth_year": null,
            "roe": 2.76,
            "roe_4q": 15.6,
            "gross_profit": 24110,
            "gross_margin": 32.06,
            "gross_margin_4q_avg": 34.63,
            "net_income": 5870,
            "net_income_4q": null,
            "revenue": 75205,
            "revenue_4q": null,
            "common_shares": 301656,
            "book_valuer_per_share": 7.14,
            "book_valuer_per_share_4q_avg": 6.46,
            "equity": 215410,
            "current_ratio": 658.69,
            "debt_ratio": 14.4,
            "inventory_turnover_ratio": 1.81,
            "account_receivable_turnover_ratio": 4.1,
            "reinvestment_rate": null,
            "research_to_sale_ratio": null,
            "price_fair": 40.25,
            "eps_avg_yearly": 1.15,
            "eps_latest_yearly": 0.92,
            "eps_growth_yearly": 273.7
        },
        "20101": {
            "year_quarter": 20101,
            "year": 2010,
            "quarter": 1,
            "eps": 0.17,
            "eps_growth_year": null,
            "eps_4q": 1.12,
            "eps_4q_growth_year": null,
            "roe": 2.4,
            "roe_4q": 19.580000000000002,
            "gross_profit": 20075,
            "gross_margin": 33.62,
            "gross_margin_4q_avg": 36.1,
            "net_income": 5223,
            "net_income_4q": null,
            "revenue": 59711,
            "revenue_4q": null,
            "common_shares": 301656,
            "book_valuer_per_share": 7.31,
            "book_valuer_per_share_4q_avg": 6.85,
            "equity": 220606,
            "current_ratio": 768.79,
            "debt_ratio": 12.37,
            "inventory_turnover_ratio": 1.1,
            "account_receivable_turnover_ratio": 1.65,
            "reinvestment_rate": null,
            "research_to_sale_ratio": 3.59,
            "price_fair": 36.96,
            "eps_avg_yearly": 1.06,
            "eps_latest_yearly": 0.68,
            "eps_growth_yearly": 198.09
        },
        "20102": {
            "year_quarter": 20102,
            "year": 2010,
            "quarter": 2,
            "eps": 0.42,
            "eps_growth_year": 43.71,
            "eps_4q": 1.33,
            "eps_4q_growth_year": null,
            "roe": 5.54,
            "roe_4q": 20.259999999999998,
            "gross_profit": 25245,
            "gross_margin": 32.3,
            "gross_margin_4q_avg": 34.17,
            "net_income": 12572,
            "net_income_4q": null,
            "revenue": 78157,
            "revenue_4q": null,
            "common_shares": 301656,
            "book_valuer_per_share": 7.73,
            "book_valuer_per_share_4q_avg": 7.28,
            "equity": 233235,
            "current_ratio": 616.81,
            "debt_ratio": 15.54,
            "inventory_turnover_ratio": 1.16,
            "account_receivable_turnover_ratio": 2.57,
            "reinvestment_rate": null,
            "research_to_sale_ratio": 3.27,
            "price_fair": 40.6,
            "eps_avg_yearly": 1.16,
            "eps_latest_yearly": 1.68,
            "eps_growth_yearly": 263.11
        },
        "20103": {
            "year_quarter": 20103,
            "year": 2010,
            "quarter": 3,
            "eps": 0.3,
            "eps_growth_year": -54.6,
            "eps_4q": 1.09,
            "eps_4q_growth_year": 138.61,
            "roe": 3.86,
            "roe_4q": 14.56,
            "gross_profit": 22674,
            "gross_margin": 27.49,
            "gross_margin_4q_avg": 31.37,
            "net_income": 9175,
            "net_income_4q": null,
            "revenue": 82487,
            "revenue_4q": null,
            "common_shares": 301656,
            "book_valuer_per_share": 8.03,
            "book_valuer_per_share_4q_avg": 7.55,
            "equity": 242284,
            "current_ratio": 810.43,
            "debt_ratio": 11.85,
            "inventory_turnover_ratio": 1.2,
            "account_receivable_turnover_ratio": 2.55,
            "reinvestment_rate": -535.3,
            "research_to_sale_ratio": 3.59,
            "price_fair": 40.8,
            "eps_avg_yearly": 1.17,
            "eps_latest_yearly": 1.2,
            "eps_growth_yearly": 209.2
        },
        "20104": {
            "year_quarter": 20104,
            "year": 2010,
            "quarter": 4,
            "eps": -0.24,
            "eps_growth_year": -203.31,
            "eps_4q": 0.66,
            "eps_4q_growth_year": -25.44,
            "roe": -3,
            "roe_4q": 8.8,
            "gross_profit": 10402,
            "gross_margin": 21.72,
            "gross_margin_4q_avg": 28.78,
            "net_income": -7168,
            "net_income_4q": null,
            "revenue": 47889,
            "revenue_4q": null,
            "common_shares": 301656,
            "book_valuer_per_share": 7.79,
            "book_valuer_per_share_4q_avg": 7.72,
            "equity": 234878,
            "current_ratio": 822.14,
            "debt_ratio": 11.67,
            "inventory_turnover_ratio": 0.77,
            "account_receivable_turnover_ratio": 1.39,
            "reinvestment_rate": -59.27,
            "research_to_sale_ratio": 7.73,
            "price_fair": 40.8,
            "eps_avg_yearly": 1.17,
            "eps_latest_yearly": 1.2,
            "eps_growth_yearly": 209.2
        },
        "20111": {
            "year_quarter": 20111,
            "year": 2011,
            "quarter": 1,
            "eps": 0.08,
            "eps_growth_year": -52.94,
            "eps_4q": 0.56,
            "eps_4q_growth_year": -49.96,
            "roe": 0.99,
            "roe_4q": 7.390000000000001,
            "gross_profit": 16434,
            "gross_margin": 25.87,
            "gross_margin_4q_avg": 26.85,
            "net_income": 2336,
            "net_income_4q": null,
            "revenue": 63532,
            "revenue_4q": null,
            "common_shares": 301656,
            "book_valuer_per_share": 7.86,
            "book_valuer_per_share_4q_avg": 7.85,
            "equity": 237245,
            "current_ratio": 559.16,
            "debt_ratio": 17.16,
            "inventory_turnover_ratio": 0.9,
            "account_receivable_turnover_ratio": 1.54,
            "reinvestment_rate": -22.36,
            "research_to_sale_ratio": 4.67,
            "price_fair": 40.8,
            "eps_avg_yearly": 1.17,
            "eps_latest_yearly": 1.2,
            "eps_growth_yearly": 209.2
        },
        "20112": {
            "year_quarter": 20112,
            "year": 2011,
            "quarter": 2,
            "eps": -0.16,
            "eps_growth_year": -139.25,
            "eps_4q": -0.02,
            "eps_4q_growth_year": -101.48,
            "roe": -2.1,
            "roe_4q": -0.25000000000000044,
            "gross_profit": 9771,
            "gross_margin": 13.99,
            "gross_margin_4q_avg": 22.27,
            "net_income": -4935,
            "net_income_4q": null,
            "revenue": 69847,
            "revenue_4q": null,
            "common_shares": 301656,
            "book_valuer_per_share": 7.7,
            "book_valuer_per_share_4q_avg": 7.85,
            "equity": 232237,
            "current_ratio": 687.95,
            "debt_ratio": 13.91,
            "inventory_turnover_ratio": 0.99,
            "account_receivable_turnover_ratio": 1.48,
            "reinvestment_rate": -31.76,
            "research_to_sale_ratio": 4.32,
            "price_fair": 44.8,
            "eps_avg_yearly": 1.28,
            "eps_latest_yearly": 1.2,
            "eps_growth_yearly": 110.73
        },
        "20113": {
            "year_quarter": 20113,
            "year": 2011,
            "quarter": 3,
            "eps": -0.19,
            "eps_growth_year": -161.29,
            "eps_4q": -0.6,
            "eps_4q_growth_year": -154.95,
            "roe": -1.92,
            "roe_4q": -6.029999999999999,
            "gross_profit": 4582,
            "gross_margin": 11.68,
            "gross_margin_4q_avg": 18.32,
            "net_income": -4421,
            "net_income_4q": null,
            "revenue": 39235,
            "revenue_4q": null,
            "common_shares": 237173,
            "book_valuer_per_share": 9.61,
            "book_valuer_per_share_4q_avg": 8.24,
            "equity": 227991,
            "current_ratio": 667.46,
            "debt_ratio": 14.33,
            "inventory_turnover_ratio": 0.53,
            "account_receivable_turnover_ratio": 0.88,
            "reinvestment_rate": -72.78,
            "research_to_sale_ratio": 6.5,
            "price_fair": 50.12,
            "eps_avg_yearly": 1.43,
            "eps_latest_yearly": 1.2,
            "eps_growth_yearly": 126.21
        },
        "20114": {
            "year_quarter": 20114,
            "year": 2011,
            "quarter": 4,
            "eps": 0.07,
            "eps_growth_year": null,
            "eps_4q": -0.23,
            "eps_4q_growth_year": -134.58,
            "roe": 0.72,
            "roe_4q": -2.3099999999999996,
            "gross_profit": 8596,
            "gross_margin": 16.83,
            "gross_margin_4q_avg": 17.09,
            "net_income": 1637,
            "net_income_4q": null,
            "revenue": 51075,
            "revenue_4q": null,
            "common_shares": 237173,
            "book_valuer_per_share": 9.68,
            "book_valuer_per_share_4q_avg": 8.71,
            "equity": 229599,
            "current_ratio": 438.57,
            "debt_ratio": 21.49,
            "inventory_turnover_ratio": 0.57,
            "account_receivable_turnover_ratio": 1.07,
            "reinvestment_rate": -26.35,
            "research_to_sale_ratio": 5.16,
            "price_fair": 50.12,
            "eps_avg_yearly": 1.43,
            "eps_latest_yearly": 1.2,
            "eps_growth_yearly": 126.21
        },
        "20121": {
            "year_quarter": 20121,
            "year": 2012,
            "quarter": 1,
            "eps": 1.49,
            "eps_growth_year": 1762.5,
            "eps_4q": 1.16,
            "eps_4q_growth_year": 107.25,
            "roe": 14.27,
            "roe_4q": 10.97,
            "gross_profit": 61710,
            "gross_margin": 12.6,
            "gross_margin_4q_avg": 13.78,
            "net_income": 35281,
            "net_income_4q": null,
            "revenue": 489752,
            "revenue_4q": null,
            "common_shares": 237173,
            "book_valuer_per_share": 11.17,
            "book_valuer_per_share_4q_avg": 9.54,
            "equity": 264816,
            "current_ratio": 147.2,
            "debt_ratio": 66.4,
            "inventory_turnover_ratio": 3,
            "account_receivable_turnover_ratio": 1.94,
            "reinvestment_rate": -0.19,
            "research_to_sale_ratio": 2.29,
            "price_fair": 76.53,
            "eps_avg_yearly": 2.19,
            "eps_latest_yearly": 5.96,
            "eps_growth_yearly": 1457.56
        },
        "20122": {
            "year_quarter": 20122,
            "year": 2012,
            "quarter": 2,
            "eps": 1.23,
            "eps_growth_year": null,
            "eps_4q": 2.6,
            "eps_4q_growth_year": null,
            "roe": 10.45,
            "roe_4q": 23.519999999999996,
            "gross_profit": 58255,
            "gross_margin": 10.92,
            "gross_margin_4q_avg": 13.01,
            "net_income": 29213,
            "net_income_4q": null,
            "revenue": 533529,
            "revenue_4q": null,
            "common_shares": 237173,
            "book_valuer_per_share": 12.4,
            "book_valuer_per_share_4q_avg": 10.72,
            "equity": 294058,
            "current_ratio": 174.44,
            "debt_ratio": 55.08,
            "inventory_turnover_ratio": 2.89,
            "account_receivable_turnover_ratio": 1.26,
            "reinvestment_rate": 9.64,
            "research_to_sale_ratio": 2.29,
            "price_fair": 90.2,
            "eps_avg_yearly": 2.58,
            "eps_latest_yearly": 4.92,
            "eps_growth_yearly": 1239.36
        },
        "20123": {
            "year_quarter": 20123,
            "year": 2012,
            "quarter": 3,
            "eps": 0.57,
            "eps_growth_year": null,
            "eps_4q": 3.36,
            "eps_4q_growth_year": null,
            "roe": 4.47,
            "roe_4q": 29.909999999999997,
            "gross_profit": 35588,
            "gross_margin": 9.33,
            "gross_margin_4q_avg": 12.42,
            "net_income": 13450,
            "net_income_4q": null,
            "revenue": 381239,
            "revenue_4q": null,
            "common_shares": 237173,
            "book_valuer_per_share": 12.96,
            "book_valuer_per_share_4q_avg": 11.55,
            "equity": 307467,
            "current_ratio": 187.1,
            "debt_ratio": 50.42,
            "inventory_turnover_ratio": 2.61,
            "account_receivable_turnover_ratio": 1.09,
            "reinvestment_rate": 17.85,
            "research_to_sale_ratio": 2.43,
            "price_fair": 88.9,
            "eps_avg_yearly": 2.54,
            "eps_latest_yearly": 2.28,
            "eps_growth_yearly": 1057.61
        },
        "20124": {
            "year_quarter": 20124,
            "year": 2012,
            "quarter": 4,
            "eps": 0.65,
            "eps_growth_year": 836.72,
            "eps_4q": 3.93,
            "eps_4q_growth_year": null,
            "roe": 4.87,
            "roe_4q": 34.06,
            "gross_profit": 37743,
            "gross_margin": 8.57,
            "gross_margin_4q_avg": 10.36,
            "net_income": 15334,
            "net_income_4q": null,
            "revenue": 440537,
            "revenue_4q": null,
            "common_shares": 237173,
            "book_valuer_per_share": 13.61,
            "book_valuer_per_share_4q_avg": 12.54,
            "equity": 322775,
            "current_ratio": 182.98,
            "debt_ratio": 51.36,
            "inventory_turnover_ratio": 2.99,
            "account_receivable_turnover_ratio": 1.29,
            "reinvestment_rate": 15.76,
            "research_to_sale_ratio": 1.94,
            "price_fair": 89.13,
            "eps_avg_yearly": 2.55,
            "eps_latest_yearly": 2.6,
            "eps_growth_yearly": 946.34
        },
        "20131": {
            "year_quarter": 20131,
            "year": 2013,
            "quarter": 1,
            "eps": 0.91,
            "eps_growth_year": -38.93,
            "eps_4q": 3.36,
            "eps_4q_growth_year": 188.84,
            "roe": 6.48,
            "roe_4q": 26.27,
            "gross_profit": 36434,
            "gross_margin": 9.31,
            "gross_margin_4q_avg": 9.53,
            "net_income": 21612,
            "net_income_4q": null,
            "revenue": 391453,
            "revenue_4q": null,
            "common_shares": 237173,
            "book_valuer_per_share": 14.52,
            "book_valuer_per_share_4q_avg": 13.37,
            "equity": 344477,
            "current_ratio": 208.57,
            "debt_ratio": 45.17,
            "inventory_turnover_ratio": 3.38,
            "account_receivable_turnover_ratio": 1.14,
            "reinvestment_rate": 7.98,
            "research_to_sale_ratio": 2.48,
            "price_fair": 92.96,
            "eps_avg_yearly": 2.66,
            "eps_latest_yearly": 3.64,
            "eps_growth_yearly": 867.7
        },
        "20132": {
            "year_quarter": 20132,
            "year": 2013,
            "quarter": 2,
            "eps": 0.09,
            "eps_growth_year": -92.69,
            "eps_4q": 2.03,
            "eps_4q_growth_year": -21.8,
            "roe": -0.66,
            "roe_4q": 15.16,
            "gross_profit": 10455,
            "gross_margin": 12.85,
            "gross_margin_4q_avg": 10.02,
            "net_income": -2139,
            "net_income_4q": null,
            "revenue": 81384,
            "revenue_4q": null,
            "common_shares": 237173,
            "book_valuer_per_share": 12.83,
            "book_valuer_per_share_4q_avg": 13.48,
            "equity": 304383,
            "current_ratio": 404.66,
            "debt_ratio": 22.46,
            "inventory_turnover_ratio": 1.18,
            "account_receivable_turnover_ratio": 0.48,
            "reinvestment_rate": 14.64,
            "research_to_sale_ratio": 9.34,
            "price_fair": 85.65,
            "eps_avg_yearly": 2.45,
            "eps_latest_yearly": 0.36,
            "eps_growth_yearly": 756.06
        },
        "20133": {
            "year_quarter": 20133,
            "year": 2013,
            "quarter": 3,
            "eps": 0.01,
            "eps_growth_year": -98.24,
            "eps_4q": 1.45,
            "eps_4q_growth_year": -56.66,
            "roe": -0.1,
            "roe_4q": 10.59,
            "gross_profit": 10802,
            "gross_margin": 22.7,
            "gross_margin_4q_avg": 13.36,
            "net_income": -316,
            "net_income_4q": null,
            "revenue": 47590,
            "revenue_4q": null,
            "common_shares": 237173,
            "book_valuer_per_share": 12.82,
            "book_valuer_per_share_4q_avg": 13.45,
            "equity": 304029,
            "current_ratio": 578.11,
            "debt_ratio": 15.73,
            "inventory_turnover_ratio": 0.87,
            "account_receivable_turnover_ratio": 1.29,
            "reinvestment_rate": 15.59,
            "research_to_sale_ratio": 15.12,
            "price_fair": 77.25,
            "eps_avg_yearly": 2.21,
            "eps_latest_yearly": 0.04,
            "eps_growth_yearly": 676.08
        },
        "20134": {
            "year_quarter": 20134,
            "year": 2013,
            "quarter": 4,
            "eps": 0.12,
            "eps_growth_year": -80.93,
            "eps_4q": 0.93,
            "eps_4q_growth_year": -76.33,
            "roe": 0.96,
            "roe_4q": 6.680000000000001,
            "gross_profit": 14907,
            "gross_margin": 13.31,
            "gross_margin_4q_avg": 14.54,
            "net_income": 2924,
            "net_income_4q": null,
            "revenue": 111980,
            "revenue_4q": null,
            "common_shares": 237173,
            "book_valuer_per_share": 12.94,
            "book_valuer_per_share_4q_avg": 13.28,
            "equity": 306976,
            "current_ratio": 301.35,
            "debt_ratio": 30.67,
            "inventory_turnover_ratio": 1.61,
            "account_receivable_turnover_ratio": 1.48,
            "reinvestment_rate": 15.1,
            "research_to_sale_ratio": 7.95,
            "price_fair": 75.85,
            "eps_avg_yearly": 2.17,
            "eps_latest_yearly": 0.48,
            "eps_growth_yearly": 1099.96
        },
        "20141": {
            "year_quarter": 20141,
            "year": 2014,
            "quarter": 1,
            "eps": 0.64,
            "eps_growth_year": -29.67,
            "eps_4q": 0.66,
            "eps_4q_growth_year": -80.26,
            "roe": 4.85,
            "roe_4q": 5.05,
            "gross_profit": 26675,
            "gross_margin": 14.58,
            "gross_margin_4q_avg": 15.86,
            "net_income": 15243,
            "net_income_4q": null,
            "revenue": 182903,
            "revenue_4q": null,
            "common_shares": 237173,
            "book_valuer_per_share": 13.59,
            "book_valuer_per_share_4q_avg": 13.05,
            "equity": 322219,
            "current_ratio": 327.04,
            "debt_ratio": 28.46,
            "inventory_turnover_ratio": 2.52,
            "account_receivable_turnover_ratio": 1.52,
            "reinvestment_rate": 12.97,
            "research_to_sale_ratio": 4.74,
            "price_fair": 81.84,
            "eps_avg_yearly": 2.34,
            "eps_latest_yearly": 2.56,
            "eps_growth_yearly": 1267.03
        },
        "20142": {
            "year_quarter": 20142,
            "year": 2014,
            "quarter": 2,
            "eps": 0.17,
            "eps_growth_year": 88.89,
            "eps_4q": 0.92,
            "eps_4q_growth_year": -54.82,
            "roe": 1.29,
            "roe_4q": 7,
            "gross_profit": 17858,
            "gross_margin": 18.21,
            "gross_margin_4q_avg": 17.2,
            "net_income": 3951,
            "net_income_4q": null,
            "revenue": 98044,
            "revenue_4q": null,
            "common_shares": 237173,
            "book_valuer_per_share": 12.25,
            "book_valuer_per_share_4q_avg": 12.9,
            "equity": 290605,
            "current_ratio": 250.68,
            "debt_ratio": 37.32,
            "inventory_turnover_ratio": 1.17,
            "account_receivable_turnover_ratio": 0.88,
            "reinvestment_rate": 13.21,
            "research_to_sale_ratio": 8.54,
            "price_fair": 78.65,
            "eps_avg_yearly": 2.25,
            "eps_latest_yearly": 0.68,
            "eps_growth_yearly": 1186.85
        },
        "20143": {
            "year_quarter": 20143,
            "year": 2014,
            "quarter": 3,
            "eps": 0.75,
            "eps_growth_year": 7400,
            "eps_4q": 1.68,
            "eps_4q_growth_year": 15.83,
            "roe": 5.95,
            "roe_4q": 13.05,
            "gross_profit": 32559,
            "gross_margin": 15.85,
            "gross_margin_4q_avg": 15.49,
            "net_income": 17833,
            "net_income_4q": null,
            "revenue": 205396,
            "revenue_4q": null,
            "common_shares": 237173,
            "book_valuer_per_share": 13.01,
            "book_valuer_per_share_4q_avg": 12.95,
            "equity": 308464,
            "current_ratio": 297.2,
            "debt_ratio": 31.78,
            "inventory_turnover_ratio": 2.37,
            "account_receivable_turnover_ratio": 1.62,
            "reinvestment_rate": 10.15,
            "research_to_sale_ratio": 4.66,
            "price_fair": 84.38,
            "eps_avg_yearly": 2.41,
            "eps_latest_yearly": 3,
            "eps_growth_yearly": 1321.3
        },
        "20144": {
            "year_quarter": 20144,
            "year": 2014,
            "quarter": 4,
            "eps": 0.07,
            "eps_growth_year": -42.78,
            "eps_4q": 1.63,
            "eps_4q_growth_year": 75.26,
            "roe": 0.54,
            "roe_4q": 12.629999999999999,
            "gross_profit": 12914,
            "gross_margin": 25.57,
            "gross_margin_4q_avg": 18.55,
            "net_income": 1673,
            "net_income_4q": null,
            "revenue": 50510,
            "revenue_4q": null,
            "common_shares": 237173,
            "book_valuer_per_share": 13.08,
            "book_valuer_per_share_4q_avg": 12.98,
            "equity": 310223,
            "current_ratio": 1149.92,
            "debt_ratio": 8.44,
            "inventory_turnover_ratio": 0.82,
            "account_receivable_turnover_ratio": 0.53,
            "reinvestment_rate": 7.6,
            "research_to_sale_ratio": 18.33,
            "price_fair": 78.17,
            "eps_avg_yearly": 2.23,
            "eps_latest_yearly": 0.28,
            "eps_growth_yearly": 1180.97
        },
        "20151": {
            "year_quarter": 20151,
            "year": 2015,
            "quarter": 1,
            "eps": -0.52,
            "eps_growth_year": -181.25,
            "eps_4q": 0.47,
            "eps_4q_growth_year": -29.13,
            "roe": -4.05,
            "roe_4q": 3.7300000000000004,
            "gross_profit": 2833,
            "gross_margin": 11.44,
            "gross_margin_4q_avg": 17.77,
            "net_income": -12322,
            "net_income_4q": null,
            "revenue": 24765,
            "revenue_4q": null,
            "common_shares": 237173,
            "book_valuer_per_share": 12.56,
            "book_valuer_per_share_4q_avg": 12.73,
            "equity": 297882,
            "current_ratio": 1282.9,
            "debt_ratio": 7.57,
            "inventory_turnover_ratio": 0.66,
            "account_receivable_turnover_ratio": 1.25,
            "reinvestment_rate": 3.11,
            "research_to_sale_ratio": 36.69,
            "price_fair": 78.17,
            "eps_avg_yearly": 2.23,
            "eps_latest_yearly": 0.28,
            "eps_growth_yearly": 1180.97
        },
        "20152": {
            "year_quarter": 20152,
            "year": 2015,
            "quarter": 2,
            "eps": -0.33,
            "eps_growth_year": -294.12,
            "eps_4q": -0.03,
            "eps_4q_growth_year": -103.4,
            "roe": -2.91,
            "roe_4q": -0.46999999999999975,
            "gross_profit": 7749,
            "gross_margin": 23.66,
            "gross_margin_4q_avg": 19.13,
            "net_income": -7925,
            "net_income_4q": null,
            "revenue": 32754,
            "revenue_4q": null,
            "common_shares": 237173,
            "book_valuer_per_share": 10.42,
            "book_valuer_per_share_4q_avg": 12.27,
            "equity": 247244,
            "current_ratio": 405.06,
            "debt_ratio": 23.61,
            "inventory_turnover_ratio": 0.74,
            "account_receivable_turnover_ratio": 2.57,
            "reinvestment_rate": 2.16,
            "research_to_sale_ratio": 27.43,
            "price_fair": 78.17,
            "eps_avg_yearly": 2.23,
            "eps_latest_yearly": 0.28,
            "eps_growth_yearly": 1180.97
        },
        "20153": {
            "year_quarter": 20153,
            "year": 2015,
            "quarter": 3,
            "eps": 0.12,
            "eps_growth_year": -84,
            "eps_4q": -0.66,
            "eps_4q_growth_year": -139.45,
            "roe": 1.14,
            "roe_4q": -5.28,
            "gross_profit": 9201,
            "gross_margin": 24.8,
            "gross_margin_4q_avg": 21.37,
            "net_income": 2815,
            "net_income_4q": null,
            "revenue": 37100,
            "revenue_4q": null,
            "common_shares": 237173,
            "book_valuer_per_share": 10.47,
            "book_valuer_per_share_4q_avg": 11.63,
            "equity": 248292,
            "current_ratio": 681.19,
            "debt_ratio": 14.12,
            "inventory_turnover_ratio": 0.74,
            "account_receivable_turnover_ratio": 2.12,
            "reinvestment_rate": 1.5,
            "research_to_sale_ratio": 23.22,
            "price_fair": 78.17,
            "eps_avg_yearly": 2.23,
            "eps_latest_yearly": 0.28,
            "eps_growth_yearly": 1180.97
        },
        "20154": {
            "year_quarter": 20154,
            "year": 2015,
            "quarter": 4,
            "eps": -0.17,
            "eps_growth_year": -346.92,
            "eps_4q": -0.91,
            "eps_4q_growth_year": -155.72,
            "roe": -1.66,
            "roe_4q": -7.48,
            "gross_profit": 12634,
            "gross_margin": 30.77,
            "gross_margin_4q_avg": 22.67,
            "net_income": -4131,
            "net_income_4q": null,
            "revenue": 41060,
            "revenue_4q": null,
            "common_shares": 237173,
            "book_valuer_per_share": 10.54,
            "book_valuer_per_share_4q_avg": 11,
            "equity": 249997,
            "current_ratio": 710.42,
            "debt_ratio": 14.08,
            "inventory_turnover_ratio": 0.69,
            "account_receivable_turnover_ratio": 1.97,
            "reinvestment_rate": -1.73,
            "research_to_sale_ratio": 21.59,
            "price_fair": 78.17,
            "eps_avg_yearly": 2.23,
            "eps_latest_yearly": 0.28,
            "eps_growth_yearly": 1180.97
        },
        "20161": {
            "year_quarter": 20161,
            "year": 2016,
            "quarter": 1,
            "eps": 0.08,
            "eps_growth_year": null,
            "eps_4q": -0.31,
            "eps_4q_growth_year": -166.71,
            "roe": 0.73,
            "roe_4q": -2.7,
            "gross_profit": 13113,
            "gross_margin": 25.41,
            "gross_margin_4q_avg": 26.16,
            "net_income": 1813,
            "net_income_4q": null,
            "revenue": 51613,
            "revenue_4q": null,
            "common_shares": 237173,
            "book_valuer_per_share": 10.45,
            "book_valuer_per_share_4q_avg": 10.47,
            "equity": 247825,
            "current_ratio": 594.65,
            "debt_ratio": 16.81,
            "inventory_turnover_ratio": 0.82,
            "account_receivable_turnover_ratio": 1.46,
            "reinvestment_rate": -7.76,
            "research_to_sale_ratio": 17.74,
            "price_fair": 66.31,
            "eps_avg_yearly": 1.89,
            "eps_latest_yearly": 0.28,
            "eps_growth_yearly": 550.67
        },
        "20162": {
            "year_quarter": 20162,
            "year": 2016,
            "quarter": 2,
            "eps": -0.16,
            "eps_growth_year": null,
            "eps_4q": -0.14,
            "eps_4q_growth_year": null,
            "roe": -1.53,
            "roe_4q": -1.32,
            "gross_profit": 10521,
            "gross_margin": 20.82,
            "gross_margin_4q_avg": 25.45,
            "net_income": -3752,
            "net_income_4q": null,
            "revenue": 50522,
            "revenue_4q": null,
            "common_shares": 237173,
            "book_valuer_per_share": 10.26,
            "book_valuer_per_share_4q_avg": 10.43,
            "equity": 243376,
            "current_ratio": 719.76,
            "debt_ratio": 14.06,
            "inventory_turnover_ratio": 0.81,
            "account_receivable_turnover_ratio": 1.43,
            "reinvestment_rate": -26.31,
            "research_to_sale_ratio": 19.27,
            "price_fair": 55.72,
            "eps_avg_yearly": 1.59,
            "eps_latest_yearly": 0.28,
            "eps_growth_yearly": 612.71
        },
        "20163": {
            "year_quarter": 20163,
            "year": 2016,
            "quarter": 3,
            "eps": -0.64,
            "eps_growth_year": -633.33,
            "eps_4q": -0.89,
            "eps_4q_growth_year": null,
            "roe": -6.43,
            "roe_4q": -8.89,
            "gross_profit": 3298,
            "gross_margin": 23.13,
            "gross_margin_4q_avg": 25.03,
            "net_income": -15131,
            "net_income_4q": null,
            "revenue": 14257,
            "revenue_4q": null,
            "common_shares": 237173,
            "book_valuer_per_share": 9.59,
            "book_valuer_per_share_4q_avg": 10.21,
            "equity": 227405,
            "current_ratio": 749.8,
            "debt_ratio": 13.6,
            "inventory_turnover_ratio": 0.19,
            "account_receivable_turnover_ratio": 1.23,
            "reinvestment_rate": -74.83,
            "research_to_sale_ratio": 69.12,
            "price_fair": 53.04,
            "eps_avg_yearly": 1.52,
            "eps_latest_yearly": 0.28,
            "eps_growth_yearly": 704.64
        },
        "20164": {
            "year_quarter": 20164,
            "year": 2016,
            "quarter": 4,
            "eps": 0.03,
            "eps_growth_year": null,
            "eps_4q": -0.69,
            "eps_4q_growth_year": null,
            "roe": 0.32,
            "roe_4q": -6.91,
            "gross_profit": 9924,
            "gross_margin": 21.19,
            "gross_margin_4q_avg": 22.64,
            "net_income": 738,
            "net_income_4q": null,
            "revenue": 46842,
            "revenue_4q": null,
            "common_shares": 237173,
            "book_valuer_per_share": 9.56,
            "book_valuer_per_share_4q_avg": 9.97,
            "equity": 226743,
            "current_ratio": 948.6,
            "debt_ratio": 10.37,
            "inventory_turnover_ratio": 0.65,
            "account_receivable_turnover_ratio": 2.08,
            "reinvestment_rate": -132.31,
            "research_to_sale_ratio": 14.04,
            "price_fair": 48.3,
            "eps_avg_yearly": 1.38,
            "eps_latest_yearly": 0.28,
            "eps_growth_yearly": 785.7
        },
        "20171": {
            "year_quarter": 20171,
            "year": 2017,
            "quarter": 1,
            "eps": -0.41,
            "eps_growth_year": -612.5,
            "eps_4q": -1.17,
            "eps_4q_growth_year": null,
            "roe": -4.41,
            "roe_4q": -12.049999999999999,
            "gross_profit": 7718,
            "gross_margin": 22.23,
            "gross_margin_4q_avg": 21.84,
            "net_income": -9722,
            "net_income_4q": null,
            "revenue": 34722,
            "revenue_4q": null,
            "common_shares": 237173,
            "book_valuer_per_share": 9.05,
            "book_valuer_per_share_4q_avg": 9.62,
            "equity": 214637,
            "current_ratio": 943.74,
            "debt_ratio": 10.4,
            "inventory_turnover_ratio": 0.61,
            "account_receivable_turnover_ratio": 1.17,
            "reinvestment_rate": null,
            "research_to_sale_ratio": 11.83,
            "price_fair": 37,
            "eps_avg_yearly": 1.06,
            "eps_latest_yearly": 0.28,
            "eps_growth_yearly": 875.09
        },
        "20172": {
            "year_quarter": 20172,
            "year": 2017,
            "quarter": 2,
            "eps": -0.33,
            "eps_growth_year": null,
            "eps_4q": -1.35,
            "eps_4q_growth_year": null,
            "roe": -3.72,
            "roe_4q": -14.24,
            "gross_profit": 3202,
            "gross_margin": 13.01,
            "gross_margin_4q_avg": 19.89,
            "net_income": -7838,
            "net_income_4q": null,
            "revenue": 24605,
            "revenue_4q": null,
            "common_shares": 237173,
            "book_valuer_per_share": 8.7,
            "book_valuer_per_share_4q_avg": 9.23,
            "equity": 206316,
            "current_ratio": 725.3,
            "debt_ratio": 13.32,
            "inventory_turnover_ratio": 0.53,
            "account_receivable_turnover_ratio": 1.67,
            "reinvestment_rate": null,
            "research_to_sale_ratio": 25.15,
            "price_fair": 41.07,
            "eps_avg_yearly": 1.17,
            "eps_latest_yearly": 0.28,
            "eps_growth_yearly": 1081.01
        },
        "20173": {
            "year_quarter": 20173,
            "year": 2017,
            "quarter": 3,
            "eps": -0.56,
            "eps_growth_year": null,
            "eps_4q": -1.27,
            "eps_4q_growth_year": null,
            "roe": -6.68,
            "roe_4q": -14.49,
            "gross_profit": 579,
            "gross_margin": 1.75,
            "gross_margin_4q_avg": 14.55,
            "net_income": -13303,
            "net_income_4q": null,
            "revenue": 33078,
            "revenue_4q": null,
            "common_shares": 237173,
            "book_valuer_per_share": 8.09,
            "book_valuer_per_share_4q_avg": 8.85,
            "equity": 191814,
            "current_ratio": 785.15,
            "debt_ratio": 12.28,
            "inventory_turnover_ratio": 0.94,
            "account_receivable_turnover_ratio": 4.3,
            "reinvestment_rate": null,
            "research_to_sale_ratio": 19.64,
            "price_fair": 49,
            "eps_avg_yearly": 1.4,
            "eps_latest_yearly": 0.28,
            "eps_growth_yearly": 1368.32
        },
        "20174": {
            "year_quarter": 20174,
            "year": 2017,
            "quarter": 4,
            "eps": -0.34,
            "eps_growth_year": -1203.37,
            "eps_4q": -1.64,
            "eps_4q_growth_year": null,
            "roe": -4.32,
            "roe_4q": -19.130000000000003,
            "gross_profit": 5436,
            "gross_margin": 16.06,
            "gross_margin_4q_avg": 13.26,
            "net_income": -8143,
            "net_income_4q": null,
            "revenue": 33849,
            "revenue_4q": null,
            "common_shares": 237173,
            "book_valuer_per_share": 7.8,
            "book_valuer_per_share_4q_avg": 8.41,
            "equity": 185081,
            "current_ratio": 583.79,
            "debt_ratio": 16.58,
            "inventory_turnover_ratio": 0.99,
            "account_receivable_turnover_ratio": 2.21,
            "reinvestment_rate": null,
            "research_to_sale_ratio": 17.31,
            "price_fair": 57.05,
            "eps_avg_yearly": 1.63,
            "eps_latest_yearly": 0.28,
            "eps_growth_yearly": 610.41
        },
        "20181": {
            "year_quarter": 20181,
            "year": 2018,
            "quarter": 1,
            "eps": -0.42,
            "eps_growth_year": null,
            "eps_4q": -1.66,
            "eps_4q_growth_year": null,
            "roe": -5.59,
            "roe_4q": -20.31,
            "gross_profit": 5848,
            "gross_margin": 15.37,
            "gross_margin_4q_avg": 11.55,
            "net_income": -10063,
            "net_income_4q": null,
            "revenue": 38055,
            "revenue_4q": null,
            "common_shares": 237173,
            "book_valuer_per_share": 7.38,
            "book_valuer_per_share_4q_avg": 7.99,
            "equity": 175018,
            "current_ratio": 599.76,
            "debt_ratio": 16.05,
            "inventory_turnover_ratio": 1.21,
            "account_receivable_turnover_ratio": 1.75,
            "reinvestment_rate": null,
            "research_to_sale_ratio": 15.04,
            "price_fair": 46.2,
            "eps_avg_yearly": 1.32,
            "eps_latest_yearly": 0.28,
            "eps_growth_yearly": 236.1
        },
        "20182": {
            "year_quarter": 20182,
            "year": 2018,
            "quarter": 2,
            "eps": -0.09,
            "eps_growth_year": null,
            "eps_4q": -1.42,
            "eps_4q_growth_year": null,
            "roe": -1.18,
            "roe_4q": -17.77,
            "gross_profit": 3269,
            "gross_margin": 11.77,
            "gross_margin_4q_avg": 11.24,
            "net_income": -2053,
            "net_income_4q": null,
            "revenue": 27776,
            "revenue_4q": null,
            "common_shares": 237173,
            "book_valuer_per_share": 7.29,
            "book_valuer_per_share_4q_avg": 7.64,
            "equity": 172964,
            "current_ratio": 715.66,
            "debt_ratio": 13.64,
            "inventory_turnover_ratio": 1.24,
            "account_receivable_turnover_ratio": 1.75,
            "reinvestment_rate": null,
            "research_to_sale_ratio": 25.22,
            "price_fair": 57.4,
            "eps_avg_yearly": 1.64,
            "eps_latest_yearly": 0.28,
            "eps_growth_yearly": 501.02
        },
        "20183": {
            "year_quarter": 20183,
            "year": 2018,
            "quarter": 3,
            "eps": -0.49,
            "eps_growth_year": null,
            "eps_4q": -1.35,
            "eps_4q_growth_year": null,
            "roe": -7,
            "roe_4q": -18.09,
            "gross_profit": 674,
            "gross_margin": 3.68,
            "gross_margin_4q_avg": 11.72,
            "net_income": -11700,
            "net_income_4q": null,
            "revenue": 18299,
            "revenue_4q": null,
            "common_shares": 237173,
            "book_valuer_per_share": 6.8,
            "book_valuer_per_share_4q_avg": 7.32,
            "equity": 161264,
            "current_ratio": 380.12,
            "debt_ratio": 25.55,
            "inventory_turnover_ratio": 0.72,
            "account_receivable_turnover_ratio": 1.7,
            "reinvestment_rate": null,
            "research_to_sale_ratio": 35.58,
            "price_fair": 0.84,
            "eps_avg_yearly": 0.28,
            "eps_latest_yearly": 0.28,
            "eps_growth_yearly": -362.67
        },
        "20184": {
            "year_quarter": 20184,
            "year": 2018,
            "quarter": 4,
            "eps": -0.24,
            "eps_growth_year": null,
            "eps_4q": -1.24,
            "eps_4q_growth_year": null,
            "roe": -3.58,
            "roe_4q": -17.35,
            "gross_profit": 7387,
            "gross_margin": 14.1,
            "gross_margin_4q_avg": 11.23,
            "net_income": -5669,
            "net_income_4q": null,
            "revenue": 52379,
            "revenue_4q": null,
            "common_shares": 237173,
            "book_valuer_per_share": 6.56,
            "book_valuer_per_share_4q_avg": 7.01,
            "equity": 155595,
            "current_ratio": 396.2,
            "debt_ratio": 24.45,
            "inventory_turnover_ratio": 1.55,
            "account_receivable_turnover_ratio": 4.58,
            "reinvestment_rate": null,
            "research_to_sale_ratio": 13.92,
            "price_fair": 0,
            "eps_avg_yearly": 0,
            "eps_latest_yearly": 0,
            "eps_growth_yearly": 0
        },
        "20191": {
            "year_quarter": 20191,
            "year": 2019,
            "quarter": 1,
            "eps": 0.24,
            "eps_growth_year": null,
            "eps_4q": -0.58,
            "eps_4q_growth_year": null,
            "roe": 3.57,
            "roe_4q": -8.19,
            "gross_profit": 15191,
            "gross_margin": 27.68,
            "gross_margin_4q_avg": 14.31,
            "net_income": 5651,
            "net_income_4q": null,
            "revenue": 54884,
            "revenue_4q": null,
            "common_shares": 237173,
            "book_valuer_per_share": 6.8,
            "book_valuer_per_share_4q_avg": 6.86,
            "equity": 161246,
            "current_ratio": 301.18,
            "debt_ratio": 34.92,
            "inventory_turnover_ratio": 1.17,
            "account_receivable_turnover_ratio": 3.44,
            "reinvestment_rate": null,
            "research_to_sale_ratio": 12.64,
            "price_fair": 0,
            "eps_avg_yearly": 0,
            "eps_latest_yearly": 0,
            "eps_growth_yearly": 0
        },
        "20192": {
            "year_quarter": 20192,
            "year": 2019,
            "quarter": 2,
            "eps": 0.16,
            "eps_growth_year": null,
            "eps_4q": -0.33,
            "eps_4q_growth_year": null,
            "roe": 2.34,
            "roe_4q": -4.67,
            "gross_profit": 14473,
            "gross_margin": 24.55,
            "gross_margin_4q_avg": 17.5,
            "net_income": 3815,
            "net_income_4q": null,
            "revenue": 58953,
            "revenue_4q": null,
            "common_shares": 237173,
            "book_valuer_per_share": 6.96,
            "book_valuer_per_share_4q_avg": 6.78,
            "equity": 165061,
            "current_ratio": 439.27,
            "debt_ratio": 25.38,
            "inventory_turnover_ratio": 1.23,
            "account_receivable_turnover_ratio": 2.66,
            "reinvestment_rate": null,
            "research_to_sale_ratio": 10.48,
            "price_fair": 1.92,
            "eps_avg_yearly": 0.64,
            "eps_latest_yearly": 0.64,
            "eps_growth_yearly": -133.33
        },
        "20193": {
            "year_quarter": 20193,
            "year": 2019,
            "quarter": 3,
            "eps": -0.2,
            "eps_growth_year": null,
            "eps_4q": -0.04,
            "eps_4q_growth_year": null,
            "roe": -2.89,
            "roe_4q": -0.5600000000000005,
            "gross_profit": 11247,
            "gross_margin": 24.89,
            "gross_margin_4q_avg": 22.81,
            "net_income": -4705,
            "net_income_4q": null,
            "revenue": 45180,
            "revenue_4q": null,
            "common_shares": 237173,
            "book_valuer_per_share": 6.76,
            "book_valuer_per_share_4q_avg": 6.77,
            "equity": 160356,
            "current_ratio": 400.13,
            "debt_ratio": 27.19,
            "inventory_turnover_ratio": 1.25,
            "account_receivable_turnover_ratio": 1.58,
            "reinvestment_rate": null,
            "research_to_sale_ratio": 14.02,
            "price_fair": 1.92,
            "eps_avg_yearly": 0.64,
            "eps_latest_yearly": 0.64,
            "eps_growth_yearly": -133.33
        },
        "20194": {
            "year_quarter": 20194,
            "year": 2019,
            "quarter": 4,
            "eps": -0.18,
            "eps_growth_year": null,
            "eps_4q": 0.02,
            "eps_4q_growth_year": null,
            "roe": -2.73,
            "roe_4q": 0.2899999999999996,
            "gross_profit": 11403,
            "gross_margin": 22.19,
            "gross_margin_4q_avg": 24.83,
            "net_income": -4316,
            "net_income_4q": null,
            "revenue": 51394,
            "revenue_4q": null,
            "common_shares": 237173,
            "book_valuer_per_share": 6.58,
            "book_valuer_per_share_4q_avg": 6.78,
            "equity": 156040,
            "current_ratio": 312.46,
            "debt_ratio": 33.31,
            "inventory_turnover_ratio": 1.26,
            "account_receivable_turnover_ratio": 2.35,
            "reinvestment_rate": null,
            "research_to_sale_ratio": 11.62,
            "price_fair": 1.92,
            "eps_avg_yearly": 0.64,
            "eps_latest_yearly": 0.64,
            "eps_growth_yearly": -133.33
        },
        "20201": {
            "year_quarter": 20201,
            "year": 2020,
            "quarter": 1,
            "eps": 0.06,
            "eps_growth_year": -75,
            "eps_4q": -0.16,
            "eps_4q_growth_year": null,
            "roe": 0.97,
            "roe_4q": -2.3100000000000005,
            "gross_profit": 18077,
            "gross_margin": 22.66,
            "gross_margin_4q_avg": 23.57,
            "net_income": 1520,
            "net_income_4q": null,
            "revenue": 79777,
            "revenue_4q": null,
            "common_shares": 237173,
            "book_valuer_per_share": 6.64,
            "book_valuer_per_share_4q_avg": 6.74,
            "equity": 157560,
            "current_ratio": 318.32,
            "debt_ratio": 32.78,
            "inventory_turnover_ratio": 1.91,
            "account_receivable_turnover_ratio": 5.88,
            "reinvestment_rate": null,
            "research_to_sale_ratio": 8.65,
            "price_fair": 1.92,
            "eps_avg_yearly": 0.64,
            "eps_latest_yearly": 0.64,
            "eps_growth_yearly": -133.33
        },
        "20202": {
            "year_quarter": 20202,
            "year": 2020,
            "quarter": 2,
            "eps": 0.21,
            "eps_growth_year": 31.25,
            "eps_4q": -0.1,
            "eps_4q_growth_year": null,
            "roe": 3.17,
            "roe_4q": -1.4800000000000004,
            "gross_profit": 14687,
            "gross_margin": 29.44,
            "gross_margin_4q_avg": 24.8,
            "net_income": 5074,
            "net_income_4q": null,
            "revenue": 49881,
            "revenue_4q": null,
            "common_shares": 237173,
            "book_valuer_per_share": 6.86,
            "book_valuer_per_share_4q_avg": 6.71,
            "equity": 162634,
            "current_ratio": 349.17,
            "debt_ratio": 30.18,
            "inventory_turnover_ratio": 1.01,
            "account_receivable_turnover_ratio": 3.43,
            "reinvestment_rate": null,
            "research_to_sale_ratio": 16.95,
            "price_fair": 25.9,
            "eps_avg_yearly": 0.74,
            "eps_latest_yearly": 0.84,
            "eps_growth_yearly": 433.33
        },
        "20203": {
            "year_quarter": 20203,
            "year": 2020,
            "quarter": 3,
            "eps": 0.19,
            "eps_growth_year": null,
            "eps_4q": 0.28,
            "eps_4q_growth_year": null,
            "roe": 2.68,
            "roe_4q": 4.09,
            "gross_profit": 17669,
            "gross_margin": 24.11,
            "gross_margin_4q_avg": 24.6,
            "net_income": 4414,
            "net_income_4q": null,
            "revenue": 73273,
            "revenue_4q": null,
            "common_shares": 237173,
            "book_valuer_per_share": 7.04,
            "book_valuer_per_share_4q_avg": 6.78,
            "equity": 167049,
            "current_ratio": 320.52,
            "debt_ratio": 32.93,
            "inventory_turnover_ratio": 1.42,
            "account_receivable_turnover_ratio": 2.76,
            "reinvestment_rate": null,
            "research_to_sale_ratio": 11.97,
            "price_fair": 26.13,
            "eps_avg_yearly": 0.75,
            "eps_latest_yearly": 0.76,
            "eps_growth_yearly": 276.19
        },
        "20204": {
            "year_quarter": 20204,
            "year": 2020,
            "quarter": 4,
            "eps": 0.08,
            "eps_growth_year": null,
            "eps_4q": 0.54,
            "eps_4q_growth_year": 2779.05,
            "roe": 1.07,
            "roe_4q": 7.89,
            "gross_profit": 15730,
            "gross_margin": 23.66,
            "gross_margin_4q_avg": 24.97,
            "net_income": 1804,
            "net_income_4q": null,
            "revenue": 66494,
            "revenue_4q": null,
            "common_shares": 237173,
            "book_valuer_per_share": 7.12,
            "book_valuer_per_share_4q_avg": 6.92,
            "equity": 168852,
            "current_ratio": 387.3,
            "debt_ratio": 28.82,
            "inventory_turnover_ratio": 1.91,
            "account_receivable_turnover_ratio": 3.25,
            "reinvestment_rate": null,
            "research_to_sale_ratio": 14.87,
            "price_fair": 22.4,
            "eps_avg_yearly": 0.64,
            "eps_latest_yearly": 0.32,
            "eps_growth_yearly": 149.25
        },
        "20211": {
            "year_quarter": 20211,
            "year": 2021,
            "quarter": 1,
            "eps": -0.47,
            "eps_growth_year": -883.33,
            "eps_4q": 0.01,
            "eps_4q_growth_year": null,
            "roe": -6.84,
            "roe_4q": 0.08000000000000052,
            "gross_profit": 6617,
            "gross_margin": 20.93,
            "gross_margin_4q_avg": 24.54,
            "net_income": -11167,
            "net_income_4q": null,
            "revenue": 31612,
            "revenue_4q": null,
            "common_shares": 237173,
            "book_valuer_per_share": 6.65,
            "book_valuer_per_share_4q_avg": 6.92,
            "equity": 157686,
            "current_ratio": 295.2,
            "debt_ratio": 34.78,
            "inventory_turnover_ratio": 0.74,
            "account_receivable_turnover_ratio": 4.52,
            "reinvestment_rate": null,
            "research_to_sale_ratio": 32.92,
            "price_fair": 22.4,
            "eps_avg_yearly": 0.64,
            "eps_latest_yearly": 0.32,
            "eps_growth_yearly": 149.25
        },
        "20212": {
            "year_quarter": 20212,
            "year": 2021,
            "quarter": 2,
            "eps": -1.14,
            "eps_growth_year": -642.86,
            "eps_4q": -1.35,
            "eps_4q_growth_year": null,
            "roe": -18.44,
            "roe_4q": -21.53,
            "gross_profit": -2639,
            "gross_margin": -12.05,
            "gross_margin_4q_avg": 14.16,
            "net_income": -27124,
            "net_income_4q": null,
            "revenue": 21903,
            "revenue_4q": null,
            "common_shares": 237173,
            "book_valuer_per_share": 5.76,
            "book_valuer_per_share_4q_avg": 6.64,
            "equity": 136517,
            "current_ratio": 167.1,
            "debt_ratio": 57.93,
            "inventory_turnover_ratio": 0.21,
            "account_receivable_turnover_ratio": 3.07,
            "reinvestment_rate": null,
            "research_to_sale_ratio": 70.08,
            "price_fair": 22.4,
            "eps_avg_yearly": 0.64,
            "eps_latest_yearly": 0.32,
            "eps_growth_yearly": 149.25
        },
        "20213": {
            "year_quarter": 20213,
            "year": 2021,
            "quarter": 3,
            "eps": -1.08,
            "eps_growth_year": -668.42,
            "eps_4q": -1.95,
            "eps_4q_growth_year": -789.73,
            "roe": -14.45,
            "roe_4q": -38.660000000000004,
            "gross_profit": -6840,
            "gross_margin": -10.27,
            "gross_margin_4q_avg": 5.57,
            "net_income": -29131,
            "net_income_4q": null,
            "revenue": 66606,
            "revenue_4q": null,
            "common_shares": 337173,
            "book_valuer_per_share": 7.91,
            "book_valuer_per_share_4q_avg": 6.86,
            "equity": 266585,
            "current_ratio": 177.69,
            "debt_ratio": 54.43,
            "inventory_turnover_ratio": 0.26,
            "account_receivable_turnover_ratio": 3.19,
            "reinvestment_rate": null,
            "research_to_sale_ratio": 23.98,
            "price_fair": 22.4,
            "eps_avg_yearly": 0.64,
            "eps_latest_yearly": 0.32,
            "eps_growth_yearly": 149.25
        },
        "20214": {
            "year_quarter": 20214,
            "year": 2021,
            "quarter": 4,
            "eps": -0.52,
            "eps_growth_year": -789.18,
            "eps_4q": -2.52,
            "eps_4q_growth_year": -567.21,
            "roe": -6.86,
            "roe_4q": -46.59,
            "gross_profit": 3461,
            "gross_margin": 2.21,
            "gross_margin_4q_avg": 0.21,
            "net_income": -17675,
            "net_income_4q": null,
            "revenue": 156628,
            "revenue_4q": null,
            "common_shares": 337173,
            "book_valuer_per_share": 7.38,
            "book_valuer_per_share_4q_avg": 6.93,
            "equity": 248910,
            "current_ratio": 174.41,
            "debt_ratio": 64.05,
            "inventory_turnover_ratio": 0.36,
            "account_receivable_turnover_ratio": 2.04,
            "reinvestment_rate": null,
            "research_to_sale_ratio": 10.3,
            "price_fair": 22.4,
            "eps_avg_yearly": 0.64,
            "eps_latest_yearly": 0.32,
            "eps_growth_yearly": 149.25
        },
        "20221": {
            "year_quarter": 20221,
            "year": 2022,
            "quarter": 1,
            "eps": 0.02,
            "eps_growth_year": null,
            "eps_4q": -2.18,
            "eps_4q_growth_year": -41373.53,
            "roe": 0.24,
            "roe_4q": -39.510000000000005,
            "gross_profit": 29023,
            "gross_margin": 11.37,
            "gross_margin_4q_avg": -2.19,
            "net_income": 591,
            "net_income_4q": null,
            "revenue": 255264,
            "revenue_4q": null,
            "common_shares": 337173,
            "book_valuer_per_share": 7.4,
            "book_valuer_per_share_4q_avg": 7.11,
            "equity": 249501,
            "current_ratio": 154.57,
            "debt_ratio": 67.74,
            "inventory_turnover_ratio": 0.49,
            "account_receivable_turnover_ratio": 1.5,
            "reinvestment_rate": null,
            "research_to_sale_ratio": 7.12,
            "price_fair": 22.4,
            "eps_avg_yearly": 0.64,
            "eps_latest_yearly": 0.32,
            "eps_growth_yearly": 149.25
        },
        "20222": {
            "year_quarter": 20222,
            "year": 2022,
            "quarter": 2,
            "eps": -0.36,
            "eps_growth_year": null,
            "eps_4q": -1.73,
            "eps_4q_growth_year": null,
            "roe": -5.03,
            "roe_4q": -26.1,
            "gross_profit": 16222,
            "gross_margin": 5.25,
            "gross_margin_4q_avg": 2.14,
            "net_income": -12248,
            "net_income_4q": null,
            "revenue": 309038,
            "revenue_4q": null,
            "common_shares": 337173,
            "book_valuer_per_share": 7.04,
            "book_valuer_per_share_4q_avg": 7.43,
            "equity": 237252,
            "current_ratio": 139.19,
            "debt_ratio": 72.34,
            "inventory_turnover_ratio": 0.7,
            "account_receivable_turnover_ratio": 1.13,
            "reinvestment_rate": null,
            "research_to_sale_ratio": 5.7,
            "price_fair": 22.4,
            "eps_avg_yearly": 0.64,
            "eps_latest_yearly": 0.32,
            "eps_growth_yearly": 149.25
        },
        "20223": {
            "year_quarter": 20223,
            "year": 2022,
            "quarter": 3,
            "eps": -0.58,
            "eps_growth_year": null,
            "eps_4q": -1.45,
            "eps_4q_growth_year": null,
            "roe": -8.65,
            "roe_4q": -20.3,
            "gross_profit": -2006,
            "gross_margin": -0.69,
            "gross_margin_4q_avg": 4.54,
            "net_income": -19665,
            "net_income_4q": null,
            "revenue": 290648,
            "revenue_4q": null,
            "common_shares": 337173,
            "book_valuer_per_share": 6.45,
            "book_valuer_per_share_4q_avg": 7.07,
            "equity": 217588,
            "current_ratio": 139.13,
            "debt_ratio": 70.81,
            "inventory_turnover_ratio": 0.86,
            "account_receivable_turnover_ratio": 0.84,
            "reinvestment_rate": null,
            "research_to_sale_ratio": 6.19,
            "price_fair": 22.4,
            "eps_avg_yearly": 0.64,
            "eps_latest_yearly": 0.32,
            "eps_growth_yearly": 149.25
        },
        "20224": {
            "year_quarter": 20224,
            "year": 2022,
            "quarter": 4,
            "eps": -0.45,
            "eps_growth_year": null,
            "eps_4q": -1.21,
            "eps_4q_growth_year": null,
            "roe": -7.16,
            "roe_4q": -20.6,
            "gross_profit": 22360,
            "gross_margin": 11.72,
            "gross_margin_4q_avg": 6.91,
            "net_income": -18738,
            "net_income_4q": null,
            "revenue": 190713,
            "revenue_4q": null,
            "common_shares": 415000,
            "book_valuer_per_share": 7.36,
            "book_valuer_per_share_4q_avg": 7.06,
            "equity": 305551,
            "current_ratio": 193.63,
            "debt_ratio": 48.71,
            "inventory_turnover_ratio": 0.63,
            "account_receivable_turnover_ratio": 0.65,
            "reinvestment_rate": null,
            "research_to_sale_ratio": 10.17,
            "price_fair": 22.4,
            "eps_avg_yearly": 0.64,
            "eps_latest_yearly": 0.32,
            "eps_growth_yearly": 149.25
        },
        "20231": {
            "year_quarter": 20231,
            "year": 2023,
            "quarter": 1,
            "eps": -0.52,
            "eps_growth_year": -2700,
            "eps_4q": -1.74,
            "eps_4q_growth_year": null,
            "roe": -7.26,
            "roe_4q": -28.1,
            "gross_profit": 14174,
            "gross_margin": 8.61,
            "gross_margin_4q_avg": 6.22,
            "net_income": -21420,
            "net_income_4q": null,
            "revenue": 164552,
            "revenue_4q": null,
            "common_shares": 415000,
            "book_valuer_per_share": 6.85,
            "book_valuer_per_share_4q_avg": 6.93,
            "equity": 284131,
            "current_ratio": 225.87,
            "debt_ratio": 41.27,
            "inventory_turnover_ratio": 0.71,
            "account_receivable_turnover_ratio": 0.81,
            "reinvestment_rate": null,
            "research_to_sale_ratio": 12.47,
            "price_fair": 22.4,
            "eps_avg_yearly": 0.64,
            "eps_latest_yearly": 0.32,
            "eps_growth_yearly": 149.25
        },
        "20232": {
            "year_quarter": 20232,
            "year": 2023,
            "quarter": 2,
            "eps": -0.27,
            "eps_growth_year": null,
            "eps_4q": -1.46,
            "eps_4q_growth_year": null,
            "roe": -3.58,
            "roe_4q": -26.65,
            "gross_profit": 20563,
            "gross_margin": 11.15,
            "gross_margin_4q_avg": 7.7,
            "net_income": -11490,
            "net_income_4q": null,
            "revenue": 184486,
            "revenue_4q": null,
            "common_shares": 487000,
            "book_valuer_per_share": 7.35,
            "book_valuer_per_share_4q_avg": 7,
            "equity": 357745,
            "current_ratio": 274.71,
            "debt_ratio": 34.39,
            "inventory_turnover_ratio": 0.94,
            "account_receivable_turnover_ratio": 0.94,
            "reinvestment_rate": null,
            "research_to_sale_ratio": 12.87,
            "price_fair": 22.4,
            "eps_avg_yearly": 0.64,
            "eps_latest_yearly": 0.32,
            "eps_growth_yearly": 243.44
        },
        "20233": {
            "year_quarter": 20233,
            "year": 2023,
            "quarter": 3,
            "eps": -0.33,
            "eps_growth_year": null,
            "eps_4q": -1.39,
            "eps_4q_growth_year": null,
            "roe": -4.55,
            "roe_4q": -22.549999999999997,
            "gross_profit": 20017,
            "gross_margin": 11.56,
            "gross_margin_4q_avg": 10.76,
            "net_income": -15923,
            "net_income_4q": null,
            "revenue": 173137,
            "revenue_4q": null,
            "common_shares": 487000,
            "book_valuer_per_share": 7.02,
            "book_valuer_per_share_4q_avg": 7.15,
            "equity": 341822,
            "current_ratio": 313.05,
            "debt_ratio": 29.34,
            "inventory_turnover_ratio": 1.23,
            "account_receivable_turnover_ratio": 0.85,
            "reinvestment_rate": null,
            "research_to_sale_ratio": 17.77,
            "price_fair": 22.4,
            "eps_avg_yearly": 0.64,
            "eps_latest_yearly": 0.32,
            "eps_growth_yearly": 243.44
        }
    },
    "months": {
        "2003-04": {
            "month": "2003-04",
            "price": "28.24",
            "revenue": 95059
        },
        "2003-05": {
            "month": "2003-05",
            "price": "24.82",
            "revenue": 43544
        },
        "2003-06": {
            "month": "2003-06",
            "price": "26.92",
            "revenue": 47812
        },
        "2003-07": {
            "month": "2003-07",
            "price": "26.53",
            "revenue": 104834
        },
        "2003-08": {
            "month": "2003-08",
            "price": "18.27",
            "revenue": 95516
        },
        "2003-09": {
            "month": "2003-09",
            "price": "10.61",
            "revenue": 127491
        },
        "2003-10": {
            "month": "2003-10",
            "price": "10.58",
            "revenue": 141763
        },
        "2003-11": {
            "month": "2003-11",
            "price": "11.71",
            "revenue": 141144
        },
        "2003-12": {
            "month": "2003-12",
            "price": "13.28",
            "revenue": 98786
        },
        "2004-01": {
            "month": "2004-01",
            "price": "12.55",
            "revenue": 76638
        },
        "2004-02": {
            "month": "2004-02",
            "price": "12.32",
            "revenue": 114840
        },
        "2004-03": {
            "month": "2004-03",
            "price": "12.43",
            "revenue": 145604
        },
        "2004-04": {
            "month": "2004-04",
            "price": "12.84",
            "revenue": 136084
        },
        "2004-05": {
            "month": "2004-05",
            "price": "11.26",
            "revenue": 92619
        },
        "2004-06": {
            "month": "2004-06",
            "price": "10.08",
            "revenue": 112595
        },
        "2004-07": {
            "month": "2004-07",
            "price": "8.95",
            "revenue": 112399
        },
        "2004-08": {
            "month": "2004-08",
            "price": "6.04",
            "revenue": 117176
        },
        "2004-09": {
            "month": "2004-09",
            "price": "6.42",
            "revenue": 126855
        },
        "2004-10": {
            "month": "2004-10",
            "price": "6.15",
            "revenue": 115891
        },
        "2004-11": {
            "month": "2004-11",
            "price": "4.38",
            "revenue": 83163
        },
        "2004-12": {
            "month": "2004-12",
            "price": "3.54",
            "revenue": 89278
        },
        "2005-01": {
            "month": "2005-01",
            "price": "3.66",
            "revenue": 90549
        },
        "2005-02": {
            "month": "2005-02",
            "price": "3.39",
            "revenue": 70542
        },
        "2005-03": {
            "month": "2005-03",
            "price": "4.62",
            "revenue": 91307
        },
        "2005-04": {
            "month": "2005-04",
            "price": "4.12",
            "revenue": 39899
        },
        "2005-05": {
            "month": "2005-05",
            "price": "2.33",
            "revenue": 61075
        },
        "2005-06": {
            "month": "2005-06",
            "price": "1.89",
            "revenue": 24839
        },
        "2005-07": {
            "month": "2005-07",
            "price": "1.72",
            "revenue": 35066
        },
        "2005-08": {
            "month": "2005-08",
            "price": "2.06",
            "revenue": 53437
        },
        "2005-09": {
            "month": "2005-09",
            "price": "1.93",
            "revenue": 51961
        },
        "2005-10": {
            "month": "2005-10",
            "price": "1.98",
            "revenue": 36939
        },
        "2005-11": {
            "month": "2005-11",
            "price": "1.40",
            "revenue": 48791
        },
        "2005-12": {
            "month": "2005-12",
            "price": "1.54",
            "revenue": 47577
        },
        "2006-01": {
            "month": "2006-01",
            "price": "1.34",
            "revenue": 19138
        },
        "2006-02": {
            "month": "2006-02",
            "price": "0.84",
            "revenue": 39939
        },
        "2006-03": {
            "month": "2006-03",
            "price": "2.78",
            "revenue": 35267
        },
        "2006-04": {
            "month": "2006-04",
            "price": "2.78",
            "revenue": 55869
        },
        "2006-05": {
            "month": "2006-05",
            "price": "3.02",
            "revenue": 33351
        },
        "2006-06": {
            "month": "2006-06",
            "price": "5.78",
            "revenue": 43023
        },
        "2006-07": {
            "month": "2006-07",
            "price": "4.48",
            "revenue": 39283
        },
        "2006-08": {
            "month": "2006-08",
            "price": "2.62",
            "revenue": 26356
        },
        "2006-09": {
            "month": "2006-09",
            "price": "4.44",
            "revenue": 31221
        },
        "2006-10": {
            "month": "2006-10",
            "price": "5.58",
            "revenue": 38643
        },
        "2006-11": {
            "month": "2006-11",
            "price": "5.50",
            "revenue": 39881
        },
        "2006-12": {
            "month": "2006-12",
            "price": "5.26",
            "revenue": 12875
        },
        "2007-01": {
            "month": "2007-01",
            "price": "5.15",
            "revenue": 23621
        },
        "2007-02": {
            "month": "2007-02",
            "price": "5.00",
            "revenue": 36515
        },
        "2007-03": {
            "month": "2007-03",
            "price": "4.41",
            "revenue": 45869
        },
        "2007-04": {
            "month": "2007-04",
            "price": "5.44",
            "revenue": 33839
        },
        "2007-05": {
            "month": "2007-05",
            "price": "8.53",
            "revenue": 46353
        },
        "2007-06": {
            "month": "2007-06",
            "price": "8.40",
            "revenue": 39160
        },
        "2007-07": {
            "month": "2007-07",
            "price": "7.33",
            "revenue": 21773
        },
        "2007-08": {
            "month": "2007-08",
            "price": "8.10",
            "revenue": 30622
        },
        "2007-09": {
            "month": "2007-09",
            "price": "6.99",
            "revenue": 34051
        },
        "2007-10": {
            "month": "2007-10",
            "price": "7.28",
            "revenue": 23322
        },
        "2007-11": {
            "month": "2007-11",
            "price": "7.89",
            "revenue": 21359
        },
        "2007-12": {
            "month": "2007-12",
            "price": "6.54",
            "revenue": 9018
        },
        "2008-01": {
            "month": "2008-01",
            "price": "6.87",
            "revenue": 12402
        },
        "2008-02": {
            "month": "2008-02",
            "price": "29.63",
            "revenue": 11255
        },
        "2008-03": {
            "month": "2008-03",
            "price": "25.00",
            "revenue": 22563
        },
        "2008-09": {
            "month": "2008-09",
            "price": "19.70",
            "revenue": 13385
        },
        "2008-10": {
            "month": "2008-10",
            "price": "19.95",
            "revenue": 10950
        },
        "2008-11": {
            "month": "2008-11",
            "price": "20.20",
            "revenue": 11018
        },
        "2008-12": {
            "month": "2008-12",
            "price": "19.95",
            "revenue": 13369
        },
        "2009-02": {
            "month": "2009-02",
            "price": "12.87",
            "revenue": 14408
        },
        "2009-03": {
            "month": "2009-03",
            "price": "10.71",
            "revenue": 14588
        },
        "2009-04": {
            "month": "2009-04",
            "price": "11.95",
            "revenue": 9456
        },
        "2009-05": {
            "month": "2009-05",
            "price": "10.31",
            "revenue": 19248
        },
        "2009-06": {
            "month": "2009-06",
            "price": "9.82",
            "revenue": 28434
        },
        "2009-07": {
            "month": "2009-07",
            "price": "13.94",
            "revenue": 34060
        },
        "2009-08": {
            "month": "2009-08",
            "price": "17.66",
            "revenue": 28974
        },
        "2009-09": {
            "month": "2009-09",
            "price": "18.24",
            "revenue": 19209
        },
        "2009-10": {
            "month": "2009-10",
            "price": "19.90",
            "revenue": 18486
        },
        "2009-11": {
            "month": "2009-11",
            "price": "19.92",
            "revenue": 36217
        },
        "2009-12": {
            "month": "2009-12",
            "price": "21.21",
            "revenue": 16150
        },
        "2010-01": {
            "month": "2010-01",
            "price": "22.66",
            "revenue": 16507
        },
        "2010-02": {
            "month": "2010-02",
            "price": "21.22",
            "revenue": 16064
        },
        "2010-03": {
            "month": "2010-03",
            "price": "20.65",
            "revenue": 24654
        },
        "2010-04": {
            "month": "2010-04",
            "price": "22.09",
            "revenue": 35739
        },
        "2010-05": {
            "month": "2010-05",
            "price": "21.52",
            "revenue": 31814
        },
        "2010-06": {
            "month": "2010-06",
            "price": "20.82",
            "revenue": 14113
        },
        "2010-07": {
            "month": "2010-07",
            "price": "20.30",
            "revenue": 30946
        },
        "2010-08": {
            "month": "2010-08",
            "price": "19.60",
            "revenue": 20562
        },
        "2010-09": {
            "month": "2010-09",
            "price": "18.86",
            "revenue": 32165
        },
        "2010-10": {
            "month": "2010-10",
            "price": "18.04",
            "revenue": 12937
        },
        "2010-11": {
            "month": "2010-11",
            "price": "17.70",
            "revenue": 12010
        },
        "2010-12": {
            "month": "2010-12",
            "price": "17.78",
            "revenue": 21104
        },
        "2011-01": {
            "month": "2011-01",
            "price": "17.30",
            "revenue": 15815
        },
        "2011-02": {
            "month": "2011-02",
            "price": "17.75",
            "revenue": 17947
        },
        "2011-03": {
            "month": "2011-03",
            "price": "16.38",
            "revenue": 30123
        },
        "2011-04": {
            "month": "2011-04",
            "price": "16.04",
            "revenue": 29591
        },
        "2011-05": {
            "month": "2011-05",
            "price": "15.68",
            "revenue": 20275
        },
        "2011-06": {
            "month": "2011-06",
            "price": "15.97",
            "revenue": 12381
        },
        "2011-07": {
            "month": "2011-07",
            "price": "15.80",
            "revenue": 11589
        },
        "2011-08": {
            "month": "2011-08",
            "price": "14.92",
            "revenue": 14697
        },
        "2011-09": {
            "month": "2011-09",
            "price": "13.13",
            "revenue": 12935
        },
        "2011-10": {
            "month": "2011-10",
            "price": "12.93",
            "revenue": 15965
        },
        "2011-11": {
            "month": "2011-11",
            "price": "14.52",
            "revenue": 13517
        },
        "2011-12": {
            "month": "2011-12",
            "price": "20.24",
            "revenue": 33247
        },
        "2012-01": {
            "month": "2012-01",
            "price": "21.62",
            "revenue": 67803
        },
        "2012-02": {
            "month": "2012-02",
            "price": "27.94",
            "revenue": 202762
        },
        "2012-03": {
            "month": "2012-03",
            "price": "41.96",
            "revenue": 219186
        },
        "2012-04": {
            "month": "2012-04",
            "price": "45.26",
            "revenue": 211602
        },
        "2012-05": {
            "month": "2012-05",
            "price": "48.45",
            "revenue": 158468
        },
        "2012-06": {
            "month": "2012-06",
            "price": "45.95",
            "revenue": 163460
        },
        "2012-07": {
            "month": "2012-07",
            "price": "45.14",
            "revenue": 98133
        },
        "2012-08": {
            "month": "2012-08",
            "price": "45.11",
            "revenue": 141359
        },
        "2012-09": {
            "month": "2012-09",
            "price": "44.96",
            "revenue": 141748
        },
        "2012-10": {
            "month": "2012-10",
            "price": "43.00",
            "revenue": 157136
        },
        "2012-11": {
            "month": "2012-11",
            "price": "39.32",
            "revenue": 144721
        },
        "2012-12": {
            "month": "2012-12",
            "price": "37.25",
            "revenue": 138681
        },
        "2013-01": {
            "month": "2013-01",
            "price": "35.73",
            "revenue": 151894
        },
        "2013-02": {
            "month": "2013-02",
            "price": "42.05",
            "revenue": 96301
        },
        "2013-03": {
            "month": "2013-03",
            "price": "40.30",
            "revenue": 143258
        },
        "2013-04": {
            "month": "2013-04",
            "price": "35.52",
            "revenue": 53735
        },
        "2013-05": {
            "month": "2013-05",
            "price": "31.73",
            "revenue": 14274
        },
        "2013-06": {
            "month": "2013-06",
            "price": "26.66",
            "revenue": 13375
        },
        "2013-07": {
            "month": "2013-07",
            "price": "22.08",
            "revenue": 14739
        },
        "2013-08": {
            "month": "2013-08",
            "price": "20.59",
            "revenue": 17421
        },
        "2013-09": {
            "month": "2013-09",
            "price": "21.23",
            "revenue": 15430
        },
        "2013-10": {
            "month": "2013-10",
            "price": "22.50",
            "revenue": 16840
        },
        "2013-11": {
            "month": "2013-11",
            "price": "23.05",
            "revenue": 29995
        },
        "2013-12": {
            "month": "2013-12",
            "price": "22.90",
            "revenue": 65145
        },
        "2014-01": {
            "month": "2014-01",
            "price": "22.75",
            "revenue": 77346
        },
        "2014-02": {
            "month": "2014-02",
            "price": "22.66",
            "revenue": 45660
        },
        "2014-03": {
            "month": "2014-03",
            "price": "23.42",
            "revenue": 59896
        },
        "2014-04": {
            "month": "2014-04",
            "price": "23.18",
            "revenue": 19250
        },
        "2014-05": {
            "month": "2014-05",
            "price": "21.33",
            "revenue": 18257
        },
        "2014-06": {
            "month": "2014-06",
            "price": "21.92",
            "revenue": 60536
        },
        "2014-07": {
            "month": "2014-07",
            "price": "20.80",
            "revenue": 66976
        },
        "2014-08": {
            "month": "2014-08",
            "price": "21.60",
            "revenue": 67078
        },
        "2014-09": {
            "month": "2014-09",
            "price": "21.62",
            "revenue": 71342
        },
        "2014-10": {
            "month": "2014-10",
            "price": "26.43",
            "revenue": 25896
        },
        "2014-11": {
            "month": "2014-11",
            "price": "30.78",
            "revenue": 5145
        },
        "2014-12": {
            "month": "2014-12",
            "price": "27.37",
            "revenue": 19469
        },
        "2015-01": {
            "month": "2015-01",
            "price": "24.09",
            "revenue": 4077
        },
        "2015-02": {
            "month": "2015-02",
            "price": "22.45",
            "revenue": 6995
        },
        "2015-03": {
            "month": "2015-03",
            "price": "22.78",
            "revenue": 13694
        },
        "2015-04": {
            "month": "2015-04",
            "price": "25.28",
            "revenue": 14192
        },
        "2015-05": {
            "month": "2015-05",
            "price": "22.68",
            "revenue": 9902
        },
        "2015-06": {
            "month": "2015-06",
            "price": "19.22",
            "revenue": 8661
        },
        "2015-07": {
            "month": "2015-07",
            "price": "15.48",
            "revenue": 12699
        },
        "2015-08": {
            "month": "2015-08",
            "price": "12.65",
            "revenue": 4145
        },
        "2015-09": {
            "month": "2015-09",
            "price": "12.83",
            "revenue": 20256
        },
        "2015-10": {
            "month": "2015-10",
            "price": "13.32",
            "revenue": 20873
        },
        "2015-11": {
            "month": "2015-11",
            "price": "14.20",
            "revenue": 10943
        },
        "2015-12": {
            "month": "2015-12",
            "price": "13.50",
            "revenue": 9244
        },
        "2016-01": {
            "month": "2016-01",
            "price": "12.94",
            "revenue": 7643
        },
        "2016-02": {
            "month": "2016-02",
            "price": "12.85",
            "revenue": 8810
        },
        "2016-03": {
            "month": "2016-03",
            "price": "13.08",
            "revenue": 35160
        },
        "2016-04": {
            "month": "2016-04",
            "price": "13.27",
            "revenue": 16419
        },
        "2016-05": {
            "month": "2016-05",
            "price": "12.01",
            "revenue": 23655
        },
        "2016-06": {
            "month": "2016-06",
            "price": "15.59",
            "revenue": 10448
        },
        "2016-07": {
            "month": "2016-07",
            "price": "22.69",
            "revenue": 2833
        },
        "2016-08": {
            "month": "2016-08",
            "price": "18.74",
            "revenue": 4708
        },
        "2016-09": {
            "month": "2016-09",
            "price": "13.17",
            "revenue": 6717
        },
        "2016-10": {
            "month": "2016-10",
            "price": "15.24",
            "revenue": 4475
        },
        "2016-11": {
            "month": "2016-11",
            "price": "14.39",
            "revenue": 15754
        },
        "2016-12": {
            "month": "2016-12",
            "price": "14.54",
            "revenue": 26613
        },
        "2017-01": {
            "month": "2017-01",
            "price": "14.98",
            "revenue": 9918
        },
        "2017-02": {
            "month": "2017-02",
            "price": "15.90",
            "revenue": 13235
        },
        "2017-03": {
            "month": "2017-03",
            "price": "16.32",
            "revenue": 11568
        },
        "2017-04": {
            "month": "2017-04",
            "price": "15.15",
            "revenue": 7502
        },
        "2017-05": {
            "month": "2017-05",
            "price": "15.33",
            "revenue": 10311
        },
        "2017-06": {
            "month": "2017-06",
            "price": "15.58",
            "revenue": 6792
        },
        "2017-07": {
            "month": "2017-07",
            "price": "15.35",
            "revenue": 10102
        },
        "2017-08": {
            "month": "2017-08",
            "price": "13.97",
            "revenue": 13834
        },
        "2017-09": {
            "month": "2017-09",
            "price": "13.70",
            "revenue": 9142
        },
        "2017-10": {
            "month": "2017-10",
            "price": "13.46",
            "revenue": 7501
        },
        "2017-11": {
            "month": "2017-11",
            "price": "13.04",
            "revenue": 5118
        },
        "2017-12": {
            "month": "2017-12",
            "price": "12.56",
            "revenue": 20849
        },
        "2018-01": {
            "month": "2018-01",
            "price": "12.48",
            "revenue": 12974
        },
        "2018-02": {
            "month": "2018-02",
            "price": "11.75",
            "revenue": 8320
        },
        "2018-03": {
            "month": "2018-03",
            "price": "12.57",
            "revenue": 16761
        },
        "2018-04": {
            "month": "2018-04",
            "price": "12.44",
            "revenue": 1169
        },
        "2018-05": {
            "month": "2018-05",
            "price": "12.07",
            "revenue": 16888
        },
        "2018-06": {
            "month": "2018-06",
            "price": "12.08",
            "revenue": 9718
        },
        "2018-07": {
            "month": "2018-07",
            "price": "11.64",
            "revenue": 1684
        },
        "2018-08": {
            "month": "2018-08",
            "price": "11.60",
            "revenue": 4179
        },
        "2018-09": {
            "month": "2018-09",
            "price": "10.94",
            "revenue": 12437
        },
        "2018-10": {
            "month": "2018-10",
            "price": "9.93",
            "revenue": 13477
        },
        "2018-11": {
            "month": "2018-11",
            "price": "9.53",
            "revenue": 17239
        },
        "2018-12": {
            "month": "2018-12",
            "price": "10.00",
            "revenue": 21663
        },
        "2019-01": {
            "month": "2019-01",
            "price": "9.72",
            "revenue": 22471
        },
        "2019-02": {
            "month": "2019-02",
            "price": "9.35",
            "revenue": 12101
        },
        "2019-03": {
            "month": "2019-03",
            "price": "9.61",
            "revenue": 20312
        },
        "2019-04": {
            "month": "2019-04",
            "price": "10.02",
            "revenue": 23717
        },
        "2019-05": {
            "month": "2019-05",
            "price": "11.48",
            "revenue": 13166
        },
        "2019-06": {
            "month": "2019-06",
            "price": "13.32",
            "revenue": 22070
        },
        "2019-07": {
            "month": "2019-07",
            "price": "13.78",
            "revenue": 12766
        },
        "2019-08": {
            "month": "2019-08",
            "price": "13.96",
            "revenue": 11354
        },
        "2019-09": {
            "month": "2019-09",
            "price": "12.77",
            "revenue": 21061
        },
        "2019-10": {
            "month": "2019-10",
            "price": "13.20",
            "revenue": 10383
        },
        "2019-11": {
            "month": "2019-11",
            "price": "12.01",
            "revenue": 21887
        },
        "2019-12": {
            "month": "2019-12",
            "price": "11.77",
            "revenue": 19124
        },
        "2020-01": {
            "month": "2020-01",
            "price": "11.81",
            "revenue": 26248
        },
        "2020-02": {
            "month": "2020-02",
            "price": "11.27",
            "revenue": 26918
        },
        "2020-03": {
            "month": "2020-03",
            "price": "10.31",
            "revenue": 26611
        },
        "2020-04": {
            "month": "2020-04",
            "price": "10.34",
            "revenue": 12573
        },
        "2020-05": {
            "month": "2020-05",
            "price": "10.27",
            "revenue": 22924
        },
        "2020-06": {
            "month": "2020-06",
            "price": "11.75",
            "revenue": 14385
        },
        "2020-07": {
            "month": "2020-07",
            "price": "17.76",
            "revenue": 20897
        },
        "2020-08": {
            "month": "2020-08",
            "price": "18.24",
            "revenue": 11588
        },
        "2020-09": {
            "month": "2020-09",
            "price": "17.68",
            "revenue": 40787
        },
        "2020-10": {
            "month": "2020-10",
            "price": "24.75",
            "revenue": 28682
        },
        "2020-11": {
            "month": "2020-11",
            "price": "27.78",
            "revenue": 21170
        },
        "2020-12": {
            "month": "2020-12",
            "price": "29.20",
            "revenue": 16642
        },
        "2021-01": {
            "month": "2021-01",
            "price": "24.81",
            "revenue": 17357
        },
        "2021-02": {
            "month": "2021-02",
            "price": "23.96",
            "revenue": 1879
        },
        "2021-03": {
            "month": "2021-03",
            "price": "26.10",
            "revenue": 12377
        },
        "2021-04": {
            "month": "2021-04",
            "price": "25.29",
            "revenue": 13487
        },
        "2021-05": {
            "month": "2021-05",
            "price": "21.07",
            "revenue": 8161
        },
        "2021-06": {
            "month": "2021-06",
            "price": "19.62",
            "revenue": 255
        },
        "2021-07": {
            "month": "2021-07",
            "price": "19.84",
            "revenue": 11601
        },
        "2021-08": {
            "month": "2021-08",
            "price": "18.90",
            "revenue": 22167
        },
        "2021-09": {
            "month": "2021-09",
            "price": "22.03",
            "revenue": 32838
        },
        "2021-10": {
            "month": "2021-10",
            "price": "24.04",
            "revenue": 34066
        },
        "2021-11": {
            "month": "2021-11",
            "price": "23.34",
            "revenue": 38120
        },
        "2021-12": {
            "month": "2021-12",
            "price": "22.13",
            "revenue": 84442
        },
        "2022-01": {
            "month": "2022-01",
            "price": "22.17",
            "revenue": 98023
        },
        "2022-02": {
            "month": "2022-02",
            "price": "22.41",
            "revenue": 38816
        },
        "2022-03": {
            "month": "2022-03",
            "price": "29.84",
            "revenue": 118425
        },
        "2022-04": {
            "month": "2022-04",
            "price": "37.78",
            "revenue": 116277
        },
        "2022-05": {
            "month": "2022-05",
            "price": "35.93",
            "revenue": 85503
        },
        "2022-06": {
            "month": "2022-06",
            "price": "28.19",
            "revenue": 107259
        },
        "2022-07": {
            "month": "2022-07",
            "price": "21.78",
            "revenue": 66413
        },
        "2022-08": {
            "month": "2022-08",
            "price": "22.62",
            "revenue": 117635
        },
        "2022-09": {
            "month": "2022-09",
            "price": "18.73",
            "revenue": 106600
        },
        "2022-10": {
            "month": "2022-10",
            "price": "15.19",
            "revenue": 54343
        },
        "2022-11": {
            "month": "2022-11",
            "price": "17.11",
            "revenue": 65733
        },
        "2022-12": {
            "month": "2022-12",
            "price": "16.57",
            "revenue": 70638
        },
        "2023-01": {
            "month": "2023-01",
            "price": "15.35",
            "revenue": 37403
        },
        "2023-02": {
            "month": "2023-02",
            "price": "15.23",
            "revenue": 51003
        },
        "2023-03": {
            "month": "2023-03",
            "price": "14.72",
            "revenue": 76146
        },
        "2023-04": {
            "month": "2023-04",
            "price": "14.04",
            "revenue": 54574
        },
        "2023-05": {
            "month": "2023-05",
            "price": "14.79",
            "revenue": 57972
        },
        "2023-06": {
            "month": "2023-06",
            "price": "14.58",
            "revenue": 71939
        },
        "2023-07": {
            "month": "2023-07",
            "price": "14.17",
            "revenue": 72333
        },
        "2023-08": {
            "month": "2023-08",
            "price": "13.21",
            "revenue": 47885
        },
        "2023-09": {
            "month": "2023-09",
            "price": "12.96",
            "revenue": 52919
        },
        "2023-10": {
            "month": "2023-10",
            "price": "12.24",
            "revenue": 37889
        },
        "2023-11": {
            "month": "2023-11",
            "price": "11.92",
            "revenue": 48230
        }
    }
}
