{
    "summary": {
        "stock_name": "立康",
        "stock_id": "6242",
        "category": "生技醫療",
        "main_business": "以觀光工廠模式銷售各式藥品、保健食品、美容商品<br>提供健康諮詢、產品宅配與售後服務",
        "website_url": "http://likangbio.com",
        "ceo": "鄭育修",
        "pe_ratio": 14,
        "report_year_from": 2001,
        "report_year_to": 2023,
        "age": 22,
        "eps_negative_percentage": 52,
        "eps_growth_avg": {
            "last_all": 14.7,
            "last_2y": 23.48,
            "last_4y": 4.33,
            "last_8y": 18.9,
            "last_12y": 18.9,
            "last_16y": 18.9,
            "last_20y": 14.7,
            "at_2006_last_3y": -100,
            "at_2007_last_3y": null,
            "at_2008_last_3y": null,
            "at_2009_last_3y": null,
            "at_2010_last_3y": null,
            "at_2011_last_3y": null,
            "at_2012_last_3y": null,
            "at_2013_last_3y": null,
            "at_2014_last_3y": null,
            "at_2015_last_3y": null,
            "at_2016_last_3y": 10.65,
            "at_2017_last_3y": 55.32,
            "at_2018_last_3y": 22.73,
            "at_2019_last_3y": 15.46,
            "at_2020_last_3y": 11.88,
            "at_2021_last_3y": -19.59,
            "at_2022_last_3y": 16.02,
            "at_2023_last_3y": 16.02,
            "at_2006_last_all": 0,
            "at_2007_last_all": 0,
            "at_2008_last_all": 0,
            "at_2009_last_all": 0,
            "at_2010_last_all": 0,
            "at_2011_last_all": 0,
            "at_2012_last_all": 0,
            "at_2013_last_all": 0,
            "at_2014_last_all": 0,
            "at_2015_last_all": 0,
            "at_2016_last_all": 3.55,
            "at_2017_last_all": 27.66,
            "at_2018_last_all": 13.64,
            "at_2019_last_all": 10.31,
            "at_2020_last_all": 8.31,
            "at_2021_last_all": 4.04,
            "at_2022_last_all": 14.7,
            "at_2023_last_all": 14.7
        },
        "latest_eps": 5.42,
        "latest_price": 76.5,
        "latest_roe": 22.9,
        "latest_gross_margin": 65.13,
        "latest_equity": 595395,
        "latest_revenue": 155837,
        "latest_gross_profit": 101502,
        "latest_net_income": 28146,
        "latest_debt_ratio": 16.76,
        "latest_current_ratio": 284.71,
        "latest_account_receivable_turnover_ratio": 18.07,
        "latest_inventory_turnover_ratio": 1.54,
        "latest_reinvestment_rate": -38.77,
        "latest_research_to_sale_ratio": null
    },
    "eps_dividends": {
        "2001": {
            "cash": 1,
            "stock": 0,
            "eps": 0.35
        },
        "2002": {
            "cash": 1,
            "stock": 0,
            "eps": 0.72
        },
        "2003": {
            "cash": 0,
            "stock": 0.5,
            "eps": -0.19
        },
        "2004": {
            "cash": 0,
            "stock": 0,
            "eps": -2.76
        },
        "2005": {
            "cash": 0,
            "stock": 0,
            "eps": -3
        },
        "2006": {
            "cash": 0,
            "stock": 0,
            "eps": -0.16
        },
        "2007": {
            "cash": 0,
            "stock": 0,
            "eps": -3.48
        },
        "2008": {
            "cash": 0,
            "stock": 0,
            "eps": -2.11
        },
        "2009": {
            "cash": 0,
            "stock": 0,
            "eps": -2
        },
        "2010": {
            "cash": 0,
            "stock": 0,
            "eps": -2.28
        },
        "2011": {
            "cash": 0,
            "stock": 0,
            "eps": -1.95
        },
        "2012": {
            "cash": 0,
            "stock": 0,
            "eps": -1.9
        },
        "2013": {
            "cash": 0,
            "stock": 0,
            "eps": -3.31
        },
        "2014": {
            "cash": 0,
            "stock": 0,
            "eps": -2.83
        },
        "2015": {
            "cash": 0,
            "stock": 0,
            "eps": 2.63
        },
        "2016": {
            "cash": 0.05,
            "stock": 1.1,
            "eps": 2.91
        },
        "2017": {
            "cash": 1.3,
            "stock": 0,
            "eps": 6.03
        },
        "2018": {
            "cash": 2.5,
            "stock": 0,
            "eps": 3.47
        },
        "2019": {
            "cash": 2.5,
            "stock": 0,
            "eps": 3.25
        },
        "2020": {
            "cash": 2,
            "stock": 0,
            "eps": 3.13
        },
        "2021": {
            "cash": 2.8,
            "stock": 0,
            "eps": 2.32
        },
        "2022": {
            "cash": 1.5,
            "stock": 0.5,
            "eps": 4.85
        },
        "2023": {
            "cash": 2,
            "stock": 1.5,
            "eps": 1.21
        }
    },
    "dividends": {
        "2001-06-01": {
            "cash": 1,
            "stock": 0
        },
        "2002-06-10": {
            "cash": 1,
            "stock": 0
        },
        "2003-06-18": {
            "cash": 0,
            "stock": 0.5
        },
        "2016-10-05": {
            "cash": 0.05,
            "stock": 1.1
        },
        "2017-08-04": {
            "cash": 1.3,
            "stock": 0
        },
        "2018-07-17": {
            "cash": 2.5,
            "stock": 0
        },
        "2019-07-22": {
            "cash": 2.5,
            "stock": 0
        },
        "2020-07-24": {
            "cash": 2,
            "stock": 0
        },
        "2021-09-24": {
            "cash": 2.8,
            "stock": 0
        },
        "2022-08-08": {
            "cash": 1.5,
            "stock": 0.5
        },
        "2023-03-01": {
            "cash": 2,
            "stock": 1.5
        }
    },
    "prices": {
        "200101": "無",
        "200102": "無",
        "200103": "無",
        "200104": "無",
        "200105": "無",
        "200106": "無",
        "200107": "無",
        "200108": "無",
        "200109": "無",
        "200110": "無",
        "200111": "無",
        "200112": "無",
        "200201": "無",
        "200202": "無",
        "200203": "無",
        "200204": "無",
        "200205": "無",
        "200206": "無",
        "200207": "無",
        "200208": "無",
        "200209": "無",
        "200210": "無",
        "200211": "無",
        "200212": "無",
        "200301": "無",
        "200302": "無",
        "200303": "無",
        "200304": "15.06",
        "200305": "21.32",
        "200306": "16.98",
        "200307": "15.63",
        "200308": "14.16",
        "200309": "13.57",
        "200310": "16.75",
        "200311": "17.62",
        "200312": "20.57",
        "200401": "20.06",
        "200402": "18.98",
        "200403": "15.97",
        "200404": "15.75",
        "200405": "13.94",
        "200406": "13.93",
        "200407": "14.81",
        "200408": "15.82",
        "200409": "14.38",
        "200410": "16.62",
        "200411": "14.10",
        "200412": "12.77",
        "200501": "11.11",
        "200502": "10.71",
        "200503": "10.36",
        "200504": "10.14",
        "200505": "10.03",
        "200506": "10.31",
        "200507": "8.91",
        "200508": "6.21",
        "200509": "5.75",
        "200510": "5.97",
        "200511": "6.01",
        "200512": "6.20",
        "200601": "7.11",
        "200602": "6.63",
        "200603": "6.59",
        "200604": "6.10",
        "200605": "5.75",
        "200606": "4.99",
        "200607": "5.06",
        "200608": "4.72",
        "200609": "4.17",
        "200610": "5.26",
        "200611": "5.54",
        "200612": "9.97",
        "200701": "16.69",
        "200702": "18.35",
        "200703": "22.33",
        "200704": "25.80",
        "200705": "24.77",
        "200706": "22.35",
        "200707": "25.28",
        "200708": "27.21",
        "200709": "25.06",
        "200710": "25.32",
        "200711": "24.79",
        "200712": "25.71",
        "200801": "24.84",
        "200802": "19.01",
        "200803": "20.01",
        "200804": "21.59",
        "200805": "19.22",
        "200806": "無",
        "200807": "無",
        "200808": "無",
        "200809": "無",
        "200810": "無",
        "200811": "無",
        "200812": "5.15",
        "200901": "3.35",
        "200902": "2.00",
        "200903": "2.20",
        "200904": "3.19",
        "200905": "4.95",
        "200906": "4.82",
        "200907": "4.96",
        "200908": "5.13",
        "200909": "4.42",
        "200910": "3.04",
        "200911": "3.75",
        "200912": "3.53",
        "201001": "3.77",
        "201002": "3.62",
        "201003": "3.44",
        "201004": "3.75",
        "201005": "4.50",
        "201006": "5.08",
        "201007": "4.79",
        "201008": "4.78",
        "201009": "3.73",
        "201010": "2.94",
        "201011": "3.79",
        "201012": "3.79",
        "201101": "3.25",
        "201102": "2.84",
        "201103": "2.99",
        "201104": "2.78",
        "201105": "2.64",
        "201106": "2.05",
        "201107": "2.35",
        "201108": "2.74",
        "201109": "3.06",
        "201110": "3.20",
        "201111": "16.16",
        "201112": "15.07",
        "201201": "無",
        "201202": "13.95",
        "201203": "11.50",
        "201204": "11.51",
        "201205": "13.06",
        "201206": "13.56",
        "201207": "13.69",
        "201208": "14.39",
        "201209": "14.26",
        "201210": "14.05",
        "201211": "12.82",
        "201212": "11.72",
        "201301": "10.57",
        "201302": "10.66",
        "201303": "10.62",
        "201304": "6.49",
        "201305": "8.38",
        "201306": "9.11",
        "201307": "7.21",
        "201308": "5.56",
        "201309": "7.56",
        "201310": "5.89",
        "201311": "6.06",
        "201312": "5.15",
        "201401": "4.80",
        "201402": "5.48",
        "201403": "8.88",
        "201404": "26.22",
        "201405": "22.90",
        "201406": "25.52",
        "201407": "41.92",
        "201408": "59.65",
        "201409": "55.92",
        "201410": "無",
        "201411": "無",
        "201412": "無",
        "201501": "無",
        "201502": "無",
        "201503": "無",
        "201504": "無",
        "201505": "47.00",
        "201506": "無",
        "201507": "無",
        "201508": "無",
        "201509": "53.22",
        "201510": "48.96",
        "201511": "無",
        "201512": "無",
        "201601": "無",
        "201602": "無",
        "201603": "47.50",
        "201604": "43.88",
        "201605": "48.30",
        "201606": "50.00",
        "201607": "49.00",
        "201608": "49.00",
        "201609": "44.55",
        "201610": "46.82",
        "201611": "48.08",
        "201612": "49.30",
        "201701": "48.24",
        "201702": "48.05",
        "201703": "47.08",
        "201704": "45.55",
        "201705": "46.72",
        "201706": "49.60",
        "201707": "47.47",
        "201708": "47.65",
        "201709": "45.45",
        "201710": "43.79",
        "201711": "61.04",
        "201712": "63.10",
        "201801": "59.81",
        "201802": "53.79",
        "201803": "60.91",
        "201804": "74.96",
        "201805": "68.08",
        "201806": "64.20",
        "201807": "56.59",
        "201808": "53.33",
        "201809": "48.89",
        "201810": "44.24",
        "201811": "44.53",
        "201812": "44.25",
        "201901": "46.42",
        "201902": "47.51",
        "201903": "48.63",
        "201904": "47.99",
        "201905": "45.49",
        "201906": "44.69",
        "201907": "43.72",
        "201908": "41.08",
        "201909": "40.11",
        "201910": "40.20",
        "201911": "40.09",
        "201912": "40.08",
        "202001": "40.02",
        "202002": "38.27",
        "202003": "32.85",
        "202004": "31.41",
        "202005": "34.94",
        "202006": "36.88",
        "202007": "37.09",
        "202008": "36.70",
        "202009": "37.07",
        "202010": "37.24",
        "202011": "38.06",
        "202012": "37.89",
        "202101": "37.42",
        "202102": "37.65",
        "202103": "42.54",
        "202104": "43.43",
        "202105": "50.60",
        "202106": "54.10",
        "202107": "47.09",
        "202108": "43.30",
        "202109": "39.61",
        "202110": "38.95",
        "202111": "38.69",
        "202112": "38.94",
        "202201": "39.12",
        "202202": "38.99",
        "202203": "38.98",
        "202204": "56.31",
        "202205": "59.75",
        "202206": "53.29",
        "202207": "48.53",
        "202208": "47.77",
        "202209": "49.05",
        "202210": "46.57",
        "202211": "47.42",
        "202212": "52.25",
        "202301": "54.18",
        "202302": "56.84",
        "202303": "61.14",
        "202304": "68.68",
        "202305": "77.43"
    },
    "quarters": {
        "20011": {
            "year_quarter": 20011,
            "year": 2001,
            "quarter": 1,
            "eps": null,
            "eps_growth_year": null,
            "eps_4q": null,
            "eps_4q_growth_year": null,
            "roe": null,
            "roe_4q": 0,
            "gross_profit": null,
            "gross_margin": null,
            "gross_margin_4q_avg": 0,
            "net_income": null,
            "revenue": null,
            "common_shares": null,
            "book_valuer_per_share": null,
            "book_valuer_per_share_4q_avg": 0,
            "equity": null,
            "current_ratio": null,
            "debt_ratio": null,
            "inventory_turnover_ratio": null,
            "account_receivable_turnover_ratio": null,
            "reinvestment_rate": null,
            "research_to_sale_ratio": null,
            "price_fair": 0,
            "eps_avg_yearly": 0,
            "eps_latest_yearly": 0,
            "eps_growth_yearly": 0
        },
        "20012": {
            "year_quarter": 20012,
            "year": 2001,
            "quarter": 2,
            "eps": null,
            "eps_growth_year": null,
            "eps_4q": null,
            "eps_4q_growth_year": null,
            "roe": null,
            "roe_4q": 0,
            "gross_profit": null,
            "gross_margin": null,
            "gross_margin_4q_avg": 0,
            "net_income": null,
            "revenue": null,
            "common_shares": null,
            "book_valuer_per_share": null,
            "book_valuer_per_share_4q_avg": 0,
            "equity": null,
            "current_ratio": null,
            "debt_ratio": null,
            "inventory_turnover_ratio": null,
            "account_receivable_turnover_ratio": null,
            "reinvestment_rate": null,
            "research_to_sale_ratio": null,
            "price_fair": 0,
            "eps_avg_yearly": 0,
            "eps_latest_yearly": 0,
            "eps_growth_yearly": 0
        },
        "20013": {
            "year_quarter": 20013,
            "year": 2001,
            "quarter": 3,
            "eps": 0.4,
            "eps_growth_year": null,
            "eps_4q": null,
            "eps_4q_growth_year": null,
            "roe": 3.09,
            "roe_4q": 3.09,
            "gross_profit": 22303,
            "gross_margin": 15.02,
            "gross_margin_4q_avg": 5.01,
            "net_income": 10931,
            "revenue": 148499,
            "common_shares": 270000,
            "book_valuer_per_share": 13.1,
            "book_valuer_per_share_4q_avg": 4.37,
            "equity": 353826,
            "current_ratio": 155.39,
            "debt_ratio": 46.15,
            "inventory_turnover_ratio": 2.07,
            "account_receivable_turnover_ratio": null,
            "reinvestment_rate": null,
            "research_to_sale_ratio": null,
            "price_fair": 0,
            "eps_avg_yearly": 0,
            "eps_latest_yearly": 0,
            "eps_growth_yearly": 0
        },
        "20014": {
            "year_quarter": 20014,
            "year": 2001,
            "quarter": 4,
            "eps": -0.05,
            "eps_growth_year": null,
            "eps_4q": null,
            "eps_4q_growth_year": null,
            "roe": -0.34,
            "roe_4q": 2.75,
            "gross_profit": 31276,
            "gross_margin": 15.5,
            "gross_margin_4q_avg": 7.63,
            "net_income": -1229,
            "revenue": 201738,
            "common_shares": 270000,
            "book_valuer_per_share": 13.37,
            "book_valuer_per_share_4q_avg": 6.62,
            "equity": 361042,
            "current_ratio": 145.04,
            "debt_ratio": 53.58,
            "inventory_turnover_ratio": 1.46,
            "account_receivable_turnover_ratio": null,
            "reinvestment_rate": null,
            "research_to_sale_ratio": null,
            "price_fair": 0,
            "eps_avg_yearly": 0,
            "eps_latest_yearly": 0,
            "eps_growth_yearly": 0
        },
        "20021": {
            "year_quarter": 20021,
            "year": 2002,
            "quarter": 1,
            "eps": 0.58,
            "eps_growth_year": null,
            "eps_4q": null,
            "eps_4q_growth_year": null,
            "roe": 4.27,
            "roe_4q": 7.02,
            "gross_profit": 27167,
            "gross_margin": 14.1,
            "gross_margin_4q_avg": 11.16,
            "net_income": 15761,
            "revenue": 192710,
            "common_shares": 270000,
            "book_valuer_per_share": 13.96,
            "book_valuer_per_share_4q_avg": 10.11,
            "equity": 376803,
            "current_ratio": 118.25,
            "debt_ratio": 53.03,
            "inventory_turnover_ratio": 1.23,
            "account_receivable_turnover_ratio": null,
            "reinvestment_rate": null,
            "research_to_sale_ratio": null,
            "price_fair": 0,
            "eps_avg_yearly": 0,
            "eps_latest_yearly": 0,
            "eps_growth_yearly": 0
        },
        "20022": {
            "year_quarter": 20022,
            "year": 2002,
            "quarter": 2,
            "eps": -0.18,
            "eps_growth_year": null,
            "eps_4q": 0.76,
            "eps_4q_growth_year": null,
            "roe": -1.38,
            "roe_4q": 5.64,
            "gross_profit": 19061,
            "gross_margin": 11.46,
            "gross_margin_4q_avg": 14.02,
            "net_income": -4890,
            "revenue": 166297,
            "common_shares": 270000,
            "book_valuer_per_share": 12.36,
            "book_valuer_per_share_4q_avg": 13.2,
            "equity": 333597,
            "current_ratio": 116.21,
            "debt_ratio": 51.39,
            "inventory_turnover_ratio": 1.57,
            "account_receivable_turnover_ratio": null,
            "reinvestment_rate": null,
            "research_to_sale_ratio": null,
            "price_fair": 0,
            "eps_avg_yearly": 0,
            "eps_latest_yearly": 0,
            "eps_growth_yearly": 0
        },
        "20023": {
            "year_quarter": 20023,
            "year": 2002,
            "quarter": 3,
            "eps": 0.12,
            "eps_growth_year": -70,
            "eps_4q": 0.48,
            "eps_4q_growth_year": null,
            "roe": 0.94,
            "roe_4q": 3.4899999999999998,
            "gross_profit": 19016,
            "gross_margin": 11.44,
            "gross_margin_4q_avg": 13.13,
            "net_income": 3170,
            "revenue": 166238,
            "common_shares": 270000,
            "book_valuer_per_share": 12.71,
            "book_valuer_per_share_4q_avg": 13.1,
            "equity": 343101,
            "current_ratio": 107.1,
            "debt_ratio": 49.63,
            "inventory_turnover_ratio": 1.62,
            "account_receivable_turnover_ratio": null,
            "reinvestment_rate": null,
            "research_to_sale_ratio": null,
            "price_fair": 0,
            "eps_avg_yearly": 0,
            "eps_latest_yearly": 0,
            "eps_growth_yearly": 0
        },
        "20024": {
            "year_quarter": 20024,
            "year": 2002,
            "quarter": 4,
            "eps": 0.2,
            "eps_growth_year": null,
            "eps_4q": 0.72,
            "eps_4q_growth_year": null,
            "roe": 1.57,
            "roe_4q": 5.3999999999999995,
            "gross_profit": 36807,
            "gross_margin": 16.11,
            "gross_margin_4q_avg": 13.28,
            "net_income": 5415,
            "revenue": 228493,
            "common_shares": 270000,
            "book_valuer_per_share": 12.88,
            "book_valuer_per_share_4q_avg": 12.98,
            "equity": 347644,
            "current_ratio": 122.21,
            "debt_ratio": 54.61,
            "inventory_turnover_ratio": 1.54,
            "account_receivable_turnover_ratio": null,
            "reinvestment_rate": null,
            "research_to_sale_ratio": null,
            "price_fair": 28,
            "eps_avg_yearly": 0.8,
            "eps_latest_yearly": 0.8,
            "eps_growth_yearly": 266.67
        },
        "20031": {
            "year_quarter": 20031,
            "year": 2003,
            "quarter": 1,
            "eps": 0.08,
            "eps_growth_year": -86.21,
            "eps_4q": 0.22,
            "eps_4q_growth_year": null,
            "roe": 0.61,
            "roe_4q": 1.7400000000000002,
            "gross_profit": 24463,
            "gross_margin": 11.96,
            "gross_margin_4q_avg": 12.74,
            "net_income": 2121,
            "revenue": 204610,
            "common_shares": 270000,
            "book_valuer_per_share": 12.95,
            "book_valuer_per_share_4q_avg": 12.73,
            "equity": 349765,
            "current_ratio": 101.7,
            "debt_ratio": 51.4,
            "inventory_turnover_ratio": 1.35,
            "account_receivable_turnover_ratio": null,
            "reinvestment_rate": null,
            "research_to_sale_ratio": null,
            "price_fair": 13.07,
            "eps_avg_yearly": 0.56,
            "eps_latest_yearly": 0.32,
            "eps_growth_yearly": 13.33
        },
        "20032": {
            "year_quarter": 20032,
            "year": 2003,
            "quarter": 2,
            "eps": -0.31,
            "eps_growth_year": null,
            "eps_4q": 0.08,
            "eps_4q_growth_year": -89.29,
            "roe": -2.47,
            "roe_4q": 0.6499999999999997,
            "gross_profit": 20208,
            "gross_margin": 8.6,
            "gross_margin_4q_avg": 12.03,
            "net_income": -8502,
            "revenue": 234894,
            "common_shares": 270000,
            "book_valuer_per_share": 12.56,
            "book_valuer_per_share_4q_avg": 12.78,
            "equity": 339229,
            "current_ratio": 97.35,
            "debt_ratio": 53.86,
            "inventory_turnover_ratio": 1.89,
            "account_receivable_turnover_ratio": null,
            "reinvestment_rate": null,
            "research_to_sale_ratio": null,
            "price_fair": 13.07,
            "eps_avg_yearly": 0.56,
            "eps_latest_yearly": 0.32,
            "eps_growth_yearly": 13.33
        },
        "20033": {
            "year_quarter": 20033,
            "year": 2003,
            "quarter": 3,
            "eps": -0.14,
            "eps_growth_year": -216.67,
            "eps_4q": -0.17,
            "eps_4q_growth_year": -135.14,
            "roe": -1.15,
            "roe_4q": -1.4400000000000002,
            "gross_profit": 17876,
            "gross_margin": 9.15,
            "gross_margin_4q_avg": 11.46,
            "net_income": -3865,
            "revenue": 195371,
            "common_shares": 283500,
            "book_valuer_per_share": 11.72,
            "book_valuer_per_share_4q_avg": 12.53,
            "equity": 332233,
            "current_ratio": 95.67,
            "debt_ratio": 53.93,
            "inventory_turnover_ratio": 1.49,
            "account_receivable_turnover_ratio": null,
            "reinvestment_rate": null,
            "research_to_sale_ratio": null,
            "price_fair": 13.07,
            "eps_avg_yearly": 0.56,
            "eps_latest_yearly": 0.32,
            "eps_growth_yearly": 13.33
        },
        "20034": {
            "year_quarter": 20034,
            "year": 2003,
            "quarter": 4,
            "eps": 0.18,
            "eps_growth_year": -10,
            "eps_4q": -0.18,
            "eps_4q_growth_year": -125.43,
            "roe": 1.52,
            "roe_4q": -1.4900000000000002,
            "gross_profit": 14628,
            "gross_margin": 8,
            "gross_margin_4q_avg": 9.43,
            "net_income": 5084,
            "revenue": 182804,
            "common_shares": 283500,
            "book_valuer_per_share": 11.92,
            "book_valuer_per_share_4q_avg": 12.29,
            "equity": 338062,
            "current_ratio": 123.94,
            "debt_ratio": 56.1,
            "inventory_turnover_ratio": 1.06,
            "account_receivable_turnover_ratio": null,
            "reinvestment_rate": null,
            "research_to_sale_ratio": null,
            "price_fair": 13.07,
            "eps_avg_yearly": 0.56,
            "eps_latest_yearly": 0.32,
            "eps_growth_yearly": 13.33
        },
        "20041": {
            "year_quarter": 20041,
            "year": 2004,
            "quarter": 1,
            "eps": -0.63,
            "eps_growth_year": -887.5,
            "eps_4q": -0.89,
            "eps_4q_growth_year": -503.51,
            "roe": -5.5,
            "roe_4q": -7.6,
            "gross_profit": 4471,
            "gross_margin": 2.86,
            "gross_margin_4q_avg": 7.15,
            "net_income": -17981,
            "revenue": 156403,
            "common_shares": 283500,
            "book_valuer_per_share": 11.12,
            "book_valuer_per_share_4q_avg": 11.83,
            "equity": 315385,
            "current_ratio": 93.36,
            "debt_ratio": 56.55,
            "inventory_turnover_ratio": 0.84,
            "account_receivable_turnover_ratio": null,
            "reinvestment_rate": null,
            "research_to_sale_ratio": null,
            "price_fair": 13.07,
            "eps_avg_yearly": 0.56,
            "eps_latest_yearly": 0.32,
            "eps_growth_yearly": 13.33
        },
        "20042": {
            "year_quarter": 20042,
            "year": 2004,
            "quarter": 2,
            "eps": 0.06,
            "eps_growth_year": null,
            "eps_4q": -0.53,
            "eps_4q_growth_year": -746.57,
            "roe": 0.54,
            "roe_4q": -4.59,
            "gross_profit": 16852,
            "gross_margin": 7.43,
            "gross_margin_4q_avg": 6.86,
            "net_income": 1711,
            "revenue": 226702,
            "common_shares": 283500,
            "book_valuer_per_share": 11.3,
            "book_valuer_per_share_4q_avg": 11.52,
            "equity": 320442,
            "current_ratio": 94.77,
            "debt_ratio": 59.83,
            "inventory_turnover_ratio": 1.28,
            "account_receivable_turnover_ratio": null,
            "reinvestment_rate": null,
            "research_to_sale_ratio": null,
            "price_fair": 13.07,
            "eps_avg_yearly": 0.56,
            "eps_latest_yearly": 0.32,
            "eps_growth_yearly": 13.33
        },
        "20043": {
            "year_quarter": 20043,
            "year": 2004,
            "quarter": 3,
            "eps": -0.08,
            "eps_growth_year": null,
            "eps_4q": -0.48,
            "eps_4q_growth_year": null,
            "roe": -0.65,
            "roe_4q": -4.09,
            "gross_profit": 17442,
            "gross_margin": 8.83,
            "gross_margin_4q_avg": 6.78,
            "net_income": -2305,
            "revenue": 197444,
            "common_shares": 283500,
            "book_valuer_per_share": 13.68,
            "book_valuer_per_share_4q_avg": 12.01,
            "equity": 387893,
            "current_ratio": 207.18,
            "debt_ratio": 48.42,
            "inventory_turnover_ratio": 1.16,
            "account_receivable_turnover_ratio": null,
            "reinvestment_rate": null,
            "research_to_sale_ratio": null,
            "price_fair": 13.07,
            "eps_avg_yearly": 0.56,
            "eps_latest_yearly": 0.32,
            "eps_growth_yearly": 13.33
        },
        "20044": {
            "year_quarter": 20044,
            "year": 2004,
            "quarter": 4,
            "eps": -2.11,
            "eps_growth_year": -1272.22,
            "eps_4q": -2.72,
            "eps_4q_growth_year": null,
            "roe": -17.98,
            "roe_4q": -23.59,
            "gross_profit": -7901,
            "gross_margin": -3.82,
            "gross_margin_4q_avg": 3.83,
            "net_income": -63944,
            "revenue": 206638,
            "common_shares": 332428,
            "book_valuer_per_share": 9.73,
            "book_valuer_per_share_4q_avg": 11.46,
            "equity": 323437,
            "current_ratio": 175.34,
            "debt_ratio": 57.8,
            "inventory_turnover_ratio": 1.19,
            "account_receivable_turnover_ratio": null,
            "reinvestment_rate": null,
            "research_to_sale_ratio": null,
            "price_fair": 13.07,
            "eps_avg_yearly": 0.56,
            "eps_latest_yearly": 0.32,
            "eps_growth_yearly": 13.33
        },
        "20051": {
            "year_quarter": 20051,
            "year": 2005,
            "quarter": 1,
            "eps": -0.91,
            "eps_growth_year": null,
            "eps_4q": -2.84,
            "eps_4q_growth_year": null,
            "roe": -9.96,
            "roe_4q": -28.05,
            "gross_profit": 16325,
            "gross_margin": 9.53,
            "gross_margin_4q_avg": 5.49,
            "net_income": -30360,
            "revenue": 171384,
            "common_shares": 347428,
            "book_valuer_per_share": 8.24,
            "book_valuer_per_share_4q_avg": 10.74,
            "equity": 286373,
            "current_ratio": 135.45,
            "debt_ratio": 61,
            "inventory_turnover_ratio": 0.85,
            "account_receivable_turnover_ratio": null,
            "reinvestment_rate": null,
            "research_to_sale_ratio": null,
            "price_fair": 13.07,
            "eps_avg_yearly": 0.56,
            "eps_latest_yearly": 0.32,
            "eps_growth_yearly": 13.33
        },
        "20052": {
            "year_quarter": 20052,
            "year": 2005,
            "quarter": 2,
            "eps": -2.04,
            "eps_growth_year": -3500,
            "eps_4q": -4.74,
            "eps_4q_growth_year": null,
            "roe": -26.91,
            "roe_4q": -55.50000000000001,
            "gross_profit": -15927,
            "gross_margin": -8.3,
            "gross_margin_4q_avg": 1.56,
            "net_income": -68009,
            "revenue": 191863,
            "common_shares": 347571,
            "book_valuer_per_share": 6.3,
            "book_valuer_per_share_4q_avg": 9.49,
            "equity": 219021,
            "current_ratio": 113.08,
            "debt_ratio": 68.34,
            "inventory_turnover_ratio": 1.64,
            "account_receivable_turnover_ratio": null,
            "reinvestment_rate": null,
            "research_to_sale_ratio": null,
            "price_fair": 13.07,
            "eps_avg_yearly": 0.56,
            "eps_latest_yearly": 0.32,
            "eps_growth_yearly": 13.33
        },
        "20053": {
            "year_quarter": 20053,
            "year": 2005,
            "quarter": 3,
            "eps": 0.01,
            "eps_growth_year": null,
            "eps_4q": -4.66,
            "eps_4q_growth_year": null,
            "roe": 0.18,
            "roe_4q": -54.67,
            "gross_profit": 8444,
            "gross_margin": 4.14,
            "gross_margin_4q_avg": 0.39,
            "net_income": 394,
            "revenue": 203815,
            "common_shares": 347571,
            "book_valuer_per_share": 6.53,
            "book_valuer_per_share_4q_avg": 7.7,
            "equity": 226998,
            "current_ratio": 82.17,
            "debt_ratio": 69.29,
            "inventory_turnover_ratio": 1.86,
            "account_receivable_turnover_ratio": null,
            "reinvestment_rate": null,
            "research_to_sale_ratio": null,
            "price_fair": 13.07,
            "eps_avg_yearly": 0.56,
            "eps_latest_yearly": 0.32,
            "eps_growth_yearly": 13.33
        },
        "20054": {
            "year_quarter": 20054,
            "year": 2005,
            "quarter": 4,
            "eps": -0.06,
            "eps_growth_year": null,
            "eps_4q": -3,
            "eps_4q_growth_year": null,
            "roe": -0.88,
            "roe_4q": -37.57,
            "gross_profit": 21531,
            "gross_margin": 11.27,
            "gross_margin_4q_avg": 4.16,
            "net_income": -1975,
            "revenue": 191111,
            "common_shares": 347571,
            "book_valuer_per_share": 6.43,
            "book_valuer_per_share_4q_avg": 6.88,
            "equity": 223447,
            "current_ratio": 99.72,
            "debt_ratio": 71.76,
            "inventory_turnover_ratio": 1.11,
            "account_receivable_turnover_ratio": null,
            "reinvestment_rate": null,
            "research_to_sale_ratio": null,
            "price_fair": 13.07,
            "eps_avg_yearly": 0.56,
            "eps_latest_yearly": 0.32,
            "eps_growth_yearly": 13.33
        },
        "20061": {
            "year_quarter": 20061,
            "year": 2006,
            "quarter": 1,
            "eps": -0.49,
            "eps_growth_year": null,
            "eps_4q": -2.56,
            "eps_4q_growth_year": null,
            "roe": -7.67,
            "roe_4q": -35.28,
            "gross_profit": 5308,
            "gross_margin": 3.3,
            "gross_margin_4q_avg": 2.6,
            "net_income": -16441,
            "revenue": 161089,
            "common_shares": 347571,
            "book_valuer_per_share": 5.9,
            "book_valuer_per_share_4q_avg": 6.29,
            "equity": 205115,
            "current_ratio": 77.97,
            "debt_ratio": 71.39,
            "inventory_turnover_ratio": 1.03,
            "account_receivable_turnover_ratio": null,
            "reinvestment_rate": null,
            "research_to_sale_ratio": null,
            "price_fair": 13.07,
            "eps_avg_yearly": 0.56,
            "eps_latest_yearly": 0.32,
            "eps_growth_yearly": 13.33
        },
        "20062": {
            "year_quarter": 20062,
            "year": 2006,
            "quarter": 2,
            "eps": -0.7,
            "eps_growth_year": null,
            "eps_4q": -1.19,
            "eps_4q_growth_year": null,
            "roe": -12.08,
            "roe_4q": -20.45,
            "gross_profit": 15463,
            "gross_margin": 7.64,
            "gross_margin_4q_avg": 6.59,
            "net_income": -23339,
            "revenue": 202263,
            "common_shares": 347571,
            "book_valuer_per_share": 5.22,
            "book_valuer_per_share_4q_avg": 6.02,
            "equity": 181263,
            "current_ratio": 76.97,
            "debt_ratio": 75.76,
            "inventory_turnover_ratio": 1.96,
            "account_receivable_turnover_ratio": null,
            "reinvestment_rate": null,
            "research_to_sale_ratio": null,
            "price_fair": 13.07,
            "eps_avg_yearly": 0.56,
            "eps_latest_yearly": 0.32,
            "eps_growth_yearly": 13.33
        },
        "20063": {
            "year_quarter": 20063,
            "year": 2006,
            "quarter": 3,
            "eps": 0.24,
            "eps_growth_year": 2300,
            "eps_4q": -1.02,
            "eps_4q_growth_year": null,
            "roe": 4.27,
            "roe_4q": -16.36,
            "gross_profit": 24025,
            "gross_margin": 14.29,
            "gross_margin_4q_avg": 9.13,
            "net_income": 7981,
            "revenue": 168104,
            "common_shares": 347571,
            "book_valuer_per_share": 5.54,
            "book_valuer_per_share_4q_avg": 5.77,
            "equity": 192515,
            "current_ratio": 74.98,
            "debt_ratio": 72.74,
            "inventory_turnover_ratio": 1.65,
            "account_receivable_turnover_ratio": null,
            "reinvestment_rate": null,
            "research_to_sale_ratio": null,
            "price_fair": 13.07,
            "eps_avg_yearly": 0.56,
            "eps_latest_yearly": 0.32,
            "eps_growth_yearly": 13.33
        },
        "20064": {
            "year_quarter": 20064,
            "year": 2006,
            "quarter": 4,
            "eps": 0.79,
            "eps_growth_year": null,
            "eps_4q": -0.16,
            "eps_4q_growth_year": null,
            "roe": 12.9,
            "roe_4q": -2.5799999999999983,
            "gross_profit": 42432,
            "gross_margin": 18.91,
            "gross_margin_4q_avg": 11.04,
            "net_income": 26344,
            "revenue": 224349,
            "common_shares": 347571,
            "book_valuer_per_share": 6.21,
            "book_valuer_per_share_4q_avg": 5.72,
            "equity": 215945,
            "current_ratio": 99.02,
            "debt_ratio": 71.5,
            "inventory_turnover_ratio": 1.27,
            "account_receivable_turnover_ratio": null,
            "reinvestment_rate": null,
            "research_to_sale_ratio": null,
            "price_fair": 60.9,
            "eps_avg_yearly": 1.74,
            "eps_latest_yearly": 3.16,
            "eps_growth_yearly": 338.33
        },
        "20071": {
            "year_quarter": 20071,
            "year": 2007,
            "quarter": 1,
            "eps": 0.86,
            "eps_growth_year": null,
            "eps_4q": 1.19,
            "eps_4q_growth_year": null,
            "roe": 11.12,
            "roe_4q": 16.21,
            "gross_profit": 26735,
            "gross_margin": 15.72,
            "gross_margin_4q_avg": 14.14,
            "net_income": 28728,
            "revenue": 170124,
            "common_shares": 347571,
            "book_valuer_per_share": 8.66,
            "book_valuer_per_share_4q_avg": 6.41,
            "equity": 300876,
            "current_ratio": 151.34,
            "debt_ratio": 59.83,
            "inventory_turnover_ratio": 0.99,
            "account_receivable_turnover_ratio": null,
            "reinvestment_rate": null,
            "research_to_sale_ratio": null,
            "price_fair": 115.5,
            "eps_avg_yearly": 3.3,
            "eps_latest_yearly": 3.44,
            "eps_growth_yearly": 476.05
        },
        "20072": {
            "year_quarter": 20072,
            "year": 2007,
            "quarter": 2,
            "eps": -1.06,
            "eps_growth_year": null,
            "eps_4q": 0.63,
            "eps_4q_growth_year": null,
            "roe": -12.83,
            "roe_4q": 15.459999999999999,
            "gross_profit": 10812,
            "gross_margin": 12.11,
            "gross_margin_4q_avg": 15.26,
            "net_income": -38164,
            "revenue": 89270,
            "common_shares": 392928,
            "book_valuer_per_share": 7.49,
            "book_valuer_per_share_4q_avg": 6.98,
            "equity": 294132,
            "current_ratio": 159.22,
            "debt_ratio": 43.2,
            "inventory_turnover_ratio": 0.73,
            "account_receivable_turnover_ratio": null,
            "reinvestment_rate": null,
            "research_to_sale_ratio": null,
            "price_fair": 115.5,
            "eps_avg_yearly": 3.3,
            "eps_latest_yearly": 3.44,
            "eps_growth_yearly": 476.05
        },
        "20073": {
            "year_quarter": 20073,
            "year": 2007,
            "quarter": 3,
            "eps": -0.27,
            "eps_growth_year": -212.5,
            "eps_4q": 0.11,
            "eps_4q_growth_year": null,
            "roe": -2.84,
            "roe_4q": 8.35,
            "gross_profit": 6703,
            "gross_margin": 5.08,
            "gross_margin_4q_avg": 12.96,
            "net_income": -10612,
            "revenue": 131863,
            "common_shares": 558107,
            "book_valuer_per_share": 8.1,
            "book_valuer_per_share_4q_avg": 7.62,
            "equity": 452203,
            "current_ratio": 240.95,
            "debt_ratio": 31.62,
            "inventory_turnover_ratio": 0.87,
            "account_receivable_turnover_ratio": null,
            "reinvestment_rate": null,
            "research_to_sale_ratio": null,
            "price_fair": 115.5,
            "eps_avg_yearly": 3.3,
            "eps_latest_yearly": 3.44,
            "eps_growth_yearly": 476.05
        },
        "20074": {
            "year_quarter": 20074,
            "year": 2007,
            "quarter": 4,
            "eps": -3.01,
            "eps_growth_year": -481.01,
            "eps_4q": -3.46,
            "eps_4q_growth_year": null,
            "roe": -34.24,
            "roe_4q": -38.79,
            "gross_profit": -7804,
            "gross_margin": -5.58,
            "gross_margin_4q_avg": 6.83,
            "net_income": -132180,
            "revenue": 139761,
            "common_shares": 558107,
            "book_valuer_per_share": 5.73,
            "book_valuer_per_share_4q_avg": 7.5,
            "equity": 319900,
            "current_ratio": 172.21,
            "debt_ratio": 47.41,
            "inventory_turnover_ratio": 0.76,
            "account_receivable_turnover_ratio": null,
            "reinvestment_rate": null,
            "research_to_sale_ratio": null,
            "price_fair": 115.5,
            "eps_avg_yearly": 3.3,
            "eps_latest_yearly": 3.44,
            "eps_growth_yearly": 476.05
        },
        "20081": {
            "year_quarter": 20081,
            "year": 2008,
            "quarter": 1,
            "eps": -1.21,
            "eps_growth_year": -240.7,
            "eps_4q": -4.46,
            "eps_4q_growth_year": -474.84,
            "roe": -23.77,
            "roe_4q": -73.68,
            "gross_profit": 20287,
            "gross_margin": 17.05,
            "gross_margin_4q_avg": 7.17,
            "net_income": -67446,
            "revenue": 118975,
            "common_shares": 558107,
            "book_valuer_per_share": 4.44,
            "book_valuer_per_share_4q_avg": 6.44,
            "equity": 247545,
            "current_ratio": 162.53,
            "debt_ratio": 48.89,
            "inventory_turnover_ratio": 0.5,
            "account_receivable_turnover_ratio": null,
            "reinvestment_rate": null,
            "research_to_sale_ratio": null,
            "price_fair": 115.5,
            "eps_avg_yearly": 3.3,
            "eps_latest_yearly": 3.44,
            "eps_growth_yearly": 476.05
        },
        "20082": {
            "year_quarter": 20082,
            "year": 2008,
            "quarter": 2,
            "eps": -1.25,
            "eps_growth_year": null,
            "eps_4q": -5.02,
            "eps_4q_growth_year": -892.09,
            "roe": -33.3,
            "roe_4q": -94.15,
            "gross_profit": -14610,
            "gross_margin": -12.34,
            "gross_margin_4q_avg": 1.05,
            "net_income": -69782,
            "revenue": 118375,
            "common_shares": 558107,
            "book_valuer_per_share": 3.07,
            "book_valuer_per_share_4q_avg": 5.34,
            "equity": 171519,
            "current_ratio": 123.74,
            "debt_ratio": 60.98,
            "inventory_turnover_ratio": 0.74,
            "account_receivable_turnover_ratio": null,
            "reinvestment_rate": null,
            "research_to_sale_ratio": null,
            "price_fair": 115.5,
            "eps_avg_yearly": 3.3,
            "eps_latest_yearly": 3.44,
            "eps_growth_yearly": 476.05
        },
        "20083": {
            "year_quarter": 20083,
            "year": 2008,
            "quarter": 3,
            "eps": -0.18,
            "eps_growth_year": null,
            "eps_4q": -5,
            "eps_4q_growth_year": -4535.29,
            "roe": -5.8,
            "roe_4q": -97.10999999999999,
            "gross_profit": 36252,
            "gross_margin": 22,
            "gross_margin_4q_avg": 5.28,
            "net_income": -9838,
            "revenue": 164817,
            "common_shares": 558107,
            "book_valuer_per_share": 3,
            "book_valuer_per_share_4q_avg": 4.06,
            "equity": 167512,
            "current_ratio": 120.88,
            "debt_ratio": 63.12,
            "inventory_turnover_ratio": 0.69,
            "account_receivable_turnover_ratio": null,
            "reinvestment_rate": null,
            "research_to_sale_ratio": null,
            "price_fair": 115.5,
            "eps_avg_yearly": 3.3,
            "eps_latest_yearly": 3.44,
            "eps_growth_yearly": 476.05
        },
        "20084": {
            "year_quarter": 20084,
            "year": 2008,
            "quarter": 4,
            "eps": 0.53,
            "eps_growth_year": null,
            "eps_4q": -2.13,
            "eps_4q_growth_year": null,
            "roe": 16.36,
            "roe_4q": -46.51,
            "gross_profit": 65020,
            "gross_margin": 62.89,
            "gross_margin_4q_avg": 22.4,
            "net_income": 29357,
            "revenue": 103388,
            "common_shares": 558107,
            "book_valuer_per_share": 3.43,
            "book_valuer_per_share_4q_avg": 3.49,
            "equity": 191317,
            "current_ratio": 139.09,
            "debt_ratio": 56.41,
            "inventory_turnover_ratio": 0.2,
            "account_receivable_turnover_ratio": 2.7,
            "reinvestment_rate": null,
            "research_to_sale_ratio": null,
            "price_fair": 115.5,
            "eps_avg_yearly": 3.3,
            "eps_latest_yearly": 3.44,
            "eps_growth_yearly": 476.05
        },
        "20091": {
            "year_quarter": 20091,
            "year": 2009,
            "quarter": 1,
            "eps": -0.29,
            "eps_growth_year": null,
            "eps_4q": -1.78,
            "eps_4q_growth_year": null,
            "roe": -5.19,
            "roe_4q": -27.93,
            "gross_profit": 11391,
            "gross_margin": 13.13,
            "gross_margin_4q_avg": 21.42,
            "net_income": -9848,
            "revenue": 86756,
            "common_shares": 338107,
            "book_valuer_per_share": 5.56,
            "book_valuer_per_share_4q_avg": 3.77,
            "equity": 187835,
            "current_ratio": 151.32,
            "debt_ratio": 51.15,
            "inventory_turnover_ratio": 0.41,
            "account_receivable_turnover_ratio": 1.13,
            "reinvestment_rate": null,
            "research_to_sale_ratio": null,
            "price_fair": 115.5,
            "eps_avg_yearly": 3.3,
            "eps_latest_yearly": 3.44,
            "eps_growth_yearly": 476.05
        },
        "20092": {
            "year_quarter": 20092,
            "year": 2009,
            "quarter": 2,
            "eps": -0.36,
            "eps_growth_year": null,
            "eps_4q": -0.08,
            "eps_4q_growth_year": null,
            "roe": -6.72,
            "roe_4q": -1.3500000000000005,
            "gross_profit": 16683,
            "gross_margin": 20.07,
            "gross_margin_4q_avg": 29.52,
            "net_income": -12219,
            "revenue": 83142,
            "common_shares": 338107,
            "book_valuer_per_share": 5.2,
            "book_valuer_per_share_4q_avg": 4.3,
            "equity": 175848,
            "current_ratio": 160.47,
            "debt_ratio": 46.76,
            "inventory_turnover_ratio": 0.43,
            "account_receivable_turnover_ratio": 1.33,
            "reinvestment_rate": null,
            "research_to_sale_ratio": null,
            "price_fair": 115.5,
            "eps_avg_yearly": 3.3,
            "eps_latest_yearly": 3.44,
            "eps_growth_yearly": 476.05
        },
        "20093": {
            "year_quarter": 20093,
            "year": 2009,
            "quarter": 3,
            "eps": -0.85,
            "eps_growth_year": null,
            "eps_4q": -0.63,
            "eps_4q_growth_year": null,
            "roe": -17.77,
            "roe_4q": -13.32,
            "gross_profit": 31473,
            "gross_margin": 33.37,
            "gross_margin_4q_avg": 32.37,
            "net_income": -28727,
            "revenue": 94307,
            "common_shares": 338107,
            "book_valuer_per_share": 4.36,
            "book_valuer_per_share_4q_avg": 4.64,
            "equity": 147472,
            "current_ratio": 144.98,
            "debt_ratio": 51.91,
            "inventory_turnover_ratio": 0.49,
            "account_receivable_turnover_ratio": 1.67,
            "reinvestment_rate": null,
            "research_to_sale_ratio": null,
            "price_fair": 115.5,
            "eps_avg_yearly": 3.3,
            "eps_latest_yearly": 3.44,
            "eps_growth_yearly": 476.05
        },
        "20094": {
            "year_quarter": 20094,
            "year": 2009,
            "quarter": 4,
            "eps": -0.5,
            "eps_growth_year": -194.34,
            "eps_4q": -2,
            "eps_4q_growth_year": null,
            "roe": -12.21,
            "roe_4q": -41.89,
            "gross_profit": 7366,
            "gross_margin": 10.44,
            "gross_margin_4q_avg": 19.25,
            "net_income": -16849,
            "revenue": 70528,
            "common_shares": 338107,
            "book_valuer_per_share": 3.8,
            "book_valuer_per_share_4q_avg": 4.73,
            "equity": 128487,
            "current_ratio": 145.78,
            "debt_ratio": 49.18,
            "inventory_turnover_ratio": 0.56,
            "account_receivable_turnover_ratio": 2.6,
            "reinvestment_rate": null,
            "research_to_sale_ratio": null,
            "price_fair": 115.5,
            "eps_avg_yearly": 3.3,
            "eps_latest_yearly": 3.44,
            "eps_growth_yearly": 476.05
        },
        "20101": {
            "year_quarter": 20101,
            "year": 2010,
            "quarter": 1,
            "eps": -0.62,
            "eps_growth_year": null,
            "eps_4q": -2.33,
            "eps_4q_growth_year": null,
            "roe": -17.72,
            "roe_4q": -54.42,
            "gross_profit": 9239,
            "gross_margin": 19.15,
            "gross_margin_4q_avg": 20.76,
            "net_income": -20916,
            "revenue": 48238,
            "common_shares": 338107,
            "book_valuer_per_share": 3.18,
            "book_valuer_per_share_4q_avg": 4.14,
            "equity": 107560,
            "current_ratio": 140.46,
            "debt_ratio": 51.31,
            "inventory_turnover_ratio": 0.41,
            "account_receivable_turnover_ratio": 0.96,
            "reinvestment_rate": null,
            "research_to_sale_ratio": null,
            "price_fair": 115.5,
            "eps_avg_yearly": 3.3,
            "eps_latest_yearly": 3.44,
            "eps_growth_yearly": 476.05
        },
        "20102": {
            "year_quarter": 20102,
            "year": 2010,
            "quarter": 2,
            "eps": -1.37,
            "eps_growth_year": null,
            "eps_4q": -2.73,
            "eps_4q_growth_year": null,
            "roe": -71.15,
            "roe_4q": -118.85000000000001,
            "gross_profit": -14811,
            "gross_margin": -23.74,
            "gross_margin_4q_avg": 9.81,
            "net_income": -66741,
            "revenue": 62379,
            "common_shares": 488107,
            "book_valuer_per_share": 1.64,
            "book_valuer_per_share_4q_avg": 3.25,
            "equity": 80057,
            "current_ratio": 164.93,
            "debt_ratio": 48.24,
            "inventory_turnover_ratio": 1.14,
            "account_receivable_turnover_ratio": 1.43,
            "reinvestment_rate": null,
            "research_to_sale_ratio": null,
            "price_fair": 115.5,
            "eps_avg_yearly": 3.3,
            "eps_latest_yearly": 3.44,
            "eps_growth_yearly": 476.05
        },
        "20103": {
            "year_quarter": 20103,
            "year": 2010,
            "quarter": 3,
            "eps": -0.2,
            "eps_growth_year": null,
            "eps_4q": -2.34,
            "eps_4q_growth_year": null,
            "roe": -12.98,
            "roe_4q": -114.06,
            "gross_profit": 18303,
            "gross_margin": 25.47,
            "gross_margin_4q_avg": 7.83,
            "net_income": -9820,
            "revenue": 71863,
            "common_shares": 488107,
            "book_valuer_per_share": 1.46,
            "book_valuer_per_share_4q_avg": 2.52,
            "equity": 71292,
            "current_ratio": 167.38,
            "debt_ratio": 49.16,
            "inventory_turnover_ratio": 1.25,
            "account_receivable_turnover_ratio": 1.57,
            "reinvestment_rate": null,
            "research_to_sale_ratio": 1.13,
            "price_fair": 115.5,
            "eps_avg_yearly": 3.3,
            "eps_latest_yearly": 3.44,
            "eps_growth_yearly": 476.05
        },
        "20104": {
            "year_quarter": 20104,
            "year": 2010,
            "quarter": 4,
            "eps": -0.09,
            "eps_growth_year": null,
            "eps_4q": -1.51,
            "eps_4q_growth_year": null,
            "roe": -7.04,
            "roe_4q": -108.89,
            "gross_profit": 15607,
            "gross_margin": 33.76,
            "gross_margin_4q_avg": 13.66,
            "net_income": -6180,
            "revenue": 46232,
            "common_shares": 688107,
            "book_valuer_per_share": 1.52,
            "book_valuer_per_share_4q_avg": 1.95,
            "equity": 104315,
            "current_ratio": 270.81,
            "debt_ratio": 32.25,
            "inventory_turnover_ratio": 0.75,
            "account_receivable_turnover_ratio": 1.03,
            "reinvestment_rate": null,
            "research_to_sale_ratio": 1.67,
            "price_fair": 120.4,
            "eps_avg_yearly": 3.44,
            "eps_latest_yearly": 3.44,
            "eps_growth_yearly": 35.44
        },
        "20111": {
            "year_quarter": 20111,
            "year": 2011,
            "quarter": 1,
            "eps": -0.16,
            "eps_growth_year": null,
            "eps_4q": -1.36,
            "eps_4q_growth_year": null,
            "roe": -10.76,
            "roe_4q": -101.93,
            "gross_profit": 12344,
            "gross_margin": 36.51,
            "gross_margin_4q_avg": 18,
            "net_income": -10692,
            "revenue": 33806,
            "common_shares": 688107,
            "book_valuer_per_share": 1.37,
            "book_valuer_per_share_4q_avg": 1.5,
            "equity": 94463,
            "current_ratio": 261.44,
            "debt_ratio": 34.62,
            "inventory_turnover_ratio": 0.48,
            "account_receivable_turnover_ratio": 0.96,
            "reinvestment_rate": null,
            "research_to_sale_ratio": null,
            "price_fair": 0,
            "eps_avg_yearly": 0,
            "eps_latest_yearly": 0,
            "eps_growth_yearly": 0
        },
        "20112": {
            "year_quarter": 20112,
            "year": 2011,
            "quarter": 2,
            "eps": -0.13,
            "eps_growth_year": null,
            "eps_4q": -0.52,
            "eps_4q_growth_year": null,
            "roe": -10.09,
            "roe_4q": -40.870000000000005,
            "gross_profit": 13091,
            "gross_margin": 26.49,
            "gross_margin_4q_avg": 30.56,
            "net_income": -8968,
            "revenue": 49425,
            "common_shares": 688107,
            "book_valuer_per_share": 1.21,
            "book_valuer_per_share_4q_avg": 1.39,
            "equity": 83334,
            "current_ratio": 202.91,
            "debt_ratio": 37.65,
            "inventory_turnover_ratio": 0.76,
            "account_receivable_turnover_ratio": 1.44,
            "reinvestment_rate": null,
            "research_to_sale_ratio": null,
            "price_fair": 0,
            "eps_avg_yearly": 0,
            "eps_latest_yearly": 0,
            "eps_growth_yearly": 0
        },
        "20113": {
            "year_quarter": 20113,
            "year": 2011,
            "quarter": 3,
            "eps": -0.7,
            "eps_growth_year": null,
            "eps_4q": -2.55,
            "eps_4q_growth_year": null,
            "roe": -12.02,
            "roe_4q": -39.91,
            "gross_profit": 15336,
            "gross_margin": 30.84,
            "gross_margin_4q_avg": 31.9,
            "net_income": -9763,
            "revenue": 49723,
            "common_shares": 139384,
            "book_valuer_per_share": 5.67,
            "book_valuer_per_share_4q_avg": 2.44,
            "equity": 79064,
            "current_ratio": 176.61,
            "debt_ratio": 44.44,
            "inventory_turnover_ratio": 0.71,
            "account_receivable_turnover_ratio": 1.42,
            "reinvestment_rate": null,
            "research_to_sale_ratio": 6.08,
            "price_fair": 0,
            "eps_avg_yearly": 0,
            "eps_latest_yearly": 0,
            "eps_growth_yearly": 0
        },
        "20114": {
            "year_quarter": 20114,
            "year": 2011,
            "quarter": 4,
            "eps": -0.96,
            "eps_growth_year": null,
            "eps_4q": -2.53,
            "eps_4q_growth_year": null,
            "roe": -17.69,
            "roe_4q": -50.559999999999995,
            "gross_profit": 4441,
            "gross_margin": 12.64,
            "gross_margin_4q_avg": 26.62,
            "net_income": -17906,
            "revenue": 35130,
            "common_shares": 186734,
            "book_valuer_per_share": 6.61,
            "book_valuer_per_share_4q_avg": 3.72,
            "equity": 123432,
            "current_ratio": 236.1,
            "debt_ratio": 32.48,
            "inventory_turnover_ratio": 0.66,
            "account_receivable_turnover_ratio": 0.99,
            "reinvestment_rate": null,
            "research_to_sale_ratio": 17.69,
            "price_fair": 0,
            "eps_avg_yearly": 0,
            "eps_latest_yearly": 0,
            "eps_growth_yearly": 0
        },
        "20121": {
            "year_quarter": 20121,
            "year": 2012,
            "quarter": 1,
            "eps": -0.4,
            "eps_growth_year": null,
            "eps_4q": -2.37,
            "eps_4q_growth_year": null,
            "roe": -6.39,
            "roe_4q": -46.19,
            "gross_profit": 13928,
            "gross_margin": 21.4,
            "gross_margin_4q_avg": 22.84,
            "net_income": -7577,
            "revenue": 65096,
            "common_shares": 186734,
            "book_valuer_per_share": 6.1,
            "book_valuer_per_share_4q_avg": 4.9,
            "equity": 113855,
            "current_ratio": 204.8,
            "debt_ratio": 39.22,
            "inventory_turnover_ratio": 1.15,
            "account_receivable_turnover_ratio": 1.5,
            "reinvestment_rate": null,
            "research_to_sale_ratio": 7.35,
            "price_fair": 0,
            "eps_avg_yearly": 0,
            "eps_latest_yearly": 0,
            "eps_growth_yearly": 0
        },
        "20122": {
            "year_quarter": 20122,
            "year": 2012,
            "quarter": 2,
            "eps": -0.52,
            "eps_growth_year": null,
            "eps_4q": -2.41,
            "eps_4q_growth_year": null,
            "roe": -8.88,
            "roe_4q": -44.980000000000004,
            "gross_profit": 17173,
            "gross_margin": 26.64,
            "gross_margin_4q_avg": 22.88,
            "net_income": -9715,
            "revenue": 64452,
            "common_shares": 186734,
            "book_valuer_per_share": 5.62,
            "book_valuer_per_share_4q_avg": 6,
            "equity": 105013,
            "current_ratio": 179.96,
            "debt_ratio": 44.38,
            "inventory_turnover_ratio": 0.99,
            "account_receivable_turnover_ratio": 1.03,
            "reinvestment_rate": null,
            "research_to_sale_ratio": 7.63,
            "price_fair": 0,
            "eps_avg_yearly": 0,
            "eps_latest_yearly": 0,
            "eps_growth_yearly": 0
        },
        "20123": {
            "year_quarter": 20123,
            "year": 2012,
            "quarter": 3,
            "eps": -0.24,
            "eps_growth_year": null,
            "eps_4q": -2.12,
            "eps_4q_growth_year": null,
            "roe": -4.34,
            "roe_4q": -37.3,
            "gross_profit": 15683,
            "gross_margin": 23.98,
            "gross_margin_4q_avg": 21.17,
            "net_income": -4431,
            "revenue": 65391,
            "common_shares": 186734,
            "book_valuer_per_share": 5.32,
            "book_valuer_per_share_4q_avg": 5.91,
            "equity": 99303,
            "current_ratio": 176.31,
            "debt_ratio": 44.12,
            "inventory_turnover_ratio": 1.09,
            "account_receivable_turnover_ratio": 0.78,
            "reinvestment_rate": null,
            "research_to_sale_ratio": 7.42,
            "price_fair": 0,
            "eps_avg_yearly": 0,
            "eps_latest_yearly": 0,
            "eps_growth_yearly": 0
        },
        "20124": {
            "year_quarter": 20124,
            "year": 2012,
            "quarter": 4,
            "eps": -0.74,
            "eps_growth_year": null,
            "eps_4q": -1.9,
            "eps_4q_growth_year": null,
            "roe": -14.94,
            "roe_4q": -34.550000000000004,
            "gross_profit": 21310,
            "gross_margin": 41.03,
            "gross_margin_4q_avg": 28.26,
            "net_income": -13777,
            "revenue": 51932,
            "common_shares": 186734,
            "book_valuer_per_share": 4.56,
            "book_valuer_per_share_4q_avg": 5.4,
            "equity": 85116,
            "current_ratio": 193.73,
            "debt_ratio": 42.32,
            "inventory_turnover_ratio": 0.71,
            "account_receivable_turnover_ratio": 0.8,
            "reinvestment_rate": null,
            "research_to_sale_ratio": 6.83,
            "price_fair": 0,
            "eps_avg_yearly": 0,
            "eps_latest_yearly": 0,
            "eps_growth_yearly": 0
        },
        "20131": {
            "year_quarter": 20131,
            "year": 2013,
            "quarter": 1,
            "eps": -0.69,
            "eps_growth_year": null,
            "eps_4q": -2.19,
            "eps_4q_growth_year": null,
            "roe": -16.33,
            "roe_4q": -44.49,
            "gross_profit": 11584,
            "gross_margin": 18.18,
            "gross_margin_4q_avg": 27.46,
            "net_income": -12938,
            "revenue": 63706,
            "common_shares": 186734,
            "book_valuer_per_share": 3.93,
            "book_valuer_per_share_4q_avg": 4.86,
            "equity": 73300,
            "current_ratio": 163.12,
            "debt_ratio": 51.91,
            "inventory_turnover_ratio": 1.19,
            "account_receivable_turnover_ratio": 1.24,
            "reinvestment_rate": null,
            "research_to_sale_ratio": 6.65,
            "price_fair": 0,
            "eps_avg_yearly": 0,
            "eps_latest_yearly": 0,
            "eps_growth_yearly": 0
        },
        "20132": {
            "year_quarter": 20132,
            "year": 2013,
            "quarter": 2,
            "eps": -1.5,
            "eps_growth_year": null,
            "eps_4q": -3.17,
            "eps_4q_growth_year": null,
            "roe": -47.08,
            "roe_4q": -82.69,
            "gross_profit": 7605,
            "gross_margin": 13.99,
            "gross_margin_4q_avg": 24.3,
            "net_income": -27980,
            "revenue": 54346,
            "common_shares": 186734,
            "book_valuer_per_share": 2.44,
            "book_valuer_per_share_4q_avg": 4.06,
            "equity": 45556,
            "current_ratio": 138.57,
            "debt_ratio": 67.25,
            "inventory_turnover_ratio": 1.1,
            "account_receivable_turnover_ratio": 0.94,
            "reinvestment_rate": null,
            "research_to_sale_ratio": 5.44,
            "price_fair": 0,
            "eps_avg_yearly": 0,
            "eps_latest_yearly": 0,
            "eps_growth_yearly": 0
        },
        "20133": {
            "year_quarter": 20133,
            "year": 2013,
            "quarter": 3,
            "eps": -0.57,
            "eps_growth_year": null,
            "eps_4q": -3.5,
            "eps_4q_growth_year": null,
            "roe": -26.85,
            "roe_4q": -105.2,
            "gross_profit": 11802,
            "gross_margin": 20.19,
            "gross_margin_4q_avg": 23.35,
            "net_income": -10721,
            "revenue": 58444,
            "common_shares": 186734,
            "book_valuer_per_share": 1.84,
            "book_valuer_per_share_4q_avg": 3.19,
            "equity": 34310,
            "current_ratio": 130.74,
            "debt_ratio": 70.42,
            "inventory_turnover_ratio": 1.11,
            "account_receivable_turnover_ratio": 1.23,
            "reinvestment_rate": null,
            "research_to_sale_ratio": 6.18,
            "price_fair": 0,
            "eps_avg_yearly": 0,
            "eps_latest_yearly": 0,
            "eps_growth_yearly": 0
        },
        "20134": {
            "year_quarter": 20134,
            "year": 2013,
            "quarter": 4,
            "eps": -0.55,
            "eps_growth_year": null,
            "eps_4q": -3.31,
            "eps_4q_growth_year": null,
            "roe": -35.01,
            "roe_4q": -125.27,
            "gross_profit": 13345,
            "gross_margin": 21.93,
            "gross_margin_4q_avg": 18.57,
            "net_income": -10258,
            "revenue": 60853,
            "common_shares": 186734,
            "book_valuer_per_share": 1.3,
            "book_valuer_per_share_4q_avg": 2.38,
            "equity": 24289,
            "current_ratio": 119.12,
            "debt_ratio": 78.27,
            "inventory_turnover_ratio": 1.22,
            "account_receivable_turnover_ratio": 1.37,
            "reinvestment_rate": null,
            "research_to_sale_ratio": 5.68,
            "price_fair": 0,
            "eps_avg_yearly": 0,
            "eps_latest_yearly": 0,
            "eps_growth_yearly": 0
        },
        "20141": {
            "year_quarter": 20141,
            "year": 2014,
            "quarter": 1,
            "eps": -1.75,
            "eps_growth_year": null,
            "eps_4q": -10.23,
            "eps_4q_growth_year": null,
            "roe": -37.34,
            "roe_4q": -146.27999999999997,
            "gross_profit": 9929,
            "gross_margin": 21.46,
            "gross_margin_4q_avg": 19.39,
            "net_income": -9363,
            "revenue": 46263,
            "common_shares": 57000,
            "book_valuer_per_share": 4.54,
            "book_valuer_per_share_4q_avg": 2.53,
            "equity": 25864,
            "current_ratio": 126.3,
            "debt_ratio": 73.22,
            "inventory_turnover_ratio": 1.07,
            "account_receivable_turnover_ratio": 1.26,
            "reinvestment_rate": null,
            "research_to_sale_ratio": 4.91,
            "price_fair": 0,
            "eps_avg_yearly": 0,
            "eps_latest_yearly": 0,
            "eps_growth_yearly": 0
        },
        "20142": {
            "year_quarter": 20142,
            "year": 2014,
            "quarter": 2,
            "eps": -0.38,
            "eps_growth_year": null,
            "eps_4q": -4.31,
            "eps_4q_growth_year": null,
            "roe": -5.95,
            "roe_4q": -105.15,
            "gross_profit": 12577,
            "gross_margin": 25.79,
            "gross_margin_4q_avg": 22.34,
            "net_income": -2819,
            "revenue": 48775,
            "common_shares": 77000,
            "book_valuer_per_share": 8.94,
            "book_valuer_per_share_4q_avg": 4.16,
            "equity": 68870,
            "current_ratio": 193.88,
            "debt_ratio": 49.95,
            "inventory_turnover_ratio": 1.91,
            "account_receivable_turnover_ratio": 1.39,
            "reinvestment_rate": null,
            "research_to_sale_ratio": 1.57,
            "price_fair": 0,
            "eps_avg_yearly": 0,
            "eps_latest_yearly": 0,
            "eps_growth_yearly": 0
        },
        "20143": {
            "year_quarter": 20143,
            "year": 2014,
            "quarter": 3,
            "eps": 0.49,
            "eps_growth_year": null,
            "eps_4q": -0.64,
            "eps_4q_growth_year": null,
            "roe": 6.07,
            "roe_4q": -72.23,
            "gross_profit": 18379,
            "gross_margin": 37.12,
            "gross_margin_4q_avg": 26.58,
            "net_income": 9708,
            "revenue": 49513,
            "common_shares": 200000,
            "book_valuer_per_share": 12.56,
            "book_valuer_per_share_4q_avg": 6.84,
            "equity": 251158,
            "current_ratio": 456.62,
            "debt_ratio": 21.73,
            "inventory_turnover_ratio": 1.99,
            "account_receivable_turnover_ratio": 1.71,
            "reinvestment_rate": null,
            "research_to_sale_ratio": 1.98,
            "price_fair": 0,
            "eps_avg_yearly": 0,
            "eps_latest_yearly": 0,
            "eps_growth_yearly": 0
        },
        "20144": {
            "year_quarter": 20144,
            "year": 2014,
            "quarter": 4,
            "eps": -1.19,
            "eps_growth_year": null,
            "eps_4q": -1.31,
            "eps_4q_growth_year": null,
            "roe": -9.91,
            "roe_4q": -47.13,
            "gross_profit": 93110,
            "gross_margin": 83.6,
            "gross_margin_4q_avg": 41.99,
            "net_income": -23716,
            "revenue": 111375,
            "common_shares": 200000,
            "book_valuer_per_share": 11.37,
            "book_valuer_per_share_4q_avg": 9.35,
            "equity": 227442,
            "current_ratio": 309.91,
            "debt_ratio": 29.88,
            "inventory_turnover_ratio": 0.7,
            "account_receivable_turnover_ratio": 12.11,
            "reinvestment_rate": null,
            "research_to_sale_ratio": 0.21,
            "price_fair": 0,
            "eps_avg_yearly": 0,
            "eps_latest_yearly": 0,
            "eps_growth_yearly": 0
        },
        "20151": {
            "year_quarter": 20151,
            "year": 2015,
            "quarter": 1,
            "eps": 0.39,
            "eps_growth_year": null,
            "eps_4q": -0.45,
            "eps_4q_growth_year": null,
            "roe": 3.39,
            "roe_4q": -6.3999999999999995,
            "gross_profit": 66470,
            "gross_margin": 69.07,
            "gross_margin_4q_avg": 53.9,
            "net_income": 7849,
            "revenue": 96235,
            "common_shares": 200000,
            "book_valuer_per_share": 11.76,
            "book_valuer_per_share_4q_avg": 11.16,
            "equity": 235291,
            "current_ratio": 282.11,
            "debt_ratio": 30.59,
            "inventory_turnover_ratio": 1.23,
            "account_receivable_turnover_ratio": 23.95,
            "reinvestment_rate": null,
            "research_to_sale_ratio": 0.31,
            "price_fair": 0,
            "eps_avg_yearly": 0,
            "eps_latest_yearly": 0,
            "eps_growth_yearly": 0
        },
        "20152": {
            "year_quarter": 20152,
            "year": 2015,
            "quarter": 2,
            "eps": 1,
            "eps_growth_year": null,
            "eps_4q": 0.7,
            "eps_4q_growth_year": null,
            "roe": 8.19,
            "roe_4q": 7.74,
            "gross_profit": 94029,
            "gross_margin": 65.81,
            "gross_margin_4q_avg": 63.9,
            "net_income": 20096,
            "revenue": 142871,
            "common_shares": 200000,
            "book_valuer_per_share": 12.77,
            "book_valuer_per_share_4q_avg": 12.12,
            "equity": 255388,
            "current_ratio": 245.49,
            "debt_ratio": 28.78,
            "inventory_turnover_ratio": 2.23,
            "account_receivable_turnover_ratio": 38.03,
            "reinvestment_rate": null,
            "research_to_sale_ratio": 0.15,
            "price_fair": 140,
            "eps_avg_yearly": 4,
            "eps_latest_yearly": 4,
            "eps_growth_yearly": 625.64
        },
        "20153": {
            "year_quarter": 20153,
            "year": 2015,
            "quarter": 3,
            "eps": 0.38,
            "eps_growth_year": -22.45,
            "eps_4q": 0.6,
            "eps_4q_growth_year": null,
            "roe": 2.96,
            "roe_4q": 4.629999999999999,
            "gross_profit": 62944,
            "gross_margin": 67.04,
            "gross_margin_4q_avg": 71.38,
            "net_income": 7673,
            "revenue": 93896,
            "common_shares": 200000,
            "book_valuer_per_share": 13.15,
            "book_valuer_per_share_4q_avg": 12.26,
            "equity": 263061,
            "current_ratio": 256.95,
            "debt_ratio": 27.78,
            "inventory_turnover_ratio": 1.31,
            "account_receivable_turnover_ratio": 26.58,
            "reinvestment_rate": null,
            "research_to_sale_ratio": 0.11,
            "price_fair": 96.6,
            "eps_avg_yearly": 2.76,
            "eps_latest_yearly": 1.52,
            "eps_growth_yearly": 188.82
        },
        "20154": {
            "year_quarter": 20154,
            "year": 2015,
            "quarter": 4,
            "eps": 0.86,
            "eps_growth_year": null,
            "eps_4q": 2.64,
            "eps_4q_growth_year": null,
            "roe": 6.34,
            "roe_4q": 20.880000000000003,
            "gross_profit": 83492,
            "gross_margin": 67.99,
            "gross_margin_4q_avg": 67.48,
            "net_income": 17233,
            "revenue": 122807,
            "common_shares": 200000,
            "book_valuer_per_share": 14.01,
            "book_valuer_per_share_4q_avg": 12.92,
            "equity": 280294,
            "current_ratio": 117.23,
            "debt_ratio": 46.79,
            "inventory_turnover_ratio": 1.24,
            "account_receivable_turnover_ratio": 28.23,
            "reinvestment_rate": null,
            "research_to_sale_ratio": 0.11,
            "price_fair": 104.53,
            "eps_avg_yearly": 2.99,
            "eps_latest_yearly": 3.44,
            "eps_growth_yearly": 294.3
        },
        "20161": {
            "year_quarter": 20161,
            "year": 2016,
            "quarter": 1,
            "eps": 0.5,
            "eps_growth_year": 28.21,
            "eps_4q": 2.75,
            "eps_4q_growth_year": null,
            "roe": 3.52,
            "roe_4q": 21.009999999999998,
            "gross_profit": 63859,
            "gross_margin": 66.94,
            "gross_margin_4q_avg": 66.95,
            "net_income": 10046,
            "revenue": 95401,
            "common_shares": 200000,
            "book_valuer_per_share": 14.52,
            "book_valuer_per_share_4q_avg": 13.61,
            "equity": 290340,
            "current_ratio": 129.53,
            "debt_ratio": 43.91,
            "inventory_turnover_ratio": 0.94,
            "account_receivable_turnover_ratio": 18.89,
            "reinvestment_rate": null,
            "research_to_sale_ratio": 0.13,
            "price_fair": 95.9,
            "eps_avg_yearly": 2.74,
            "eps_latest_yearly": 2,
            "eps_growth_yearly": 178.87
        },
        "20162": {
            "year_quarter": 20162,
            "year": 2016,
            "quarter": 2,
            "eps": 0.95,
            "eps_growth_year": -5,
            "eps_4q": 2.43,
            "eps_4q_growth_year": 248.85,
            "roe": 6.35,
            "roe_4q": 19.17,
            "gross_profit": 86385,
            "gross_margin": 67.83,
            "gross_margin_4q_avg": 67.45,
            "net_income": 19016,
            "revenue": 127356,
            "common_shares": 200000,
            "book_valuer_per_share": 15.42,
            "book_valuer_per_share_4q_avg": 14.28,
            "equity": 308356,
            "current_ratio": 131.51,
            "debt_ratio": 41.54,
            "inventory_turnover_ratio": 1.66,
            "account_receivable_turnover_ratio": 25.12,
            "reinvestment_rate": null,
            "research_to_sale_ratio": 0.1,
            "price_fair": 103.32,
            "eps_avg_yearly": 2.95,
            "eps_latest_yearly": 3.8,
            "eps_growth_yearly": 215.09
        },
        "20163": {
            "year_quarter": 20163,
            "year": 2016,
            "quarter": 3,
            "eps": 0.4,
            "eps_growth_year": 5.26,
            "eps_4q": 2.49,
            "eps_4q_growth_year": 318.08,
            "roe": 2.86,
            "roe_4q": 19.07,
            "gross_profit": 63666,
            "gross_margin": 67.16,
            "gross_margin_4q_avg": 67.48,
            "net_income": 8938,
            "revenue": 94804,
            "common_shares": 222000,
            "book_valuer_per_share": 14.29,
            "book_valuer_per_share_4q_avg": 14.56,
            "equity": 317294,
            "current_ratio": 141.58,
            "debt_ratio": 40.68,
            "inventory_turnover_ratio": 1.78,
            "account_receivable_turnover_ratio": 25.84,
            "reinvestment_rate": null,
            "research_to_sale_ratio": 0.14,
            "price_fair": 95.43,
            "eps_avg_yearly": 2.73,
            "eps_latest_yearly": 1.6,
            "eps_growth_yearly": 140.65
        },
        "20164": {
            "year_quarter": 20164,
            "year": 2016,
            "quarter": 4,
            "eps": 1.06,
            "eps_growth_year": 22.9,
            "eps_4q": 2.77,
            "eps_4q_growth_year": 4.85,
            "roe": 7.14,
            "roe_4q": 19.87,
            "gross_profit": 89671,
            "gross_margin": 67.4,
            "gross_margin_4q_avg": 67.33,
            "net_income": 23510,
            "revenue": 133047,
            "common_shares": 222000,
            "book_valuer_per_share": 15.35,
            "book_valuer_per_share_4q_avg": 14.9,
            "equity": 340804,
            "current_ratio": 146.47,
            "debt_ratio": 38.57,
            "inventory_turnover_ratio": 2.18,
            "account_receivable_turnover_ratio": 45.42,
            "reinvestment_rate": 1079.75,
            "research_to_sale_ratio": 0.1,
            "price_fair": 103,
            "eps_avg_yearly": 2.94,
            "eps_latest_yearly": 4.24,
            "eps_growth_yearly": 214.84
        },
        "20171": {
            "year_quarter": 20171,
            "year": 2017,
            "quarter": 1,
            "eps": 0.66,
            "eps_growth_year": 32,
            "eps_4q": 2.98,
            "eps_4q_growth_year": 8.09,
            "roe": 4.19,
            "roe_4q": 20.54,
            "gross_profit": 69999,
            "gross_margin": 67.81,
            "gross_margin_4q_avg": 67.55,
            "net_income": 14582,
            "revenue": 103232,
            "common_shares": 222000,
            "book_valuer_per_share": 16.01,
            "book_valuer_per_share_4q_avg": 15.27,
            "equity": 355386,
            "current_ratio": 161.14,
            "debt_ratio": 36.9,
            "inventory_turnover_ratio": 1.28,
            "account_receivable_turnover_ratio": 29.97,
            "reinvestment_rate": 616.68,
            "research_to_sale_ratio": 0.05,
            "price_fair": 101.68,
            "eps_avg_yearly": 2.91,
            "eps_latest_yearly": 2.64,
            "eps_growth_yearly": 169.12
        },
        "20172": {
            "year_quarter": 20172,
            "year": 2017,
            "quarter": 2,
            "eps": 1.15,
            "eps_growth_year": 21.05,
            "eps_4q": 3.27,
            "eps_4q_growth_year": 34.32,
            "roe": 7.2,
            "roe_4q": 21.39,
            "gross_profit": 96104,
            "gross_margin": 68.4,
            "gross_margin_4q_avg": 67.69,
            "net_income": 25459,
            "revenue": 140512,
            "common_shares": 222000,
            "book_valuer_per_share": 15.86,
            "book_valuer_per_share_4q_avg": 15.38,
            "equity": 351985,
            "current_ratio": 140.98,
            "debt_ratio": 38.33,
            "inventory_turnover_ratio": 1.7,
            "account_receivable_turnover_ratio": 41.64,
            "reinvestment_rate": 317.9,
            "research_to_sale_ratio": 0,
            "price_fair": 108.27,
            "eps_avg_yearly": 3.09,
            "eps_latest_yearly": 4.6,
            "eps_growth_yearly": 183.32
        },
        "20173": {
            "year_quarter": 20173,
            "year": 2017,
            "quarter": 3,
            "eps": 2.86,
            "eps_growth_year": 615,
            "eps_4q": 5.72,
            "eps_4q_growth_year": 130.04,
            "roe": 16.55,
            "roe_4q": 35.08,
            "gross_profit": 73914,
            "gross_margin": 68.02,
            "gross_margin_4q_avg": 67.91,
            "net_income": 63507,
            "revenue": 108658,
            "common_shares": 222000,
            "book_valuer_per_share": 18.72,
            "book_valuer_per_share_4q_avg": 16.49,
            "equity": 415492,
            "current_ratio": 254.88,
            "debt_ratio": 26.05,
            "inventory_turnover_ratio": 1.26,
            "account_receivable_turnover_ratio": 30.02,
            "reinvestment_rate": 186,
            "research_to_sale_ratio": 0.02,
            "price_fair": 137.48,
            "eps_avg_yearly": 3.93,
            "eps_latest_yearly": 11.44,
            "eps_growth_yearly": 224.47
        },
        "20174": {
            "year_quarter": 20174,
            "year": 2017,
            "quarter": 4,
            "eps": 1.36,
            "eps_growth_year": 28.41,
            "eps_4q": 6.02,
            "eps_4q_growth_year": 117.42,
            "roe": 7.01,
            "roe_4q": 34.95,
            "gross_profit": 98076,
            "gross_margin": 68.33,
            "gross_margin_4q_avg": 68.14,
            "net_income": 30189,
            "revenue": 143540,
            "common_shares": 222000,
            "book_valuer_per_share": 20.08,
            "book_valuer_per_share_4q_avg": 17.67,
            "equity": 445681,
            "current_ratio": 280.8,
            "debt_ratio": 25.23,
            "inventory_turnover_ratio": 1.66,
            "account_receivable_turnover_ratio": 34.32,
            "reinvestment_rate": 151.41,
            "research_to_sale_ratio": 0.01,
            "price_fair": 142.29,
            "eps_avg_yearly": 4.07,
            "eps_latest_yearly": 5.44,
            "eps_growth_yearly": 184.99
        },
        "20181": {
            "year_quarter": 20181,
            "year": 2018,
            "quarter": 1,
            "eps": 0.89,
            "eps_growth_year": 34.85,
            "eps_4q": 6.25,
            "eps_4q_growth_year": 110.2,
            "roe": 4.32,
            "roe_4q": 35.080000000000005,
            "gross_profit": 72037,
            "gross_margin": 68.28,
            "gross_margin_4q_avg": 68.26,
            "net_income": 19676,
            "revenue": 105496,
            "common_shares": 222000,
            "book_valuer_per_share": 20.96,
            "book_valuer_per_share_4q_avg": 18.91,
            "equity": 465357,
            "current_ratio": 298.67,
            "debt_ratio": 23.51,
            "inventory_turnover_ratio": 1.28,
            "account_receivable_turnover_ratio": 23.19,
            "reinvestment_rate": 132.32,
            "research_to_sale_ratio": 0.01,
            "price_fair": 140.82,
            "eps_avg_yearly": 4.02,
            "eps_latest_yearly": 3.56,
            "eps_growth_yearly": 158.06
        },
        "20182": {
            "year_quarter": 20182,
            "year": 2018,
            "quarter": 2,
            "eps": 1.07,
            "eps_growth_year": -6.96,
            "eps_4q": 6.18,
            "eps_4q_growth_year": 89.12,
            "roe": 5.28,
            "roe_4q": 33.16,
            "gross_profit": 109454,
            "gross_margin": 68.49,
            "gross_margin_4q_avg": 68.28,
            "net_income": 23720,
            "revenue": 159819,
            "common_shares": 222000,
            "book_valuer_per_share": 19.53,
            "book_valuer_per_share_4q_avg": 19.82,
            "equity": 433577,
            "current_ratio": 186.47,
            "debt_ratio": 31.57,
            "inventory_turnover_ratio": 1.9,
            "account_receivable_turnover_ratio": 37.85,
            "reinvestment_rate": 118.68,
            "research_to_sale_ratio": 0.01,
            "price_fair": 141.51,
            "eps_avg_yearly": 4.04,
            "eps_latest_yearly": 4.28,
            "eps_growth_yearly": 152.12
        },
        "20183": {
            "year_quarter": 20183,
            "year": 2018,
            "quarter": 3,
            "eps": 0.58,
            "eps_growth_year": -79.72,
            "eps_4q": 3.89,
            "eps_4q_growth_year": -32.03,
            "roe": 2.9,
            "roe_4q": 19.509999999999998,
            "gross_profit": 73667,
            "gross_margin": 68.43,
            "gross_margin_4q_avg": 68.38,
            "net_income": 12771,
            "revenue": 107656,
            "common_shares": 222000,
            "book_valuer_per_share": 20.11,
            "book_valuer_per_share_4q_avg": 20.17,
            "equity": 446348,
            "current_ratio": 204.92,
            "debt_ratio": 23.62,
            "inventory_turnover_ratio": 1.3,
            "account_receivable_turnover_ratio": 24.5,
            "reinvestment_rate": 144.19,
            "research_to_sale_ratio": 0,
            "price_fair": 137.2,
            "eps_avg_yearly": 3.92,
            "eps_latest_yearly": 2.32,
            "eps_growth_yearly": 128.17
        },
        "20184": {
            "year_quarter": 20184,
            "year": 2018,
            "quarter": 4,
            "eps": 0.93,
            "eps_growth_year": -31.86,
            "eps_4q": 3.46,
            "eps_4q_growth_year": -42.62,
            "roe": 4.5,
            "roe_4q": 17,
            "gross_profit": 84282,
            "gross_margin": 68.75,
            "gross_margin_4q_avg": 68.49,
            "net_income": 20571,
            "revenue": 122596,
            "common_shares": 222000,
            "book_valuer_per_share": 21.03,
            "book_valuer_per_share_4q_avg": 20.41,
            "equity": 466919,
            "current_ratio": 221.82,
            "debt_ratio": 23.44,
            "inventory_turnover_ratio": 1.48,
            "account_receivable_turnover_ratio": 26.03,
            "reinvestment_rate": 119.47,
            "research_to_sale_ratio": 0,
            "price_fair": 136.73,
            "eps_avg_yearly": 3.91,
            "eps_latest_yearly": 3.72,
            "eps_growth_yearly": 135.72
        },
        "20191": {
            "year_quarter": 20191,
            "year": 2019,
            "quarter": 1,
            "eps": 0.79,
            "eps_growth_year": -11.24,
            "eps_4q": 3.36,
            "eps_4q_growth_year": -46.32,
            "roe": 3.67,
            "roe_4q": 16.35,
            "gross_profit": 78605,
            "gross_margin": 67.91,
            "gross_margin_4q_avg": 68.4,
            "net_income": 17460,
            "revenue": 115754,
            "common_shares": 222000,
            "book_valuer_per_share": 21.82,
            "book_valuer_per_share_4q_avg": 20.62,
            "equity": 484379,
            "current_ratio": 238.12,
            "debt_ratio": 22.95,
            "inventory_turnover_ratio": 1.51,
            "account_receivable_turnover_ratio": 23.87,
            "reinvestment_rate": 107.94,
            "research_to_sale_ratio": 0,
            "price_fair": 135.1,
            "eps_avg_yearly": 3.86,
            "eps_latest_yearly": 3.16,
            "eps_growth_yearly": 123.47
        },
        "20192": {
            "year_quarter": 20192,
            "year": 2019,
            "quarter": 2,
            "eps": 0.94,
            "eps_growth_year": -12.15,
            "eps_4q": 3.23,
            "eps_4q_growth_year": -47.77,
            "roe": 4.45,
            "roe_4q": 15.520000000000001,
            "gross_profit": 90159,
            "gross_margin": 68.85,
            "gross_margin_4q_avg": 68.49,
            "net_income": 20803,
            "revenue": 130951,
            "common_shares": 222000,
            "book_valuer_per_share": 20.26,
            "book_valuer_per_share_4q_avg": 20.81,
            "equity": 449682,
            "current_ratio": 169.19,
            "debt_ratio": 29.92,
            "inventory_turnover_ratio": 1.53,
            "account_receivable_turnover_ratio": 29.55,
            "reinvestment_rate": 88.87,
            "research_to_sale_ratio": 0,
            "price_fair": 134.58,
            "eps_avg_yearly": 3.85,
            "eps_latest_yearly": 3.76,
            "eps_growth_yearly": 89.12
        },
        "20193": {
            "year_quarter": 20193,
            "year": 2019,
            "quarter": 3,
            "eps": 0.5,
            "eps_growth_year": -13.79,
            "eps_4q": 3.15,
            "eps_4q_growth_year": -18.96,
            "roe": 2.45,
            "roe_4q": 15.07,
            "gross_profit": 68235,
            "gross_margin": 69.35,
            "gross_margin_4q_avg": 68.72,
            "net_income": 11153,
            "revenue": 98391,
            "common_shares": 222000,
            "book_valuer_per_share": 20.76,
            "book_valuer_per_share_4q_avg": 20.97,
            "equity": 460835,
            "current_ratio": 243.28,
            "debt_ratio": 21.13,
            "inventory_turnover_ratio": 1.04,
            "account_receivable_turnover_ratio": 21.39,
            "reinvestment_rate": 86.94,
            "research_to_sale_ratio": 0,
            "price_fair": 135.63,
            "eps_avg_yearly": 3.88,
            "eps_latest_yearly": 2,
            "eps_growth_yearly": 92.91
        },
        "20194": {
            "year_quarter": 20194,
            "year": 2019,
            "quarter": 4,
            "eps": 1.02,
            "eps_growth_year": 9.86,
            "eps_4q": 3.24,
            "eps_4q_growth_year": -6.15,
            "roe": 4.79,
            "roe_4q": 15.360000000000001,
            "gross_profit": 96049,
            "gross_margin": 69.5,
            "gross_margin_4q_avg": 68.9,
            "net_income": 22600,
            "revenue": 138201,
            "common_shares": 222000,
            "book_valuer_per_share": 21.78,
            "book_valuer_per_share_4q_avg": 21.16,
            "equity": 483435,
            "current_ratio": 237.36,
            "debt_ratio": 22.83,
            "inventory_turnover_ratio": 1.44,
            "account_receivable_turnover_ratio": 26.89,
            "reinvestment_rate": 3.17,
            "research_to_sale_ratio": 0,
            "price_fair": 137.03,
            "eps_avg_yearly": 3.92,
            "eps_latest_yearly": 4.08,
            "eps_growth_yearly": 87.34
        },
        "20201": {
            "year_quarter": 20201,
            "year": 2020,
            "quarter": 1,
            "eps": 0.2,
            "eps_growth_year": -74.68,
            "eps_4q": 2.65,
            "eps_4q_growth_year": -20.97,
            "roe": 0.89,
            "roe_4q": 12.579999999999998,
            "gross_profit": 46897,
            "gross_margin": 68.35,
            "gross_margin_4q_avg": 69.01,
            "net_income": 4340,
            "revenue": 68616,
            "common_shares": 222000,
            "book_valuer_per_share": 21.97,
            "book_valuer_per_share_4q_avg": 21.19,
            "equity": 487775,
            "current_ratio": 266.54,
            "debt_ratio": 20.61,
            "inventory_turnover_ratio": 0.64,
            "account_receivable_turnover_ratio": 13.02,
            "reinvestment_rate": 3.22,
            "research_to_sale_ratio": null,
            "price_fair": 134.4,
            "eps_avg_yearly": 3.84,
            "eps_latest_yearly": 0.8,
            "eps_growth_yearly": 77.7
        },
        "20202": {
            "year_quarter": 20202,
            "year": 2020,
            "quarter": 2,
            "eps": 0.37,
            "eps_growth_year": -60.64,
            "eps_4q": 2.08,
            "eps_4q_growth_year": -35.42,
            "roe": 1.73,
            "roe_4q": 9.86,
            "gross_profit": 44804,
            "gross_margin": 68.29,
            "gross_margin_4q_avg": 68.87,
            "net_income": 8146,
            "revenue": 65605,
            "common_shares": 222000,
            "book_valuer_per_share": 20.34,
            "book_valuer_per_share_4q_avg": 21.21,
            "equity": 451521,
            "current_ratio": 189.13,
            "debt_ratio": 26.39,
            "inventory_turnover_ratio": 0.53,
            "account_receivable_turnover_ratio": 14.43,
            "reinvestment_rate": 3.22,
            "research_to_sale_ratio": 0,
            "price_fair": 129.33,
            "eps_avg_yearly": 3.7,
            "eps_latest_yearly": 1.48,
            "eps_growth_yearly": 76.45
        },
        "20203": {
            "year_quarter": 20203,
            "year": 2020,
            "quarter": 3,
            "eps": 1.14,
            "eps_growth_year": 128,
            "eps_4q": 2.72,
            "eps_4q_growth_year": -13.63,
            "roe": 5.46,
            "roe_4q": 12.870000000000001,
            "gross_profit": 96525,
            "gross_margin": 61.54,
            "gross_margin_4q_avg": 66.92,
            "net_income": 25365,
            "revenue": 156844,
            "common_shares": 222000,
            "book_valuer_per_share": 21.48,
            "book_valuer_per_share_4q_avg": 21.39,
            "equity": 476886,
            "current_ratio": 253.67,
            "debt_ratio": 22.09,
            "inventory_turnover_ratio": 1.51,
            "account_receivable_turnover_ratio": 35.05,
            "reinvestment_rate": 3.46,
            "research_to_sale_ratio": 0,
            "price_fair": 135.8,
            "eps_avg_yearly": 3.88,
            "eps_latest_yearly": 4.56,
            "eps_growth_yearly": 142.95
        },
        "20204": {
            "year_quarter": 20204,
            "year": 2020,
            "quarter": 4,
            "eps": 1.42,
            "eps_growth_year": 39.01,
            "eps_4q": 3.12,
            "eps_4q_growth_year": -3.82,
            "roe": 6.38,
            "roe_4q": 14.46,
            "gross_profit": 112409,
            "gross_margin": 67.86,
            "gross_margin_4q_avg": 66.51,
            "net_income": 31417,
            "revenue": 165655,
            "common_shares": 222000,
            "book_valuer_per_share": 22.9,
            "book_valuer_per_share_4q_avg": 21.67,
            "equity": 508303,
            "current_ratio": 283.15,
            "debt_ratio": 21.16,
            "inventory_turnover_ratio": 1.47,
            "account_receivable_turnover_ratio": 25.61,
            "reinvestment_rate": 3.64,
            "research_to_sale_ratio": 0,
            "price_fair": 138.95,
            "eps_avg_yearly": 3.97,
            "eps_latest_yearly": 5.68,
            "eps_growth_yearly": 107.84
        },
        "20211": {
            "year_quarter": 20211,
            "year": 2021,
            "quarter": 1,
            "eps": 0.45,
            "eps_growth_year": 125,
            "eps_4q": 3.38,
            "eps_4q_growth_year": 27.27,
            "roe": 1.95,
            "roe_4q": 15.52,
            "gross_profit": 64170,
            "gross_margin": 68.55,
            "gross_margin_4q_avg": 66.56,
            "net_income": 10029,
            "revenue": 93615,
            "common_shares": 222000,
            "book_valuer_per_share": 23.4,
            "book_valuer_per_share_4q_avg": 22.03,
            "equity": 519564,
            "current_ratio": 222.7,
            "debt_ratio": 23.79,
            "inventory_turnover_ratio": 0.95,
            "account_receivable_turnover_ratio": 13.01,
            "reinvestment_rate": 14.13,
            "research_to_sale_ratio": null,
            "price_fair": 137.11,
            "eps_avg_yearly": 3.92,
            "eps_latest_yearly": 1.8,
            "eps_growth_yearly": 100.2
        },
        "20212": {
            "year_quarter": 20212,
            "year": 2021,
            "quarter": 2,
            "eps": 0.56,
            "eps_growth_year": 51.35,
            "eps_4q": 3.57,
            "eps_4q_growth_year": 71.32,
            "roe": 2.51,
            "roe_4q": 16.3,
            "gross_profit": 67213,
            "gross_margin": 68.43,
            "gross_margin_4q_avg": 66.6,
            "net_income": 12408,
            "revenue": 98222,
            "common_shares": 222000,
            "book_valuer_per_share": 21.12,
            "book_valuer_per_share_4q_avg": 22.23,
            "equity": 468792,
            "current_ratio": 171.38,
            "debt_ratio": 27.42,
            "inventory_turnover_ratio": 0.94,
            "account_receivable_turnover_ratio": 12.04,
            "reinvestment_rate": 5.56,
            "research_to_sale_ratio": 0,
            "price_fair": 131.95,
            "eps_avg_yearly": 3.77,
            "eps_latest_yearly": 2.24,
            "eps_growth_yearly": 87.75
        },
        "20213": {
            "year_quarter": 20213,
            "year": 2021,
            "quarter": 3,
            "eps": 0.33,
            "eps_growth_year": -71.05,
            "eps_4q": 2.76,
            "eps_4q_growth_year": 1.24,
            "roe": 1.56,
            "roe_4q": 12.4,
            "gross_profit": 41452,
            "gross_margin": 67.34,
            "gross_margin_4q_avg": 68.05,
            "net_income": 7348,
            "revenue": 61552,
            "common_shares": 222000,
            "book_valuer_per_share": 21.34,
            "book_valuer_per_share_4q_avg": 22.19,
            "equity": 473858,
            "current_ratio": 234.84,
            "debt_ratio": 19.59,
            "inventory_turnover_ratio": 0.58,
            "account_receivable_turnover_ratio": 8.09,
            "reinvestment_rate": 7.5,
            "research_to_sale_ratio": 0,
            "price_fair": 109.81,
            "eps_avg_yearly": 3.14,
            "eps_latest_yearly": 1.32,
            "eps_growth_yearly": 40.31
        },
        "20214": {
            "year_quarter": 20214,
            "year": 2021,
            "quarter": 4,
            "eps": 0.98,
            "eps_growth_year": -31.08,
            "eps_4q": 2.32,
            "eps_4q_growth_year": -25.74,
            "roe": 4.48,
            "roe_4q": 10.5,
            "gross_profit": 91848,
            "gross_margin": 68.76,
            "gross_margin_4q_avg": 68.27,
            "net_income": 21652,
            "revenue": 133580,
            "common_shares": 222000,
            "book_valuer_per_share": 22.16,
            "book_valuer_per_share_4q_avg": 22.01,
            "equity": 492000,
            "current_ratio": 244.77,
            "debt_ratio": 20.14,
            "inventory_turnover_ratio": 1.35,
            "account_receivable_turnover_ratio": 19.19,
            "reinvestment_rate": 7.52,
            "research_to_sale_ratio": null,
            "price_fair": 106.49,
            "eps_avg_yearly": 3.04,
            "eps_latest_yearly": 3.92,
            "eps_growth_yearly": 102.66
        },
        "20221": {
            "year_quarter": 20221,
            "year": 2022,
            "quarter": 1,
            "eps": 0.63,
            "eps_growth_year": 40,
            "eps_4q": 2.49,
            "eps_4q_growth_year": -26.16,
            "roe": 2.79,
            "roe_4q": 11.34,
            "gross_profit": 68905,
            "gross_margin": 68,
            "gross_margin_4q_avg": 68.13,
            "net_income": 13941,
            "revenue": 101332,
            "common_shares": 222000,
            "book_valuer_per_share": 22.87,
            "book_valuer_per_share_4q_avg": 21.87,
            "equity": 507774,
            "current_ratio": 255.71,
            "debt_ratio": 19.77,
            "inventory_turnover_ratio": 1,
            "account_receivable_turnover_ratio": 13.02,
            "reinvestment_rate": 8.36,
            "research_to_sale_ratio": null,
            "price_fair": 104.21,
            "eps_avg_yearly": 2.98,
            "eps_latest_yearly": 2.52,
            "eps_growth_yearly": 102.37
        },
        "20222": {
            "year_quarter": 20222,
            "year": 2022,
            "quarter": 2,
            "eps": 1.31,
            "eps_growth_year": 133.93,
            "eps_4q": 3.15,
            "eps_4q_growth_year": -11.79,
            "roe": 6.02,
            "roe_4q": 14.85,
            "gross_profit": 86699,
            "gross_margin": 42.95,
            "gross_margin_4q_avg": 61.76,
            "net_income": 30431,
            "revenue": 201874,
            "common_shares": 222000,
            "book_valuer_per_share": 22.68,
            "book_valuer_per_share_4q_avg": 22.26,
            "equity": 503525,
            "current_ratio": 189.14,
            "debt_ratio": 27.24,
            "inventory_turnover_ratio": 3.27,
            "account_receivable_turnover_ratio": 5.74,
            "reinvestment_rate": 8.86,
            "research_to_sale_ratio": null,
            "price_fair": 106.31,
            "eps_avg_yearly": 3.04,
            "eps_latest_yearly": 5.24,
            "eps_growth_yearly": 124.3
        },
        "20223": {
            "year_quarter": 20223,
            "year": 2022,
            "quarter": 3,
            "eps": 1.36,
            "eps_growth_year": 312.12,
            "eps_4q": 4.19,
            "eps_4q_growth_year": 51.95,
            "roe": 6.07,
            "roe_4q": 19.36,
            "gross_profit": 109859,
            "gross_margin": 59.18,
            "gross_margin_4q_avg": 59.72,
            "net_income": 31625,
            "revenue": 185642,
            "common_shares": 233100,
            "book_valuer_per_share": 23.12,
            "book_valuer_per_share_4q_avg": 22.71,
            "equity": 538900,
            "current_ratio": 256.01,
            "debt_ratio": 19.32,
            "inventory_turnover_ratio": 2.42,
            "account_receivable_turnover_ratio": 4.42,
            "reinvestment_rate": -17.54,
            "research_to_sale_ratio": null,
            "price_fair": 113.14,
            "eps_avg_yearly": 3.23,
            "eps_latest_yearly": 5.44,
            "eps_growth_yearly": 136.7
        },
        "20224": {
            "year_quarter": 20224,
            "year": 2022,
            "quarter": 4,
            "eps": 1.55,
            "eps_growth_year": 58.78,
            "eps_4q": 4.81,
            "eps_4q_growth_year": 107.55,
            "roe": 6.51,
            "roe_4q": 21.39,
            "gross_profit": 123115,
            "gross_margin": 63,
            "gross_margin_4q_avg": 58.28,
            "net_income": 36097,
            "revenue": 195405,
            "common_shares": 233100,
            "book_valuer_per_share": 24.46,
            "book_valuer_per_share_4q_avg": 23.28,
            "equity": 570137,
            "current_ratio": 260.76,
            "debt_ratio": 17.23,
            "inventory_turnover_ratio": 2.36,
            "account_receivable_turnover_ratio": 12.45,
            "reinvestment_rate": -40.93,
            "research_to_sale_ratio": null,
            "price_fair": 118.56,
            "eps_avg_yearly": 3.39,
            "eps_latest_yearly": 6.2,
            "eps_growth_yearly": 125.11
        },
        "20231": {
            "year_quarter": 20231,
            "year": 2023,
            "quarter": 1,
            "eps": 1.21,
            "eps_growth_year": 92.06,
            "eps_4q": 5.42,
            "eps_4q_growth_year": 117.32,
            "roe": 4.83,
            "roe_4q": 23.43,
            "gross_profit": 101502,
            "gross_margin": 65.13,
            "gross_margin_4q_avg": 57.57,
            "net_income": 28146,
            "revenue": 155837,
            "common_shares": 233100,
            "book_valuer_per_share": 25.54,
            "book_valuer_per_share_4q_avg": 23.95,
            "equity": 595395,
            "current_ratio": 284.71,
            "debt_ratio": 16.76,
            "inventory_turnover_ratio": 1.54,
            "account_receivable_turnover_ratio": 18.07,
            "reinvestment_rate": -38.77,
            "research_to_sale_ratio": null,
            "price_fair": 122.24,
            "eps_avg_yearly": 3.49,
            "eps_latest_yearly": 4.84,
            "eps_growth_yearly": 123.39
        }
    },
    "months": {
        "2003-04": {
            "month": "2003-04",
            "price": "15.06",
            "revenue": 93288
        },
        "2003-05": {
            "month": "2003-05",
            "price": "21.32",
            "revenue": 70941
        },
        "2003-06": {
            "month": "2003-06",
            "price": "16.98",
            "revenue": 70665
        },
        "2003-07": {
            "month": "2003-07",
            "price": "15.63",
            "revenue": 67872
        },
        "2003-08": {
            "month": "2003-08",
            "price": "14.16",
            "revenue": 54113
        },
        "2003-09": {
            "month": "2003-09",
            "price": "13.57",
            "revenue": 73386
        },
        "2003-10": {
            "month": "2003-10",
            "price": "16.75",
            "revenue": 50370
        },
        "2003-11": {
            "month": "2003-11",
            "price": "17.62",
            "revenue": 62197
        },
        "2003-12": {
            "month": "2003-12",
            "price": "20.57",
            "revenue": 70236
        },
        "2004-01": {
            "month": "2004-01",
            "price": "20.06",
            "revenue": 41051
        },
        "2004-02": {
            "month": "2004-02",
            "price": "18.98",
            "revenue": 40508
        },
        "2004-03": {
            "month": "2004-03",
            "price": "15.97",
            "revenue": 74843
        },
        "2004-04": {
            "month": "2004-04",
            "price": "15.75",
            "revenue": 70346
        },
        "2004-05": {
            "month": "2004-05",
            "price": "13.94",
            "revenue": 70476
        },
        "2004-06": {
            "month": "2004-06",
            "price": "13.93",
            "revenue": 85880
        },
        "2004-07": {
            "month": "2004-07",
            "price": "14.81",
            "revenue": 68675
        },
        "2004-08": {
            "month": "2004-08",
            "price": "15.82",
            "revenue": 60006
        },
        "2004-09": {
            "month": "2004-09",
            "price": "14.38",
            "revenue": 68763
        },
        "2004-10": {
            "month": "2004-10",
            "price": "16.62",
            "revenue": 70889
        },
        "2004-11": {
            "month": "2004-11",
            "price": "14.10",
            "revenue": 70042
        },
        "2004-12": {
            "month": "2004-12",
            "price": "12.77",
            "revenue": 77602
        },
        "2005-01": {
            "month": "2005-01",
            "price": "11.11",
            "revenue": 65187
        },
        "2005-02": {
            "month": "2005-02",
            "price": "10.71",
            "revenue": 26414
        },
        "2005-03": {
            "month": "2005-03",
            "price": "10.36",
            "revenue": 79783
        },
        "2005-04": {
            "month": "2005-04",
            "price": "10.14",
            "revenue": 69508
        },
        "2005-05": {
            "month": "2005-05",
            "price": "10.03",
            "revenue": 58516
        },
        "2005-06": {
            "month": "2005-06",
            "price": "10.31",
            "revenue": 63837
        },
        "2005-07": {
            "month": "2005-07",
            "price": "8.91",
            "revenue": 68428
        },
        "2005-08": {
            "month": "2005-08",
            "price": "6.21",
            "revenue": 66374
        },
        "2005-09": {
            "month": "2005-09",
            "price": "5.75",
            "revenue": 69013
        },
        "2005-10": {
            "month": "2005-10",
            "price": "5.97",
            "revenue": 60232
        },
        "2005-11": {
            "month": "2005-11",
            "price": "6.01",
            "revenue": 75614
        },
        "2005-12": {
            "month": "2005-12",
            "price": "6.20",
            "revenue": 55266
        },
        "2006-01": {
            "month": "2006-01",
            "price": "7.11",
            "revenue": 58903
        },
        "2006-02": {
            "month": "2006-02",
            "price": "6.63",
            "revenue": 33522
        },
        "2006-03": {
            "month": "2006-03",
            "price": "6.59",
            "revenue": 68663
        },
        "2006-04": {
            "month": "2006-04",
            "price": "6.10",
            "revenue": 69274
        },
        "2006-05": {
            "month": "2006-05",
            "price": "5.75",
            "revenue": 44182
        },
        "2006-06": {
            "month": "2006-06",
            "price": "4.99",
            "revenue": 88808
        },
        "2006-07": {
            "month": "2006-07",
            "price": "5.06",
            "revenue": 60497
        },
        "2006-08": {
            "month": "2006-08",
            "price": "4.72",
            "revenue": 57936
        },
        "2006-09": {
            "month": "2006-09",
            "price": "4.17",
            "revenue": 58589
        },
        "2006-10": {
            "month": "2006-10",
            "price": "5.26",
            "revenue": 62657
        },
        "2006-11": {
            "month": "2006-11",
            "price": "5.54",
            "revenue": 78769
        },
        "2006-12": {
            "month": "2006-12",
            "price": "9.97",
            "revenue": 82198
        },
        "2007-01": {
            "month": "2007-01",
            "price": "16.69",
            "revenue": 79629
        },
        "2007-02": {
            "month": "2007-02",
            "price": "18.35",
            "revenue": 39422
        },
        "2007-03": {
            "month": "2007-03",
            "price": "22.33",
            "revenue": 61311
        },
        "2007-04": {
            "month": "2007-04",
            "price": "25.80",
            "revenue": 48867
        },
        "2007-05": {
            "month": "2007-05",
            "price": "24.77",
            "revenue": 45418
        },
        "2007-06": {
            "month": "2007-06",
            "price": "22.35",
            "revenue": 13334
        },
        "2007-07": {
            "month": "2007-07",
            "price": "25.28",
            "revenue": 51242
        },
        "2007-08": {
            "month": "2007-08",
            "price": "27.21",
            "revenue": 53407
        },
        "2007-09": {
            "month": "2007-09",
            "price": "25.06",
            "revenue": 41790
        },
        "2007-10": {
            "month": "2007-10",
            "price": "25.32",
            "revenue": 30376
        },
        "2007-11": {
            "month": "2007-11",
            "price": "24.79",
            "revenue": 47649
        },
        "2007-12": {
            "month": "2007-12",
            "price": "25.71",
            "revenue": 53449
        },
        "2008-01": {
            "month": "2008-01",
            "price": "24.84",
            "revenue": 66066
        },
        "2008-02": {
            "month": "2008-02",
            "price": "19.01",
            "revenue": 31829
        },
        "2008-03": {
            "month": "2008-03",
            "price": "20.01",
            "revenue": 22469
        },
        "2008-04": {
            "month": "2008-04",
            "price": "21.59",
            "revenue": 35068
        },
        "2008-05": {
            "month": "2008-05",
            "price": "19.22",
            "revenue": 40563
        },
        "2008-12": {
            "month": "2008-12",
            "price": "5.15",
            "revenue": 18068
        },
        "2009-01": {
            "month": "2009-01",
            "price": "3.35",
            "revenue": 14335
        },
        "2009-02": {
            "month": "2009-02",
            "price": "2.00",
            "revenue": 12137
        },
        "2009-03": {
            "month": "2009-03",
            "price": "2.20",
            "revenue": 20382
        },
        "2009-04": {
            "month": "2009-04",
            "price": "3.19",
            "revenue": 16012
        },
        "2009-05": {
            "month": "2009-05",
            "price": "4.95",
            "revenue": 13223
        },
        "2009-06": {
            "month": "2009-06",
            "price": "4.82",
            "revenue": 14671
        },
        "2009-07": {
            "month": "2009-07",
            "price": "4.96",
            "revenue": 20591
        },
        "2009-08": {
            "month": "2009-08",
            "price": "5.13",
            "revenue": 13768
        },
        "2009-09": {
            "month": "2009-09",
            "price": "4.42",
            "revenue": 21836
        },
        "2009-10": {
            "month": "2009-10",
            "price": "3.04",
            "revenue": 7599
        },
        "2009-11": {
            "month": "2009-11",
            "price": "3.75",
            "revenue": 11077
        },
        "2009-12": {
            "month": "2009-12",
            "price": "3.53",
            "revenue": 5505
        },
        "2010-01": {
            "month": "2010-01",
            "price": "3.77",
            "revenue": 2283
        },
        "2010-02": {
            "month": "2010-02",
            "price": "3.62",
            "revenue": 4913
        },
        "2010-03": {
            "month": "2010-03",
            "price": "3.44",
            "revenue": 1757
        },
        "2010-04": {
            "month": "2010-04",
            "price": "3.75",
            "revenue": 979
        },
        "2010-05": {
            "month": "2010-05",
            "price": "4.50",
            "revenue": 7634
        },
        "2010-06": {
            "month": "2010-06",
            "price": "5.08",
            "revenue": 2711
        },
        "2010-07": {
            "month": "2010-07",
            "price": "4.79",
            "revenue": 5117
        },
        "2010-08": {
            "month": "2010-08",
            "price": "4.78",
            "revenue": 3057
        },
        "2010-09": {
            "month": "2010-09",
            "price": "3.73",
            "revenue": 6324
        },
        "2010-10": {
            "month": "2010-10",
            "price": "2.94",
            "revenue": 431
        },
        "2010-11": {
            "month": "2010-11",
            "price": "3.79",
            "revenue": 2183
        },
        "2010-12": {
            "month": "2010-12",
            "price": "3.79",
            "revenue": 11073
        },
        "2011-01": {
            "month": "2011-01",
            "price": "3.25",
            "revenue": 6369
        },
        "2011-02": {
            "month": "2011-02",
            "price": "2.84",
            "revenue": 320
        },
        "2011-03": {
            "month": "2011-03",
            "price": "2.99",
            "revenue": 7867
        },
        "2011-04": {
            "month": "2011-04",
            "price": "2.78",
            "revenue": 10599
        },
        "2011-05": {
            "month": "2011-05",
            "price": "2.64",
            "revenue": 6475
        },
        "2011-06": {
            "month": "2011-06",
            "price": "2.05",
            "revenue": 7094
        },
        "2011-07": {
            "month": "2011-07",
            "price": "2.35",
            "revenue": 7827
        },
        "2011-08": {
            "month": "2011-08",
            "price": "2.74",
            "revenue": 9728
        },
        "2011-09": {
            "month": "2011-09",
            "price": "3.06",
            "revenue": 7981
        },
        "2011-10": {
            "month": "2011-10",
            "price": "3.20",
            "revenue": 7032
        },
        "2011-11": {
            "month": "2011-11",
            "price": "16.16",
            "revenue": 2588
        },
        "2011-12": {
            "month": "2011-12",
            "price": "15.07",
            "revenue": 5133
        },
        "2012-02": {
            "month": "2012-02",
            "price": "13.95",
            "revenue": 12813
        },
        "2012-03": {
            "month": "2012-03",
            "price": "11.50",
            "revenue": 8871
        },
        "2012-04": {
            "month": "2012-04",
            "price": "11.51",
            "revenue": 9176
        },
        "2012-05": {
            "month": "2012-05",
            "price": "13.06",
            "revenue": 17581
        },
        "2012-06": {
            "month": "2012-06",
            "price": "13.56",
            "revenue": 23417
        },
        "2012-07": {
            "month": "2012-07",
            "price": "13.69",
            "revenue": 18649
        },
        "2012-08": {
            "month": "2012-08",
            "price": "14.39",
            "revenue": 5493
        },
        "2012-09": {
            "month": "2012-09",
            "price": "14.26",
            "revenue": 23091
        },
        "2012-10": {
            "month": "2012-10",
            "price": "14.05",
            "revenue": 8787
        },
        "2012-11": {
            "month": "2012-11",
            "price": "12.82",
            "revenue": 14272
        },
        "2012-12": {
            "month": "2012-12",
            "price": "11.72",
            "revenue": 10250
        },
        "2013-01": {
            "month": "2013-01",
            "price": "10.57",
            "revenue": 20959
        },
        "2013-02": {
            "month": "2013-02",
            "price": "10.66",
            "revenue": 26819
        },
        "2013-03": {
            "month": "2013-03",
            "price": "10.62",
            "revenue": 15928
        },
        "2013-04": {
            "month": "2013-04",
            "price": "6.49",
            "revenue": 26492
        },
        "2013-05": {
            "month": "2013-05",
            "price": "8.38",
            "revenue": 17039
        },
        "2013-06": {
            "month": "2013-06",
            "price": "9.11",
            "revenue": 10816
        },
        "2013-07": {
            "month": "2013-07",
            "price": "7.21",
            "revenue": 21547
        },
        "2013-08": {
            "month": "2013-08",
            "price": "5.56",
            "revenue": 22406
        },
        "2013-09": {
            "month": "2013-09",
            "price": "7.56",
            "revenue": 14491
        },
        "2013-10": {
            "month": "2013-10",
            "price": "5.89",
            "revenue": 27313
        },
        "2013-11": {
            "month": "2013-11",
            "price": "6.06",
            "revenue": 15967
        },
        "2013-12": {
            "month": "2013-12",
            "price": "5.15",
            "revenue": 17574
        },
        "2014-01": {
            "month": "2014-01",
            "price": "4.80",
            "revenue": 22430
        },
        "2014-02": {
            "month": "2014-02",
            "price": "5.48",
            "revenue": 9287
        },
        "2014-03": {
            "month": "2014-03",
            "price": "8.88",
            "revenue": 14546
        },
        "2014-04": {
            "month": "2014-04",
            "price": "26.22",
            "revenue": 25768
        },
        "2014-05": {
            "month": "2014-05",
            "price": "22.90",
            "revenue": 14855
        },
        "2014-06": {
            "month": "2014-06",
            "price": "25.52",
            "revenue": 8151
        },
        "2014-07": {
            "month": "2014-07",
            "price": "41.92",
            "revenue": 11084
        },
        "2014-08": {
            "month": "2014-08",
            "price": "59.65",
            "revenue": 19348
        },
        "2014-09": {
            "month": "2014-09",
            "price": "55.92",
            "revenue": 19082
        },
        "2015-05": {
            "month": "2015-05",
            "price": "47.00",
            "revenue": 54929
        },
        "2015-09": {
            "month": "2015-09",
            "price": "53.22",
            "revenue": 31557
        },
        "2015-10": {
            "month": "2015-10",
            "price": "48.96",
            "revenue": 44169
        },
        "2016-03": {
            "month": "2016-03",
            "price": "47.50",
            "revenue": 41174
        },
        "2016-04": {
            "month": "2016-04",
            "price": "43.88",
            "revenue": 43272
        },
        "2016-05": {
            "month": "2016-05",
            "price": "48.30",
            "revenue": 48358
        },
        "2016-06": {
            "month": "2016-06",
            "price": "50.00",
            "revenue": 35726
        },
        "2016-07": {
            "month": "2016-07",
            "price": "49.00",
            "revenue": 33038
        },
        "2016-08": {
            "month": "2016-08",
            "price": "49.00",
            "revenue": 25412
        },
        "2016-09": {
            "month": "2016-09",
            "price": "44.55",
            "revenue": 36355
        },
        "2016-10": {
            "month": "2016-10",
            "price": "46.82",
            "revenue": 47369
        },
        "2016-11": {
            "month": "2016-11",
            "price": "48.08",
            "revenue": 46342
        },
        "2016-12": {
            "month": "2016-12",
            "price": "49.30",
            "revenue": 39335
        },
        "2017-01": {
            "month": "2017-01",
            "price": "48.24",
            "revenue": 26251
        },
        "2017-02": {
            "month": "2017-02",
            "price": "48.05",
            "revenue": 35615
        },
        "2017-03": {
            "month": "2017-03",
            "price": "47.08",
            "revenue": 41366
        },
        "2017-04": {
            "month": "2017-04",
            "price": "45.55",
            "revenue": 51325
        },
        "2017-05": {
            "month": "2017-05",
            "price": "46.72",
            "revenue": 45581
        },
        "2017-06": {
            "month": "2017-06",
            "price": "49.60",
            "revenue": 43606
        },
        "2017-07": {
            "month": "2017-07",
            "price": "47.47",
            "revenue": 34009
        },
        "2017-08": {
            "month": "2017-08",
            "price": "47.65",
            "revenue": 35579
        },
        "2017-09": {
            "month": "2017-09",
            "price": "45.45",
            "revenue": 39071
        },
        "2017-10": {
            "month": "2017-10",
            "price": "43.79",
            "revenue": 49195
        },
        "2017-11": {
            "month": "2017-11",
            "price": "61.04",
            "revenue": 53032
        },
        "2017-12": {
            "month": "2017-12",
            "price": "63.10",
            "revenue": 41313
        },
        "2018-01": {
            "month": "2018-01",
            "price": "59.81",
            "revenue": 33376
        },
        "2018-02": {
            "month": "2018-02",
            "price": "53.79",
            "revenue": 22535
        },
        "2018-03": {
            "month": "2018-03",
            "price": "60.91",
            "revenue": 49585
        },
        "2018-04": {
            "month": "2018-04",
            "price": "74.96",
            "revenue": 56197
        },
        "2018-05": {
            "month": "2018-05",
            "price": "68.08",
            "revenue": 58422
        },
        "2018-06": {
            "month": "2018-06",
            "price": "64.20",
            "revenue": 45200
        },
        "2018-07": {
            "month": "2018-07",
            "price": "56.59",
            "revenue": 40042
        },
        "2018-08": {
            "month": "2018-08",
            "price": "53.33",
            "revenue": 27694
        },
        "2018-09": {
            "month": "2018-09",
            "price": "48.89",
            "revenue": 39919
        },
        "2018-10": {
            "month": "2018-10",
            "price": "44.24",
            "revenue": 45868
        },
        "2018-11": {
            "month": "2018-11",
            "price": "44.53",
            "revenue": 33316
        },
        "2018-12": {
            "month": "2018-12",
            "price": "44.25",
            "revenue": 43412
        },
        "2019-01": {
            "month": "2019-01",
            "price": "46.42",
            "revenue": 38137
        },
        "2019-02": {
            "month": "2019-02",
            "price": "47.51",
            "revenue": 29015
        },
        "2019-03": {
            "month": "2019-03",
            "price": "48.63",
            "revenue": 48602
        },
        "2019-04": {
            "month": "2019-04",
            "price": "47.99",
            "revenue": 47237
        },
        "2019-05": {
            "month": "2019-05",
            "price": "45.49",
            "revenue": 47874
        },
        "2019-06": {
            "month": "2019-06",
            "price": "44.69",
            "revenue": 35840
        },
        "2019-07": {
            "month": "2019-07",
            "price": "43.72",
            "revenue": 31023
        },
        "2019-08": {
            "month": "2019-08",
            "price": "41.08",
            "revenue": 24518
        },
        "2019-09": {
            "month": "2019-09",
            "price": "40.11",
            "revenue": 42851
        },
        "2019-10": {
            "month": "2019-10",
            "price": "40.20",
            "revenue": 49198
        },
        "2019-11": {
            "month": "2019-11",
            "price": "40.09",
            "revenue": 45952
        },
        "2019-12": {
            "month": "2019-12",
            "price": "40.08",
            "revenue": 43050
        },
        "2020-01": {
            "month": "2020-01",
            "price": "40.02",
            "revenue": 22828
        },
        "2020-02": {
            "month": "2020-02",
            "price": "38.27",
            "revenue": 25584
        },
        "2020-03": {
            "month": "2020-03",
            "price": "32.85",
            "revenue": 20204
        },
        "2020-04": {
            "month": "2020-04",
            "price": "31.41",
            "revenue": 18654
        },
        "2020-05": {
            "month": "2020-05",
            "price": "34.94",
            "revenue": 18478
        },
        "2020-06": {
            "month": "2020-06",
            "price": "36.88",
            "revenue": 28472
        },
        "2020-07": {
            "month": "2020-07",
            "price": "37.09",
            "revenue": 44022
        },
        "2020-08": {
            "month": "2020-08",
            "price": "36.70",
            "revenue": 57019
        },
        "2020-09": {
            "month": "2020-09",
            "price": "37.07",
            "revenue": 55804
        },
        "2020-10": {
            "month": "2020-10",
            "price": "37.24",
            "revenue": 63071
        },
        "2020-11": {
            "month": "2020-11",
            "price": "38.06",
            "revenue": 56328
        },
        "2020-12": {
            "month": "2020-12",
            "price": "37.89",
            "revenue": 46255
        },
        "2021-01": {
            "month": "2021-01",
            "price": "37.42",
            "revenue": 36197
        },
        "2021-02": {
            "month": "2021-02",
            "price": "37.65",
            "revenue": 18950
        },
        "2021-03": {
            "month": "2021-03",
            "price": "42.54",
            "revenue": 38469
        },
        "2021-04": {
            "month": "2021-04",
            "price": "43.43",
            "revenue": 50889
        },
        "2021-05": {
            "month": "2021-05",
            "price": "50.60",
            "revenue": 25872
        },
        "2021-06": {
            "month": "2021-06",
            "price": "54.10",
            "revenue": 21461
        },
        "2021-07": {
            "month": "2021-07",
            "price": "47.09",
            "revenue": 20485
        },
        "2021-08": {
            "month": "2021-08",
            "price": "43.30",
            "revenue": 22268
        },
        "2021-09": {
            "month": "2021-09",
            "price": "39.61",
            "revenue": 18798
        },
        "2021-10": {
            "month": "2021-10",
            "price": "38.95",
            "revenue": 32900
        },
        "2021-11": {
            "month": "2021-11",
            "price": "38.69",
            "revenue": 49710
        },
        "2021-12": {
            "month": "2021-12",
            "price": "38.94",
            "revenue": 50970
        },
        "2022-01": {
            "month": "2022-01",
            "price": "39.12",
            "revenue": 32486
        },
        "2022-02": {
            "month": "2022-02",
            "price": "38.99",
            "revenue": 24017
        },
        "2022-03": {
            "month": "2022-03",
            "price": "38.98",
            "revenue": 44829
        },
        "2022-04": {
            "month": "2022-04",
            "price": "56.31",
            "revenue": 46828
        },
        "2022-05": {
            "month": "2022-05",
            "price": "59.75",
            "revenue": 72896
        },
        "2022-06": {
            "month": "2022-06",
            "price": "53.29",
            "revenue": 82150
        },
        "2022-07": {
            "month": "2022-07",
            "price": "48.53",
            "revenue": 49961
        },
        "2022-08": {
            "month": "2022-08",
            "price": "47.77",
            "revenue": 61089
        },
        "2022-09": {
            "month": "2022-09",
            "price": "49.05",
            "revenue": 74592
        },
        "2022-10": {
            "month": "2022-10",
            "price": "46.57",
            "revenue": 77579
        },
        "2022-11": {
            "month": "2022-11",
            "price": "47.42",
            "revenue": 54052
        },
        "2022-12": {
            "month": "2022-12",
            "price": "52.25",
            "revenue": 63774
        },
        "2023-01": {
            "month": "2023-01",
            "price": "54.18",
            "revenue": 39975
        },
        "2023-02": {
            "month": "2023-02",
            "price": "56.84",
            "revenue": 49294
        },
        "2023-03": {
            "month": "2023-03",
            "price": "61.14",
            "revenue": 66568
        },
        "2023-04": {
            "month": "2023-04",
            "price": "68.68",
            "revenue": 61357
        }
    }
}
