{
    "summary": {
        "stock_name": "迅杰",
        "stock_id": "6243",
        "category": "半導體",
        "main_business": "積體電路設計,研究,開發,製造,銷售",
        "website_url": "http://www.ene.com.tw",
        "ceo": "黃年宏",
        "pe_ratio": 30,
        "report_year_from": 2001,
        "report_year_to": 2023,
        "age": 22,
        "eps_negative_percentage": 45,
        "eps_growth_avg": {
            "last_all": 1.22,
            "last_2y": 32.82,
            "last_4y": 32.82,
            "last_8y": 32.82,
            "last_12y": -25.81,
            "last_16y": -5.95,
            "last_20y": null,
            "at_2006_last_3y": 24.19,
            "at_2007_last_3y": 20.81,
            "at_2008_last_3y": 25.66,
            "at_2009_last_3y": 8.94,
            "at_2010_last_3y": -4.33,
            "at_2011_last_3y": -38.39,
            "at_2012_last_3y": -25.71,
            "at_2013_last_3y": -55.12,
            "at_2014_last_3y": -100,
            "at_2015_last_3y": null,
            "at_2016_last_3y": null,
            "at_2017_last_3y": null,
            "at_2018_last_3y": null,
            "at_2019_last_3y": null,
            "at_2020_last_3y": null,
            "at_2021_last_3y": null,
            "at_2022_last_3y": 32.82,
            "at_2023_last_3y": 32.82,
            "at_2006_last_all": 24.19,
            "at_2007_last_all": 26.6,
            "at_2008_last_all": 9.42,
            "at_2009_last_all": 12.81,
            "at_2010_last_all": 9.93,
            "at_2011_last_all": -2.29,
            "at_2012_last_all": -2.29,
            "at_2013_last_all": -2.29,
            "at_2014_last_all": -2.29,
            "at_2015_last_all": -2.29,
            "at_2016_last_all": -2.29,
            "at_2017_last_all": -2.29,
            "at_2018_last_all": -2.29,
            "at_2019_last_all": -2.29,
            "at_2020_last_all": -2.29,
            "at_2021_last_all": -2.29,
            "at_2022_last_all": 1.22,
            "at_2023_last_all": 1.22
        },
        "latest_eps": 1.42,
        "latest_price": 43.15,
        "latest_roe": 8.07,
        "latest_gross_margin": 38.95,
        "latest_equity": 813196,
        "latest_revenue": 200735,
        "latest_gross_profit": 78184,
        "latest_net_income": 16560,
        "latest_debt_ratio": 31.84,
        "latest_current_ratio": 300.38,
        "latest_account_receivable_turnover_ratio": 0.97,
        "latest_inventory_turnover_ratio": 0.33,
        "latest_reinvestment_rate": 16.56,
        "latest_research_to_sale_ratio": 11.95
    },
    "eps_dividends": {
        "2000": {
            "cash": 0,
            "stock": 2,
            "eps": 0
        },
        "2001": {
            "cash": 0,
            "stock": 0,
            "eps": 0
        },
        "2002": {
            "cash": 0,
            "stock": 0,
            "eps": 1.93
        },
        "2003": {
            "cash": 0,
            "stock": 1,
            "eps": 2.89
        },
        "2004": {
            "cash": 1,
            "stock": 2,
            "eps": 0.12
        },
        "2005": {
            "cash": 0,
            "stock": 0,
            "eps": 3.36
        },
        "2006": {
            "cash": 2,
            "stock": 1,
            "eps": 4.8
        },
        "2007": {
            "cash": 2,
            "stock": 1,
            "eps": 6.54
        },
        "2008": {
            "cash": 4,
            "stock": 1,
            "eps": 1.54
        },
        "2009": {
            "cash": 1,
            "stock": 1,
            "eps": 2.05
        },
        "2010": {
            "cash": 2,
            "stock": 0,
            "eps": 1.84
        },
        "2011": {
            "cash": 2,
            "stock": 0,
            "eps": -0.29
        },
        "2012": {
            "cash": 0,
            "stock": 0,
            "eps": -1.7
        },
        "2013": {
            "cash": 0,
            "stock": 0,
            "eps": -0.99
        },
        "2014": {
            "cash": 0,
            "stock": 0,
            "eps": -1.18
        },
        "2015": {
            "cash": 0,
            "stock": 0,
            "eps": -1.69
        },
        "2016": {
            "cash": 0,
            "stock": 0,
            "eps": -1.34
        },
        "2017": {
            "cash": 0,
            "stock": 0,
            "eps": -1.46
        },
        "2018": {
            "cash": 0,
            "stock": 0,
            "eps": -0.81
        },
        "2019": {
            "cash": 0,
            "stock": 0,
            "eps": -0.87
        },
        "2020": {
            "cash": 0,
            "stock": 0,
            "eps": -0.81
        },
        "2021": {
            "cash": 0,
            "stock": 0,
            "eps": 1.31
        },
        "2022": {
            "cash": 1,
            "stock": 0,
            "eps": 1.74
        },
        "2023": {
            "cash": 1,
            "stock": 0,
            "eps": 0.37
        }
    },
    "dividends": {
        "2000-04-25": {
            "cash": 0,
            "stock": 2.25
        },
        "2002-06-12": {
            "cash": 0,
            "stock": 0.07
        },
        "2003-03-07": {
            "cash": 0,
            "stock": 1.25
        },
        "2004-03-31": {
            "cash": 0.8,
            "stock": 1.95
        },
        "2005-04-15": {
            "cash": 0.15,
            "stock": 0.25
        },
        "2006-03-23": {
            "cash": 1.55,
            "stock": 1.03
        },
        "2007-04-09": {
            "cash": 2.49,
            "stock": 0.75
        },
        "2008-04-16": {
            "cash": 3.81,
            "stock": 0.5
        },
        "2009-04-24": {
            "cash": 0.78,
            "stock": 0.52
        },
        "2010-03-30": {
            "cash": 1.65,
            "stock": 0.25
        },
        "2011-03-16": {
            "cash": 1.65,
            "stock": 0.1
        },
        "2022-07-22": {
            "cash": 1.2,
            "stock": 0
        },
        "2023-03-02": {
            "cash": 1.2,
            "stock": 0
        }
    },
    "prices": {
        "200101": "無",
        "200102": "無",
        "200103": "無",
        "200104": "無",
        "200105": "無",
        "200106": "無",
        "200107": "無",
        "200108": "無",
        "200109": "無",
        "200110": "無",
        "200111": "無",
        "200112": "無",
        "200201": "無",
        "200202": "無",
        "200203": "無",
        "200204": "無",
        "200205": "無",
        "200206": "無",
        "200207": "無",
        "200208": "無",
        "200209": "無",
        "200210": "無",
        "200211": "無",
        "200212": "無",
        "200301": "無",
        "200302": "無",
        "200303": "無",
        "200304": "34.60",
        "200305": "33.68",
        "200306": "41.90",
        "200307": "40.06",
        "200308": "39.60",
        "200309": "39.65",
        "200310": "40.55",
        "200311": "40.76",
        "200312": "41.82",
        "200401": "39.65",
        "200402": "37.98",
        "200403": "33.48",
        "200404": "32.25",
        "200405": "28.78",
        "200406": "23.90",
        "200407": "18.14",
        "200408": "14.71",
        "200409": "12.48",
        "200410": "10.80",
        "200411": "10.04",
        "200412": "11.31",
        "200501": "10.21",
        "200502": "10.31",
        "200503": "13.43",
        "200504": "17.84",
        "200505": "21.74",
        "200506": "29.43",
        "200507": "33.14",
        "200508": "35.74",
        "200509": "32.44",
        "200510": "34.65",
        "200511": "38.19",
        "200512": "43.71",
        "200601": "51.00",
        "200602": "46.05",
        "200603": "45.38",
        "200604": "55.13",
        "200605": "63.63",
        "200606": "47.76",
        "200607": "44.83",
        "200608": "51.86",
        "200609": "53.36",
        "200610": "59.34",
        "200611": "66.85",
        "200612": "81.07",
        "200701": "89.72",
        "200702": "113.51",
        "200703": "131.52",
        "200704": "112.23",
        "200705": "116.30",
        "200706": "142.82",
        "200707": "187.23",
        "200708": "193.11",
        "200709": "192.56",
        "200710": "163.41",
        "200711": "114.65",
        "200712": "103.46",
        "200801": "88.13",
        "200802": "76.09",
        "200803": "77.00",
        "200804": "81.36",
        "200805": "91.40",
        "200806": "76.02",
        "200807": "64.29",
        "200808": "62.54",
        "200809": "37.91",
        "200810": "34.78",
        "200811": "29.77",
        "200812": "27.15",
        "200901": "32.35",
        "200902": "36.33",
        "200903": "41.44",
        "200904": "49.49",
        "200905": "63.11",
        "200906": "61.07",
        "200907": "68.01",
        "200908": "63.88",
        "200909": "65.95",
        "200910": "68.07",
        "200911": "68.53",
        "200912": "72.75",
        "201001": "68.74",
        "201002": "57.06",
        "201003": "58.49",
        "201004": "58.62",
        "201005": "49.35",
        "201006": "47.14",
        "201007": "51.30",
        "201008": "50.68",
        "201009": "50.59",
        "201010": "48.61",
        "201011": "43.70",
        "201012": "46.26",
        "201101": "43.66",
        "201102": "42.42",
        "201103": "38.40",
        "201104": "37.38",
        "201105": "36.45",
        "201106": "33.56",
        "201107": "28.78",
        "201108": "23.12",
        "201109": "22.09",
        "201110": "21.82",
        "201111": "18.68",
        "201112": "14.75",
        "201201": "15.61",
        "201202": "20.62",
        "201203": "21.65",
        "201204": "19.87",
        "201205": "16.91",
        "201206": "15.85",
        "201207": "15.88",
        "201208": "15.63",
        "201209": "16.95",
        "201210": "14.85",
        "201211": "12.46",
        "201212": "13.35",
        "201301": "13.65",
        "201302": "13.19",
        "201303": "13.45",
        "201304": "13.13",
        "201305": "13.98",
        "201306": "14.30",
        "201307": "13.28",
        "201308": "12.60",
        "201309": "12.86",
        "201310": "13.54",
        "201311": "12.75",
        "201312": "12.81",
        "201401": "16.18",
        "201402": "16.32",
        "201403": "16.42",
        "201404": "18.72",
        "201405": "19.86",
        "201406": "25.14",
        "201407": "31.03",
        "201408": "29.34",
        "201409": "26.56",
        "201410": "19.94",
        "201411": "21.62",
        "201412": "24.21",
        "201501": "24.61",
        "201502": "22.63",
        "201503": "27.24",
        "201504": "25.98",
        "201505": "21.65",
        "201506": "20.25",
        "201507": "18.63",
        "201508": "13.66",
        "201509": "14.57",
        "201510": "16.26",
        "201511": "16.36",
        "201512": "16.86",
        "201601": "15.94",
        "201602": "16.65",
        "201603": "17.63",
        "201604": "17.93",
        "201605": "15.90",
        "201606": "16.07",
        "201607": "16.39",
        "201608": "16.74",
        "201609": "16.54",
        "201610": "15.70",
        "201611": "13.78",
        "201612": "14.29",
        "201701": "14.11",
        "201702": "15.31",
        "201703": "15.04",
        "201704": "13.70",
        "201705": "13.21",
        "201706": "13.96",
        "201707": "13.97",
        "201708": "14.22",
        "201709": "17.94",
        "201710": "20.12",
        "201711": "21.84",
        "201712": "19.04",
        "201801": "18.68",
        "201802": "16.57",
        "201803": "16.17",
        "201804": "14.06",
        "201805": "13.87",
        "201806": "15.44",
        "201807": "14.36",
        "201808": "13.81",
        "201809": "13.27",
        "201810": "11.07",
        "201811": "10.53",
        "201812": "10.56",
        "201901": "9.49",
        "201902": "10.67",
        "201903": "11.42",
        "201904": "10.88",
        "201905": "9.69",
        "201906": "9.22",
        "201907": "10.23",
        "201908": "10.18",
        "201909": "10.75",
        "201910": "11.03",
        "201911": "10.21",
        "201912": "10.42",
        "202001": "10.24",
        "202002": "9.58",
        "202003": "7.08",
        "202004": "7.48",
        "202005": "9.19",
        "202006": "8.96",
        "202007": "10.60",
        "202008": "11.93",
        "202009": "12.62",
        "202010": "12.15",
        "202011": "11.92",
        "202012": "13.41",
        "202101": "16.60",
        "202102": "15.98",
        "202103": "19.30",
        "202104": "22.29",
        "202105": "16.19",
        "202106": "16.50",
        "202107": "21.47",
        "202108": "20.71",
        "202109": "19.27",
        "202110": "18.39",
        "202111": "48.49",
        "202112": "63.57",
        "202201": "51.38",
        "202202": "47.54",
        "202203": "44.92",
        "202204": "45.01",
        "202205": "40.42",
        "202206": "40.72",
        "202207": "32.00",
        "202208": "31.75",
        "202209": "28.31",
        "202210": "24.84",
        "202211": "27.56",
        "202212": "28.65",
        "202301": "28.49",
        "202302": "30.69",
        "202303": "35.25",
        "202304": "37.13",
        "202305": "39.62"
    },
    "quarters": {
        "20011": {
            "year_quarter": 20011,
            "year": 2001,
            "quarter": 1,
            "eps": null,
            "eps_growth_year": null,
            "eps_4q": null,
            "eps_4q_growth_year": null,
            "roe": null,
            "roe_4q": 0,
            "gross_profit": null,
            "gross_margin": null,
            "gross_margin_4q_avg": 0,
            "net_income": null,
            "revenue": null,
            "common_shares": null,
            "book_valuer_per_share": null,
            "book_valuer_per_share_4q_avg": 0,
            "equity": null,
            "current_ratio": null,
            "debt_ratio": null,
            "inventory_turnover_ratio": null,
            "account_receivable_turnover_ratio": null,
            "reinvestment_rate": null,
            "research_to_sale_ratio": null,
            "price_fair": 0,
            "eps_avg_yearly": 0,
            "eps_latest_yearly": 0,
            "eps_growth_yearly": 0
        },
        "20012": {
            "year_quarter": 20012,
            "year": 2001,
            "quarter": 2,
            "eps": null,
            "eps_growth_year": null,
            "eps_4q": null,
            "eps_4q_growth_year": null,
            "roe": null,
            "roe_4q": 0,
            "gross_profit": null,
            "gross_margin": null,
            "gross_margin_4q_avg": 0,
            "net_income": null,
            "revenue": null,
            "common_shares": null,
            "book_valuer_per_share": null,
            "book_valuer_per_share_4q_avg": 0,
            "equity": null,
            "current_ratio": null,
            "debt_ratio": null,
            "inventory_turnover_ratio": null,
            "account_receivable_turnover_ratio": null,
            "reinvestment_rate": null,
            "research_to_sale_ratio": null,
            "price_fair": 0,
            "eps_avg_yearly": 0,
            "eps_latest_yearly": 0,
            "eps_growth_yearly": 0
        },
        "20013": {
            "year_quarter": 20013,
            "year": 2001,
            "quarter": 3,
            "eps": null,
            "eps_growth_year": null,
            "eps_4q": null,
            "eps_4q_growth_year": null,
            "roe": null,
            "roe_4q": 0,
            "gross_profit": null,
            "gross_margin": null,
            "gross_margin_4q_avg": 0,
            "net_income": null,
            "revenue": null,
            "common_shares": null,
            "book_valuer_per_share": null,
            "book_valuer_per_share_4q_avg": 0,
            "equity": null,
            "current_ratio": null,
            "debt_ratio": null,
            "inventory_turnover_ratio": null,
            "account_receivable_turnover_ratio": null,
            "reinvestment_rate": null,
            "research_to_sale_ratio": null,
            "price_fair": 0,
            "eps_avg_yearly": 0,
            "eps_latest_yearly": 0,
            "eps_growth_yearly": 0
        },
        "20014": {
            "year_quarter": 20014,
            "year": 2001,
            "quarter": 4,
            "eps": null,
            "eps_growth_year": null,
            "eps_4q": null,
            "eps_4q_growth_year": null,
            "roe": null,
            "roe_4q": 0,
            "gross_profit": null,
            "gross_margin": null,
            "gross_margin_4q_avg": 0,
            "net_income": null,
            "revenue": null,
            "common_shares": 198450,
            "book_valuer_per_share": 11.2,
            "book_valuer_per_share_4q_avg": 2.8,
            "equity": 222335,
            "current_ratio": 1366.98,
            "debt_ratio": 6.4,
            "inventory_turnover_ratio": null,
            "account_receivable_turnover_ratio": null,
            "reinvestment_rate": null,
            "research_to_sale_ratio": null,
            "price_fair": 0,
            "eps_avg_yearly": 0,
            "eps_latest_yearly": 0,
            "eps_growth_yearly": 0
        },
        "20021": {
            "year_quarter": 20021,
            "year": 2002,
            "quarter": 1,
            "eps": 0.04,
            "eps_growth_year": null,
            "eps_4q": null,
            "eps_4q_growth_year": null,
            "roe": 0.4,
            "roe_4q": 0.4,
            "gross_profit": 20910,
            "gross_margin": 47.39,
            "gross_margin_4q_avg": 11.85,
            "net_income": 902,
            "revenue": 44120,
            "common_shares": 198450,
            "book_valuer_per_share": 11.25,
            "book_valuer_per_share_4q_avg": 5.61,
            "equity": 223238,
            "current_ratio": 633.34,
            "debt_ratio": 13.26,
            "inventory_turnover_ratio": 0.72,
            "account_receivable_turnover_ratio": null,
            "reinvestment_rate": null,
            "research_to_sale_ratio": null,
            "price_fair": 0,
            "eps_avg_yearly": 0,
            "eps_latest_yearly": 0,
            "eps_growth_yearly": 0
        },
        "20022": {
            "year_quarter": 20022,
            "year": 2002,
            "quarter": 2,
            "eps": 0.03,
            "eps_growth_year": null,
            "eps_4q": null,
            "eps_4q_growth_year": null,
            "roe": 0.29,
            "roe_4q": 0.69,
            "gross_profit": 29557,
            "gross_margin": 46.6,
            "gross_margin_4q_avg": 23.5,
            "net_income": 725,
            "revenue": 63424,
            "common_shares": 218450,
            "book_valuer_per_share": 12.49,
            "book_valuer_per_share_4q_avg": 8.74,
            "equity": 272909,
            "current_ratio": 465.72,
            "debt_ratio": 18.66,
            "inventory_turnover_ratio": 0.68,
            "account_receivable_turnover_ratio": null,
            "reinvestment_rate": null,
            "research_to_sale_ratio": null,
            "price_fair": 0.36,
            "eps_avg_yearly": 0.12,
            "eps_latest_yearly": 0.12,
            "eps_growth_yearly": -100
        },
        "20023": {
            "year_quarter": 20023,
            "year": 2002,
            "quarter": 3,
            "eps": 0.83,
            "eps_growth_year": null,
            "eps_4q": null,
            "eps_4q_growth_year": null,
            "roe": 6.08,
            "roe_4q": 6.7700000000000005,
            "gross_profit": 43232,
            "gross_margin": 42.45,
            "gross_margin_4q_avg": 34.11,
            "net_income": 17104,
            "revenue": 101832,
            "common_shares": 218450,
            "book_valuer_per_share": 13.28,
            "book_valuer_per_share_4q_avg": 12.06,
            "equity": 290013,
            "current_ratio": 519.5,
            "debt_ratio": 16.94,
            "inventory_turnover_ratio": 0.89,
            "account_receivable_turnover_ratio": null,
            "reinvestment_rate": null,
            "research_to_sale_ratio": null,
            "price_fair": 60.2,
            "eps_avg_yearly": 1.72,
            "eps_latest_yearly": 3.32,
            "eps_growth_yearly": 5283.33
        },
        "20024": {
            "year_quarter": 20024,
            "year": 2002,
            "quarter": 4,
            "eps": 1.03,
            "eps_growth_year": null,
            "eps_4q": 1.85,
            "eps_4q_growth_year": null,
            "roe": 7.78,
            "roe_4q": 14.549999999999999,
            "gross_profit": 61123,
            "gross_margin": 40.64,
            "gross_margin_4q_avg": 44.27,
            "net_income": 23479,
            "revenue": 150402,
            "common_shares": 237942,
            "book_valuer_per_share": 13.18,
            "book_valuer_per_share_4q_avg": 12.55,
            "equity": 313492,
            "current_ratio": 343.65,
            "debt_ratio": 26.49,
            "inventory_turnover_ratio": 1.15,
            "account_receivable_turnover_ratio": null,
            "reinvestment_rate": null,
            "research_to_sale_ratio": null,
            "price_fair": 88.2,
            "eps_avg_yearly": 2.52,
            "eps_latest_yearly": 4.12,
            "eps_growth_yearly": 3554.35
        },
        "20031": {
            "year_quarter": 20031,
            "year": 2003,
            "quarter": 1,
            "eps": 0.63,
            "eps_growth_year": 1475,
            "eps_4q": 2.36,
            "eps_4q_growth_year": null,
            "roe": 4.67,
            "roe_4q": 18.82,
            "gross_profit": 48573,
            "gross_margin": 39.32,
            "gross_margin_4q_avg": 42.25,
            "net_income": 15002,
            "revenue": 123531,
            "common_shares": 237942,
            "book_valuer_per_share": 13.81,
            "book_valuer_per_share_4q_avg": 13.19,
            "equity": 328494,
            "current_ratio": 476.18,
            "debt_ratio": 18.68,
            "inventory_turnover_ratio": 1,
            "account_receivable_turnover_ratio": null,
            "reinvestment_rate": null,
            "research_to_sale_ratio": null,
            "price_fair": 88.2,
            "eps_avg_yearly": 2.52,
            "eps_latest_yearly": 2.52,
            "eps_growth_yearly": 2626.93
        },
        "20032": {
            "year_quarter": 20032,
            "year": 2003,
            "quarter": 2,
            "eps": 0.62,
            "eps_growth_year": 1966.67,
            "eps_4q": 2.64,
            "eps_4q_growth_year": null,
            "roe": 5.06,
            "roe_4q": 23.590000000000003,
            "gross_profit": 50157,
            "gross_margin": 39.03,
            "gross_margin_4q_avg": 40.36,
            "net_income": 17025,
            "revenue": 128519,
            "common_shares": 237942,
            "book_valuer_per_share": 14.47,
            "book_valuer_per_share_4q_avg": 13.69,
            "equity": 344379,
            "current_ratio": 511.23,
            "debt_ratio": 17.87,
            "inventory_turnover_ratio": 1.08,
            "account_receivable_turnover_ratio": null,
            "reinvestment_rate": null,
            "research_to_sale_ratio": null,
            "price_fair": 87.92,
            "eps_avg_yearly": 2.51,
            "eps_latest_yearly": 2.48,
            "eps_growth_yearly": 2100.27
        },
        "20033": {
            "year_quarter": 20033,
            "year": 2003,
            "quarter": 3,
            "eps": 1.06,
            "eps_growth_year": 27.71,
            "eps_4q": 3.09,
            "eps_4q_growth_year": null,
            "roe": 8.07,
            "roe_4q": 25.58,
            "gross_profit": 68742,
            "gross_margin": 39.26,
            "gross_margin_4q_avg": 39.56,
            "net_income": 28953,
            "revenue": 175111,
            "common_shares": 273383,
            "book_valuer_per_share": 13.66,
            "book_valuer_per_share_4q_avg": 13.78,
            "equity": 373333,
            "current_ratio": 380.54,
            "debt_ratio": 24.38,
            "inventory_turnover_ratio": 1.36,
            "account_receivable_turnover_ratio": null,
            "reinvestment_rate": null,
            "research_to_sale_ratio": null,
            "price_fair": 98,
            "eps_avg_yearly": 2.8,
            "eps_latest_yearly": 4.24,
            "eps_growth_yearly": 1797.54
        },
        "20034": {
            "year_quarter": 20034,
            "year": 2003,
            "quarter": 4,
            "eps": 0.58,
            "eps_growth_year": -43.69,
            "eps_4q": 2.83,
            "eps_4q_growth_year": 52.69,
            "roe": 4.13,
            "roe_4q": 21.93,
            "gross_profit": 56101,
            "gross_margin": 35.42,
            "gross_margin_4q_avg": 38.26,
            "net_income": 15738,
            "revenue": 158406,
            "common_shares": 273383,
            "book_valuer_per_share": 14.23,
            "book_valuer_per_share_4q_avg": 14.04,
            "equity": 389070,
            "current_ratio": 428.08,
            "debt_ratio": 21.63,
            "inventory_turnover_ratio": 1.29,
            "account_receivable_turnover_ratio": null,
            "reinvestment_rate": null,
            "research_to_sale_ratio": null,
            "price_fair": 95.6,
            "eps_avg_yearly": 2.73,
            "eps_latest_yearly": 2.32,
            "eps_growth_yearly": 1514.87
        },
        "20041": {
            "year_quarter": 20041,
            "year": 2004,
            "quarter": 1,
            "eps": 0.04,
            "eps_growth_year": -93.65,
            "eps_4q": 2.39,
            "eps_4q_growth_year": 1.12,
            "roe": 0.27,
            "roe_4q": 17.53,
            "gross_profit": 38349,
            "gross_margin": 34.61,
            "gross_margin_4q_avg": 37.08,
            "net_income": 1050,
            "revenue": 110807,
            "common_shares": 273383,
            "book_valuer_per_share": 14.27,
            "book_valuer_per_share_4q_avg": 14.16,
            "equity": 390120,
            "current_ratio": 529.92,
            "debt_ratio": 17.85,
            "inventory_turnover_ratio": 0.88,
            "account_receivable_turnover_ratio": null,
            "reinvestment_rate": null,
            "research_to_sale_ratio": null,
            "price_fair": 84.35,
            "eps_avg_yearly": 2.41,
            "eps_latest_yearly": 0.16,
            "eps_growth_yearly": 1278.96
        },
        "20042": {
            "year_quarter": 20042,
            "year": 2004,
            "quarter": 2,
            "eps": 0.02,
            "eps_growth_year": -96.77,
            "eps_4q": 1.55,
            "eps_4q_growth_year": -41.2,
            "roe": 0.16,
            "roe_4q": 12.629999999999999,
            "gross_profit": 40699,
            "gross_margin": 32,
            "gross_margin_4q_avg": 35.32,
            "net_income": 596,
            "revenue": 127190,
            "common_shares": 273383,
            "book_valuer_per_share": 12.4,
            "book_valuer_per_share_4q_avg": 13.64,
            "equity": 339030,
            "current_ratio": 500.25,
            "debt_ratio": 48.89,
            "inventory_turnover_ratio": 0.99,
            "account_receivable_turnover_ratio": null,
            "reinvestment_rate": null,
            "research_to_sale_ratio": null,
            "price_fair": 75.29,
            "eps_avg_yearly": 2.15,
            "eps_latest_yearly": 0.08,
            "eps_growth_yearly": 1114.63
        },
        "20043": {
            "year_quarter": 20043,
            "year": 2004,
            "quarter": 3,
            "eps": 0.14,
            "eps_growth_year": -86.79,
            "eps_4q": 0.67,
            "eps_4q_growth_year": -78.29,
            "roe": 1.34,
            "roe_4q": 5.9,
            "gross_profit": 44963,
            "gross_margin": 30.74,
            "gross_margin_4q_avg": 33.19,
            "net_income": 4582,
            "revenue": 146260,
            "common_shares": 337043,
            "book_valuer_per_share": 10.22,
            "book_valuer_per_share_4q_avg": 12.78,
            "equity": 344402,
            "current_ratio": 493.92,
            "debt_ratio": 46.61,
            "inventory_turnover_ratio": 1.06,
            "account_receivable_turnover_ratio": null,
            "reinvestment_rate": null,
            "research_to_sale_ratio": null,
            "price_fair": 69.72,
            "eps_avg_yearly": 1.99,
            "eps_latest_yearly": 0.56,
            "eps_growth_yearly": 1243.17
        },
        "20044": {
            "year_quarter": 20044,
            "year": 2004,
            "quarter": 4,
            "eps": -0.08,
            "eps_growth_year": -113.79,
            "eps_4q": 0.11,
            "eps_4q_growth_year": -96.11,
            "roe": -0.74,
            "roe_4q": 1.0300000000000002,
            "gross_profit": 50155,
            "gross_margin": 25.08,
            "gross_margin_4q_avg": 30.61,
            "net_income": -2528,
            "revenue": 200017,
            "common_shares": 338633,
            "book_valuer_per_share": 10.12,
            "book_valuer_per_share_4q_avg": 11.75,
            "equity": 342674,
            "current_ratio": 426.28,
            "debt_ratio": 47.85,
            "inventory_turnover_ratio": 1.43,
            "account_receivable_turnover_ratio": null,
            "reinvestment_rate": null,
            "research_to_sale_ratio": null,
            "price_fair": 69.72,
            "eps_avg_yearly": 1.99,
            "eps_latest_yearly": 0.56,
            "eps_growth_yearly": 1243.17
        },
        "20051": {
            "year_quarter": 20051,
            "year": 2005,
            "quarter": 1,
            "eps": 0.15,
            "eps_growth_year": 275,
            "eps_4q": 0.23,
            "eps_4q_growth_year": -90.41,
            "roe": 1.44,
            "roe_4q": 2.2,
            "gross_profit": 51368,
            "gross_margin": 27.79,
            "gross_margin_4q_avg": 28.9,
            "net_income": 5007,
            "revenue": 184848,
            "common_shares": 342202,
            "book_valuer_per_share": 10.26,
            "book_valuer_per_share_4q_avg": 10.75,
            "equity": 351250,
            "current_ratio": 538.88,
            "debt_ratio": 42.9,
            "inventory_turnover_ratio": 1.21,
            "account_receivable_turnover_ratio": null,
            "reinvestment_rate": null,
            "research_to_sale_ratio": null,
            "price_fair": 69.72,
            "eps_avg_yearly": 1.99,
            "eps_latest_yearly": 0.56,
            "eps_growth_yearly": 1243.17
        },
        "20052": {
            "year_quarter": 20052,
            "year": 2005,
            "quarter": 2,
            "eps": 0.94,
            "eps_growth_year": 4600,
            "eps_4q": 1.14,
            "eps_4q_growth_year": -26.69,
            "roe": 7.81,
            "roe_4q": 9.85,
            "gross_profit": 82364,
            "gross_margin": 34.59,
            "gross_margin_4q_avg": 29.55,
            "net_income": 33200,
            "revenue": 238138,
            "common_shares": 409038,
            "book_valuer_per_share": 12.21,
            "book_valuer_per_share_4q_avg": 10.7,
            "equity": 499253,
            "current_ratio": 352.7,
            "debt_ratio": 27.88,
            "inventory_turnover_ratio": 1.41,
            "account_receivable_turnover_ratio": null,
            "reinvestment_rate": null,
            "research_to_sale_ratio": null,
            "price_fair": 75.35,
            "eps_avg_yearly": 2.15,
            "eps_latest_yearly": 3.76,
            "eps_growth_yearly": 1321.67
        },
        "20053": {
            "year_quarter": 20053,
            "year": 2005,
            "quarter": 3,
            "eps": 1.33,
            "eps_growth_year": 850,
            "eps_4q": 2.28,
            "eps_4q_growth_year": 240.42,
            "roe": 9.21,
            "roe_4q": 17.720000000000002,
            "gross_profit": 98986,
            "gross_margin": 36.62,
            "gross_margin_4q_avg": 31.02,
            "net_income": 49702,
            "revenue": 270328,
            "common_shares": 429690,
            "book_valuer_per_share": 13.5,
            "book_valuer_per_share_4q_avg": 11.52,
            "equity": 580027,
            "current_ratio": 302.85,
            "debt_ratio": 31.33,
            "inventory_turnover_ratio": 1.17,
            "account_receivable_turnover_ratio": null,
            "reinvestment_rate": null,
            "research_to_sale_ratio": null,
            "price_fair": 84.58,
            "eps_avg_yearly": 2.42,
            "eps_latest_yearly": 5.32,
            "eps_growth_yearly": 1225.36
        },
        "20054": {
            "year_quarter": 20054,
            "year": 2005,
            "quarter": 4,
            "eps": 0.94,
            "eps_growth_year": null,
            "eps_4q": 3.25,
            "eps_4q_growth_year": 2851.47,
            "roe": 5.95,
            "roe_4q": 24.41,
            "gross_profit": 96910,
            "gross_margin": 34.34,
            "gross_margin_4q_avg": 33.34,
            "net_income": 35825,
            "revenue": 282167,
            "common_shares": 436985,
            "book_valuer_per_share": 14.29,
            "book_valuer_per_share_4q_avg": 12.57,
            "equity": 624521,
            "current_ratio": 354.86,
            "debt_ratio": 27.3,
            "inventory_turnover_ratio": 1.03,
            "account_receivable_turnover_ratio": null,
            "reinvestment_rate": 3.48,
            "research_to_sale_ratio": null,
            "price_fair": 88.2,
            "eps_avg_yearly": 2.52,
            "eps_latest_yearly": 3.76,
            "eps_growth_yearly": 1122.08
        },
        "20061": {
            "year_quarter": 20061,
            "year": 2006,
            "quarter": 1,
            "eps": 0.68,
            "eps_growth_year": 353.33,
            "eps_4q": 3.44,
            "eps_4q_growth_year": 1399.87,
            "roe": 4.64,
            "roe_4q": 27.61,
            "gross_profit": 83014,
            "gross_margin": 29.99,
            "gross_margin_4q_avg": 33.89,
            "net_income": 29246,
            "revenue": 276821,
            "common_shares": 437285,
            "book_valuer_per_share": 14.55,
            "book_valuer_per_share_4q_avg": 13.64,
            "equity": 636401,
            "current_ratio": 373.61,
            "debt_ratio": 25.91,
            "inventory_turnover_ratio": 1.05,
            "account_receivable_turnover_ratio": null,
            "reinvestment_rate": 3.26,
            "research_to_sale_ratio": null,
            "price_fair": 88.7,
            "eps_avg_yearly": 2.53,
            "eps_latest_yearly": 2.72,
            "eps_growth_yearly": 1034.03
        },
        "20062": {
            "year_quarter": 20062,
            "year": 2006,
            "quarter": 2,
            "eps": 0.17,
            "eps_growth_year": -81.91,
            "eps_4q": 2.78,
            "eps_4q_growth_year": 143.53,
            "roe": 1.28,
            "roe_4q": 21.080000000000002,
            "gross_profit": 64060,
            "gross_margin": 28.24,
            "gross_margin_4q_avg": 32.3,
            "net_income": 7487,
            "revenue": 226845,
            "common_shares": 438495,
            "book_valuer_per_share": 12.18,
            "book_valuer_per_share_4q_avg": 13.63,
            "equity": 534161,
            "current_ratio": 272.62,
            "debt_ratio": 34.22,
            "inventory_turnover_ratio": 0.79,
            "account_receivable_turnover_ratio": null,
            "reinvestment_rate": 1.98,
            "research_to_sale_ratio": null,
            "price_fair": 90.1,
            "eps_avg_yearly": 2.57,
            "eps_latest_yearly": 0.68,
            "eps_growth_yearly": 1019.74
        },
        "20063": {
            "year_quarter": 20063,
            "year": 2006,
            "quarter": 3,
            "eps": 1.57,
            "eps_growth_year": 18.05,
            "eps_4q": 3.08,
            "eps_4q_growth_year": 34.6,
            "roe": 12.87,
            "roe_4q": 24.74,
            "gross_profit": 151149,
            "gross_margin": 33.16,
            "gross_margin_4q_avg": 31.43,
            "net_income": 75674,
            "revenue": 455762,
            "common_shares": 495088,
            "book_valuer_per_share": 12.96,
            "book_valuer_per_share_4q_avg": 13.5,
            "equity": 641425,
            "current_ratio": 418.14,
            "debt_ratio": 39.94,
            "inventory_turnover_ratio": 1.57,
            "account_receivable_turnover_ratio": null,
            "reinvestment_rate": 1.59,
            "research_to_sale_ratio": null,
            "price_fair": 97.5,
            "eps_avg_yearly": 2.79,
            "eps_latest_yearly": 6.28,
            "eps_growth_yearly": 493.13
        },
        "20064": {
            "year_quarter": 20064,
            "year": 2006,
            "quarter": 4,
            "eps": 2.38,
            "eps_growth_year": 153.19,
            "eps_4q": 4.68,
            "eps_4q_growth_year": 44.13,
            "roe": 14.91,
            "roe_4q": 33.7,
            "gross_profit": 191087,
            "gross_margin": 35.59,
            "gross_margin_4q_avg": 31.75,
            "net_income": 116348,
            "revenue": 536952,
            "common_shares": 532820,
            "book_valuer_per_share": 17.26,
            "book_valuer_per_share_4q_avg": 14.24,
            "equity": 919614,
            "current_ratio": 337.52,
            "debt_ratio": 34.1,
            "inventory_turnover_ratio": 2.07,
            "account_receivable_turnover_ratio": null,
            "reinvestment_rate": 0.3,
            "research_to_sale_ratio": null,
            "price_fair": 111,
            "eps_avg_yearly": 3.17,
            "eps_latest_yearly": 9.52,
            "eps_growth_yearly": 500.99
        },
        "20071": {
            "year_quarter": 20071,
            "year": 2007,
            "quarter": 1,
            "eps": 2.63,
            "eps_growth_year": 286.76,
            "eps_4q": 6.37,
            "eps_4q_growth_year": 85.07,
            "roe": 13.79,
            "roe_4q": 42.85,
            "gross_profit": 219428,
            "gross_margin": 41.57,
            "gross_margin_4q_avg": 34.64,
            "net_income": 140398,
            "revenue": 527814,
            "common_shares": 543631,
            "book_valuer_per_share": 20.53,
            "book_valuer_per_share_4q_avg": 15.73,
            "equity": 1116274,
            "current_ratio": 386.1,
            "debt_ratio": 28.5,
            "inventory_turnover_ratio": 1.73,
            "account_receivable_turnover_ratio": null,
            "reinvestment_rate": 0.69,
            "research_to_sale_ratio": null,
            "price_fair": 131,
            "eps_avg_yearly": 3.74,
            "eps_latest_yearly": 10.52,
            "eps_growth_yearly": 515.08
        },
        "20072": {
            "year_quarter": 20072,
            "year": 2007,
            "quarter": 2,
            "eps": 1.56,
            "eps_growth_year": 817.65,
            "eps_4q": 7.47,
            "eps_4q_growth_year": 168.98,
            "roe": 8.09,
            "roe_4q": 49.66,
            "gross_profit": 191626,
            "gross_margin": 41.59,
            "gross_margin_4q_avg": 37.98,
            "net_income": 87790,
            "revenue": 460734,
            "common_shares": 545867,
            "book_valuer_per_share": 19.32,
            "book_valuer_per_share_4q_avg": 17.52,
            "equity": 1054534,
            "current_ratio": 318.45,
            "debt_ratio": 32.81,
            "inventory_turnover_ratio": 1.6,
            "account_receivable_turnover_ratio": null,
            "reinvestment_rate": 0.52,
            "research_to_sale_ratio": null,
            "price_fair": 140.4,
            "eps_avg_yearly": 4.01,
            "eps_latest_yearly": 6.24,
            "eps_growth_yearly": 503.91
        },
        "20073": {
            "year_quarter": 20073,
            "year": 2007,
            "quarter": 3,
            "eps": 2.01,
            "eps_growth_year": 28.03,
            "eps_4q": 7.96,
            "eps_4q_growth_year": 158.75,
            "roe": 9.37,
            "roe_4q": 46.16,
            "gross_profit": 215211,
            "gross_margin": 40.69,
            "gross_margin_4q_avg": 39.86,
            "net_income": 116440,
            "revenue": 528873,
            "common_shares": 642706,
            "book_valuer_per_share": 22.27,
            "book_valuer_per_share_4q_avg": 19.85,
            "equity": 1431066,
            "current_ratio": 392.33,
            "debt_ratio": 24.49,
            "inventory_turnover_ratio": 1.87,
            "account_receivable_turnover_ratio": null,
            "reinvestment_rate": 0.47,
            "research_to_sale_ratio": null,
            "price_fair": 149.9,
            "eps_avg_yearly": 4.28,
            "eps_latest_yearly": 8.04,
            "eps_growth_yearly": 491.88
        },
        "20074": {
            "year_quarter": 20074,
            "year": 2007,
            "quarter": 4,
            "eps": 0.34,
            "eps_growth_year": -85.71,
            "eps_4q": 6.33,
            "eps_4q_growth_year": 35.21,
            "roe": 1.35,
            "roe_4q": 32.599999999999994,
            "gross_profit": 131677,
            "gross_margin": 34.77,
            "gross_margin_4q_avg": 39.66,
            "net_income": 19572,
            "revenue": 378656,
            "common_shares": 642926,
            "book_valuer_per_share": 22.7,
            "book_valuer_per_share_4q_avg": 21.21,
            "equity": 1459484,
            "current_ratio": 655.17,
            "debt_ratio": 14.68,
            "inventory_turnover_ratio": 1.3,
            "account_receivable_turnover_ratio": null,
            "reinvestment_rate": 0.13,
            "research_to_sale_ratio": null,
            "price_fair": 147.5,
            "eps_avg_yearly": 4.21,
            "eps_latest_yearly": 1.36,
            "eps_growth_yearly": 481.08
        },
        "20081": {
            "year_quarter": 20081,
            "year": 2008,
            "quarter": 1,
            "eps": -0.02,
            "eps_growth_year": -100.76,
            "eps_4q": 3.14,
            "eps_4q_growth_year": -50.67,
            "roe": -0.1,
            "roe_4q": 18.71,
            "gross_profit": 118848,
            "gross_margin": 31.89,
            "gross_margin_4q_avg": 37.24,
            "net_income": -1416,
            "revenue": 372641,
            "common_shares": 669716,
            "book_valuer_per_share": 22.39,
            "book_valuer_per_share_4q_avg": 21.67,
            "equity": 1499165,
            "current_ratio": 613.23,
            "debt_ratio": 15.64,
            "inventory_turnover_ratio": 1.42,
            "account_receivable_turnover_ratio": null,
            "reinvestment_rate": -0.13,
            "research_to_sale_ratio": null,
            "price_fair": 158.42,
            "eps_avg_yearly": 4.53,
            "eps_latest_yearly": 1.36,
            "eps_growth_yearly": 546.73
        },
        "20082": {
            "year_quarter": 20082,
            "year": 2008,
            "quarter": 2,
            "eps": 0.85,
            "eps_growth_year": -45.51,
            "eps_4q": 2.97,
            "eps_4q_growth_year": -60.21,
            "roe": 3.86,
            "roe_4q": 14.479999999999999,
            "gross_profit": 125456,
            "gross_margin": 29.74,
            "gross_margin_4q_avg": 34.27,
            "net_income": 53932,
            "revenue": 421782,
            "common_shares": 670366,
            "book_valuer_per_share": 19.27,
            "book_valuer_per_share_4q_avg": 21.66,
            "equity": 1291981,
            "current_ratio": 252.32,
            "debt_ratio": 37.82,
            "inventory_turnover_ratio": 1.53,
            "account_receivable_turnover_ratio": null,
            "reinvestment_rate": -0.32,
            "research_to_sale_ratio": null,
            "price_fair": 171.38,
            "eps_avg_yearly": 4.9,
            "eps_latest_yearly": 1.36,
            "eps_growth_yearly": 608.96
        },
        "20083": {
            "year_quarter": 20083,
            "year": 2008,
            "quarter": 3,
            "eps": 0.73,
            "eps_growth_year": -63.68,
            "eps_4q": 1.86,
            "eps_4q_growth_year": -76.64,
            "roe": 3.68,
            "roe_4q": 8.790000000000001,
            "gross_profit": 128415,
            "gross_margin": 34.51,
            "gross_margin_4q_avg": 32.73,
            "net_income": 46608,
            "revenue": 372123,
            "common_shares": 670556,
            "book_valuer_per_share": 18.49,
            "book_valuer_per_share_4q_avg": 20.71,
            "equity": 1239857,
            "current_ratio": 519.34,
            "debt_ratio": 18.29,
            "inventory_turnover_ratio": 1.14,
            "account_receivable_turnover_ratio": null,
            "reinvestment_rate": -0.03,
            "research_to_sale_ratio": null,
            "price_fair": 178.27,
            "eps_avg_yearly": 5.09,
            "eps_latest_yearly": 2.92,
            "eps_growth_yearly": 404.25
        },
        "20084": {
            "year_quarter": 20084,
            "year": 2008,
            "quarter": 4,
            "eps": -0.02,
            "eps_growth_year": -105.88,
            "eps_4q": 1.42,
            "eps_4q_growth_year": -77.56,
            "roe": -0.09,
            "roe_4q": 7.3500000000000005,
            "gross_profit": 78041,
            "gross_margin": 36.49,
            "gross_margin_4q_avg": 33.16,
            "net_income": -1141,
            "revenue": 213874,
            "common_shares": 709042,
            "book_valuer_per_share": 17.46,
            "book_valuer_per_share_4q_avg": 19.4,
            "equity": 1238195,
            "current_ratio": 970.14,
            "debt_ratio": 10.12,
            "inventory_turnover_ratio": 0.68,
            "account_receivable_turnover_ratio": 2,
            "reinvestment_rate": 1.58,
            "research_to_sale_ratio": null,
            "price_fair": 178.27,
            "eps_avg_yearly": 5.09,
            "eps_latest_yearly": 2.92,
            "eps_growth_yearly": 404.25
        },
        "20091": {
            "year_quarter": 20091,
            "year": 2009,
            "quarter": 1,
            "eps": 0.33,
            "eps_growth_year": null,
            "eps_4q": 1.78,
            "eps_4q_growth_year": -43.18,
            "roe": 1.8,
            "roe_4q": 9.25,
            "gross_profit": 102258,
            "gross_margin": 37.94,
            "gross_margin_4q_avg": 34.67,
            "net_income": 22547,
            "revenue": 269535,
            "common_shares": 709042,
            "book_valuer_per_share": 17.79,
            "book_valuer_per_share_4q_avg": 18.25,
            "equity": 1261036,
            "current_ratio": 787.57,
            "debt_ratio": 12.3,
            "inventory_turnover_ratio": 0.95,
            "account_receivable_turnover_ratio": 1.04,
            "reinvestment_rate": 1.92,
            "research_to_sale_ratio": null,
            "price_fair": 178.27,
            "eps_avg_yearly": 5.09,
            "eps_latest_yearly": 2.92,
            "eps_growth_yearly": 404.25
        },
        "20092": {
            "year_quarter": 20092,
            "year": 2009,
            "quarter": 2,
            "eps": 0.33,
            "eps_growth_year": -61.18,
            "eps_4q": 1.33,
            "eps_4q_growth_year": -55.12,
            "roe": 1.78,
            "roe_4q": 7.17,
            "gross_profit": 106135,
            "gross_margin": 35.03,
            "gross_margin_4q_avg": 35.99,
            "net_income": 22369,
            "revenue": 303012,
            "common_shares": 709042,
            "book_valuer_per_share": 17.75,
            "book_valuer_per_share_4q_avg": 17.87,
            "equity": 1258724,
            "current_ratio": 567.73,
            "debt_ratio": 16.9,
            "inventory_turnover_ratio": 1.23,
            "account_receivable_turnover_ratio": 0.89,
            "reinvestment_rate": 1.68,
            "research_to_sale_ratio": null,
            "price_fair": 171.15,
            "eps_avg_yearly": 4.89,
            "eps_latest_yearly": 1.32,
            "eps_growth_yearly": 228.7
        },
        "20093": {
            "year_quarter": 20093,
            "year": 2009,
            "quarter": 3,
            "eps": 0.71,
            "eps_growth_year": -2.74,
            "eps_4q": 1.31,
            "eps_4q_growth_year": -29.39,
            "roe": 4.01,
            "roe_4q": 7.5,
            "gross_profit": 173045,
            "gross_margin": 37.72,
            "gross_margin_4q_avg": 36.8,
            "net_income": 51569,
            "revenue": 458788,
            "common_shares": 745558,
            "book_valuer_per_share": 17.65,
            "book_valuer_per_share_4q_avg": 17.66,
            "equity": 1315934,
            "current_ratio": 552.31,
            "debt_ratio": 17.36,
            "inventory_turnover_ratio": 1.81,
            "account_receivable_turnover_ratio": 1.14,
            "reinvestment_rate": 1.25,
            "research_to_sale_ratio": null,
            "price_fair": 163.92,
            "eps_avg_yearly": 4.68,
            "eps_latest_yearly": 2.84,
            "eps_growth_yearly": 253.25
        },
        "20094": {
            "year_quarter": 20094,
            "year": 2009,
            "quarter": 4,
            "eps": 0.68,
            "eps_growth_year": null,
            "eps_4q": 2.01,
            "eps_4q_growth_year": 41.2,
            "roe": 3.66,
            "roe_4q": 11.25,
            "gross_profit": 167575,
            "gross_margin": 38.97,
            "gross_margin_4q_avg": 37.42,
            "net_income": 49076,
            "revenue": 430007,
            "common_shares": 745558,
            "book_valuer_per_share": 18.82,
            "book_valuer_per_share_4q_avg": 18,
            "equity": 1366165,
            "current_ratio": 527.55,
            "debt_ratio": 18.22,
            "inventory_turnover_ratio": 1.59,
            "account_receivable_turnover_ratio": 1.9,
            "reinvestment_rate": 5.42,
            "research_to_sale_ratio": null,
            "price_fair": 160.88,
            "eps_avg_yearly": 4.6,
            "eps_latest_yearly": 2.72,
            "eps_growth_yearly": 261.62
        },
        "20101": {
            "year_quarter": 20101,
            "year": 2010,
            "quarter": 1,
            "eps": 0.74,
            "eps_growth_year": 124.24,
            "eps_4q": 2.43,
            "eps_4q_growth_year": 36.15,
            "roe": 3.84,
            "roe_4q": 13.29,
            "gross_profit": 163423,
            "gross_margin": 41.33,
            "gross_margin_4q_avg": 38.26,
            "net_income": 53725,
            "revenue": 395388,
            "common_shares": 745558,
            "book_valuer_per_share": 19.64,
            "book_valuer_per_share_4q_avg": 18.47,
            "equity": 1428404,
            "current_ratio": 579.19,
            "debt_ratio": 16.68,
            "inventory_turnover_ratio": 1.33,
            "account_receivable_turnover_ratio": 0.83,
            "reinvestment_rate": 5.07,
            "research_to_sale_ratio": 11.76,
            "price_fair": 161.58,
            "eps_avg_yearly": 4.62,
            "eps_latest_yearly": 2.96,
            "eps_growth_yearly": 273.78
        },
        "20102": {
            "year_quarter": 20102,
            "year": 2010,
            "quarter": 2,
            "eps": 0.8,
            "eps_growth_year": 141.12,
            "eps_4q": 2.87,
            "eps_4q_growth_year": 114.97,
            "roe": 4.24,
            "roe_4q": 15.75,
            "gross_profit": 153333,
            "gross_margin": 41.27,
            "gross_margin_4q_avg": 39.82,
            "net_income": 59320,
            "revenue": 371564,
            "common_shares": 745558,
            "book_valuer_per_share": 18.82,
            "book_valuer_per_share_4q_avg": 18.73,
            "equity": 1368571,
            "current_ratio": 420.08,
            "debt_ratio": 22.87,
            "inventory_turnover_ratio": 1.1,
            "account_receivable_turnover_ratio": 0.74,
            "reinvestment_rate": 4.64,
            "research_to_sale_ratio": 11.32,
            "price_fair": 168.93,
            "eps_avg_yearly": 4.83,
            "eps_latest_yearly": 3.2,
            "eps_growth_yearly": 301.48
        },
        "20103": {
            "year_quarter": 20103,
            "year": 2010,
            "quarter": 3,
            "eps": 0.46,
            "eps_growth_year": -35.7,
            "eps_4q": 2.63,
            "eps_4q_growth_year": 100.44,
            "roe": 2.45,
            "roe_4q": 14.190000000000001,
            "gross_profit": 130346,
            "gross_margin": 39.21,
            "gross_margin_4q_avg": 40.2,
            "net_income": 34033,
            "revenue": 332433,
            "common_shares": 763742,
            "book_valuer_per_share": 18.84,
            "book_valuer_per_share_4q_avg": 19.03,
            "equity": 1404604,
            "current_ratio": 496.36,
            "debt_ratio": 19.41,
            "inventory_turnover_ratio": 0.96,
            "account_receivable_turnover_ratio": 0.73,
            "reinvestment_rate": 4.77,
            "research_to_sale_ratio": 11.56,
            "price_fair": 101.63,
            "eps_avg_yearly": 4.46,
            "eps_latest_yearly": 1.84,
            "eps_growth_yearly": 12.8
        },
        "20104": {
            "year_quarter": 20104,
            "year": 2010,
            "quarter": 4,
            "eps": -0.16,
            "eps_growth_year": -123.54,
            "eps_4q": 1.81,
            "eps_4q_growth_year": -9.59,
            "roe": -0.85,
            "roe_4q": 9.68,
            "gross_profit": 118016,
            "gross_margin": 38.53,
            "gross_margin_4q_avg": 40.09,
            "net_income": -11935,
            "revenue": 306314,
            "common_shares": 763742,
            "book_valuer_per_share": 18.7,
            "book_valuer_per_share_4q_avg": 19,
            "equity": 1393988,
            "current_ratio": 579.58,
            "debt_ratio": 16.41,
            "inventory_turnover_ratio": 0.99,
            "account_receivable_turnover_ratio": 0.8,
            "reinvestment_rate": 9.42,
            "research_to_sale_ratio": 11.33,
            "price_fair": 11.99,
            "eps_avg_yearly": 4,
            "eps_latest_yearly": 1.84,
            "eps_growth_yearly": -4.79
        },
        "20111": {
            "year_quarter": 20111,
            "year": 2011,
            "quarter": 1,
            "eps": 0.2,
            "eps_growth_year": -72.97,
            "eps_4q": 1.29,
            "eps_4q_growth_year": -46.75,
            "roe": 1.07,
            "roe_4q": 6.91,
            "gross_profit": 99900,
            "gross_margin": 35.14,
            "gross_margin_4q_avg": 38.54,
            "net_income": 15045,
            "revenue": 284255,
            "common_shares": 759072,
            "book_valuer_per_share": 18.89,
            "book_valuer_per_share_4q_avg": 18.81,
            "equity": 1408380,
            "current_ratio": 494.21,
            "debt_ratio": 19.25,
            "inventory_turnover_ratio": 1.13,
            "account_receivable_turnover_ratio": 0.79,
            "reinvestment_rate": 10.24,
            "research_to_sale_ratio": 13.37,
            "price_fair": 10.03,
            "eps_avg_yearly": 3.34,
            "eps_latest_yearly": 1.84,
            "eps_growth_yearly": -9.47
        },
        "20112": {
            "year_quarter": 20112,
            "year": 2011,
            "quarter": 2,
            "eps": -0.06,
            "eps_growth_year": -106.97,
            "eps_4q": 0.44,
            "eps_4q_growth_year": -84.73,
            "roe": -0.31,
            "roe_4q": 2.3600000000000003,
            "gross_profit": 89658,
            "gross_margin": 35.63,
            "gross_margin_4q_avg": 37.13,
            "net_income": -4177,
            "revenue": 251626,
            "common_shares": 759072,
            "book_valuer_per_share": 17.19,
            "book_valuer_per_share_4q_avg": 18.41,
            "equity": 1281402,
            "current_ratio": 386.27,
            "debt_ratio": 24.41,
            "inventory_turnover_ratio": 1.18,
            "account_receivable_turnover_ratio": 0.7,
            "reinvestment_rate": 12.63,
            "research_to_sale_ratio": 13.65,
            "price_fair": 53.06,
            "eps_avg_yearly": 3.02,
            "eps_latest_yearly": 1.84,
            "eps_growth_yearly": 7.56
        },
        "20113": {
            "year_quarter": 20113,
            "year": 2011,
            "quarter": 3,
            "eps": 0.08,
            "eps_growth_year": -82.56,
            "eps_4q": 0.07,
            "eps_4q_growth_year": -97.51,
            "roe": 0.47,
            "roe_4q": 0.38,
            "gross_profit": 86590,
            "gross_margin": 35.56,
            "gross_margin_4q_avg": 36.22,
            "net_income": 5996,
            "revenue": 243491,
            "common_shares": 752977,
            "book_valuer_per_share": 17.02,
            "book_valuer_per_share_4q_avg": 17.95,
            "equity": 1281387,
            "current_ratio": 748.9,
            "debt_ratio": 12.7,
            "inventory_turnover_ratio": 1.02,
            "account_receivable_turnover_ratio": 0.77,
            "reinvestment_rate": 15.74,
            "research_to_sale_ratio": 14.94,
            "price_fair": 7.19,
            "eps_avg_yearly": 2.4,
            "eps_latest_yearly": 1.84,
            "eps_growth_yearly": -5.92
        },
        "20114": {
            "year_quarter": 20114,
            "year": 2011,
            "quarter": 4,
            "eps": -0.51,
            "eps_growth_year": null,
            "eps_4q": -0.29,
            "eps_4q_growth_year": -115.86,
            "roe": -3.05,
            "roe_4q": -1.82,
            "gross_profit": 54482,
            "gross_margin": 31.55,
            "gross_margin_4q_avg": 34.47,
            "net_income": -38513,
            "revenue": 172689,
            "common_shares": 752977,
            "book_valuer_per_share": 16.52,
            "book_valuer_per_share_4q_avg": 17.41,
            "equity": 1243968,
            "current_ratio": 819.76,
            "debt_ratio": 11.47,
            "inventory_turnover_ratio": 0.65,
            "account_receivable_turnover_ratio": 0.65,
            "reinvestment_rate": 18.67,
            "research_to_sale_ratio": 17.71,
            "price_fair": 89,
            "eps_avg_yearly": 2.54,
            "eps_latest_yearly": 1.84,
            "eps_growth_yearly": 40.71
        },
        "20121": {
            "year_quarter": 20121,
            "year": 2012,
            "quarter": 1,
            "eps": -0.22,
            "eps_growth_year": -210,
            "eps_4q": -0.7,
            "eps_4q_growth_year": -154.39,
            "roe": -1.38,
            "roe_4q": -4.27,
            "gross_profit": 77686,
            "gross_margin": 33.91,
            "gross_margin_4q_avg": 34.16,
            "net_income": -17084,
            "revenue": 229094,
            "common_shares": 752977,
            "book_valuer_per_share": 16.37,
            "book_valuer_per_share_4q_avg": 16.78,
            "equity": 1238367,
            "current_ratio": 738.44,
            "debt_ratio": 12.71,
            "inventory_turnover_ratio": 0.84,
            "account_receivable_turnover_ratio": 0.91,
            "reinvestment_rate": 18.97,
            "research_to_sale_ratio": 13.37,
            "price_fair": 89,
            "eps_avg_yearly": 2.54,
            "eps_latest_yearly": 1.84,
            "eps_growth_yearly": 40.71
        },
        "20122": {
            "year_quarter": 20122,
            "year": 2012,
            "quarter": 2,
            "eps": -0.26,
            "eps_growth_year": null,
            "eps_4q": -0.91,
            "eps_4q_growth_year": -308.09,
            "roe": -1.69,
            "roe_4q": -5.6499999999999995,
            "gross_profit": 57068,
            "gross_margin": 25.45,
            "gross_margin_4q_avg": 31.62,
            "net_income": -20722,
            "revenue": 224214,
            "common_shares": 752977,
            "book_valuer_per_share": 16.1,
            "book_valuer_per_share_4q_avg": 16.5,
            "equity": 1217006,
            "current_ratio": 576.71,
            "debt_ratio": 16.23,
            "inventory_turnover_ratio": 0.88,
            "account_receivable_turnover_ratio": 0.8,
            "reinvestment_rate": 22.95,
            "research_to_sale_ratio": 13.17,
            "price_fair": 89,
            "eps_avg_yearly": 2.54,
            "eps_latest_yearly": 1.84,
            "eps_growth_yearly": 40.71
        },
        "20123": {
            "year_quarter": 20123,
            "year": 2012,
            "quarter": 3,
            "eps": -0.36,
            "eps_growth_year": -546.13,
            "eps_4q": -1.35,
            "eps_4q_growth_year": -2156.08,
            "roe": -2.3,
            "roe_4q": -8.419999999999998,
            "gross_profit": 70243,
            "gross_margin": 27.03,
            "gross_margin_4q_avg": 29.49,
            "net_income": -27699,
            "revenue": 259914,
            "common_shares": 752977,
            "book_valuer_per_share": 15.78,
            "book_valuer_per_share_4q_avg": 16.19,
            "equity": 1191752,
            "current_ratio": 748.34,
            "debt_ratio": 12.48,
            "inventory_turnover_ratio": 1.02,
            "account_receivable_turnover_ratio": 0.86,
            "reinvestment_rate": 29.74,
            "research_to_sale_ratio": 10.23,
            "price_fair": 86.8,
            "eps_avg_yearly": 2.48,
            "eps_latest_yearly": 1.84,
            "eps_growth_yearly": 56.91
        },
        "20124": {
            "year_quarter": 20124,
            "year": 2012,
            "quarter": 4,
            "eps": -0.86,
            "eps_growth_year": null,
            "eps_4q": -1.69,
            "eps_4q_growth_year": null,
            "roe": -5.62,
            "roe_4q": -10.989999999999998,
            "gross_profit": 43709,
            "gross_margin": 21.96,
            "gross_margin_4q_avg": 27.09,
            "net_income": -65244,
            "revenue": 199059,
            "common_shares": 752977,
            "book_valuer_per_share": 14.96,
            "book_valuer_per_share_4q_avg": 15.8,
            "equity": 1128811,
            "current_ratio": 889.13,
            "debt_ratio": 11.06,
            "inventory_turnover_ratio": 1.01,
            "account_receivable_turnover_ratio": 0.69,
            "reinvestment_rate": 0.9,
            "research_to_sale_ratio": 12.83,
            "price_fair": 86.8,
            "eps_avg_yearly": 2.48,
            "eps_latest_yearly": 1.84,
            "eps_growth_yearly": 56.91
        },
        "20131": {
            "year_quarter": 20131,
            "year": 2013,
            "quarter": 1,
            "eps": -0.12,
            "eps_growth_year": null,
            "eps_4q": -1.6,
            "eps_4q_growth_year": null,
            "roe": -0.88,
            "roe_4q": -10.49,
            "gross_profit": 41295,
            "gross_margin": 23.88,
            "gross_margin_4q_avg": 24.58,
            "net_income": -9902,
            "revenue": 172940,
            "common_shares": 752977,
            "book_valuer_per_share": 14.82,
            "book_valuer_per_share_4q_avg": 15.42,
            "equity": 1117811,
            "current_ratio": 941.2,
            "debt_ratio": 10.48,
            "inventory_turnover_ratio": 0.97,
            "account_receivable_turnover_ratio": 0.7,
            "reinvestment_rate": -1.43,
            "research_to_sale_ratio": 15.02,
            "price_fair": 86.8,
            "eps_avg_yearly": 2.48,
            "eps_latest_yearly": 1.84,
            "eps_growth_yearly": 56.91
        },
        "20132": {
            "year_quarter": 20132,
            "year": 2013,
            "quarter": 2,
            "eps": -0.23,
            "eps_growth_year": null,
            "eps_4q": -1.6,
            "eps_4q_growth_year": null,
            "roe": -1.61,
            "roe_4q": -10.41,
            "gross_profit": 44973,
            "gross_margin": 24.36,
            "gross_margin_4q_avg": 24.31,
            "net_income": -17650,
            "revenue": 184594,
            "common_shares": 752977,
            "book_valuer_per_share": 14.6,
            "book_valuer_per_share_4q_avg": 15.04,
            "equity": 1071761,
            "current_ratio": 883.1,
            "debt_ratio": 11.2,
            "inventory_turnover_ratio": 1.16,
            "account_receivable_turnover_ratio": 0.83,
            "reinvestment_rate": -3.94,
            "research_to_sale_ratio": 15.29,
            "price_fair": 94.92,
            "eps_avg_yearly": 2.71,
            "eps_latest_yearly": 1.84,
            "eps_growth_yearly": 68.29
        },
        "20133": {
            "year_quarter": 20133,
            "year": 2013,
            "quarter": 3,
            "eps": -0.23,
            "eps_growth_year": null,
            "eps_4q": -1.47,
            "eps_4q_growth_year": null,
            "roe": -1.61,
            "roe_4q": -9.72,
            "gross_profit": 58293,
            "gross_margin": 27.85,
            "gross_margin_4q_avg": 24.51,
            "net_income": -17156,
            "revenue": 209304,
            "common_shares": 752977,
            "book_valuer_per_share": 14.36,
            "book_valuer_per_share_4q_avg": 14.69,
            "equity": 1053459,
            "current_ratio": 944.91,
            "debt_ratio": 10.53,
            "inventory_turnover_ratio": 1.41,
            "account_receivable_turnover_ratio": 0.9,
            "reinvestment_rate": null,
            "research_to_sale_ratio": 12.91,
            "price_fair": 8.04,
            "eps_avg_yearly": 2.68,
            "eps_latest_yearly": 1.84,
            "eps_growth_yearly": -29.79
        },
        "20134": {
            "year_quarter": 20134,
            "year": 2013,
            "quarter": 4,
            "eps": -0.41,
            "eps_growth_year": null,
            "eps_4q": -1,
            "eps_4q_growth_year": null,
            "roe": -3.03,
            "roe_4q": -7.13,
            "gross_profit": 45351,
            "gross_margin": 23.18,
            "gross_margin_4q_avg": 24.82,
            "net_income": -31359,
            "revenue": 195665,
            "common_shares": 752977,
            "book_valuer_per_share": 13.87,
            "book_valuer_per_share_4q_avg": 14.41,
            "equity": 1016539,
            "current_ratio": 940.23,
            "debt_ratio": 10.73,
            "inventory_turnover_ratio": 1.65,
            "account_receivable_turnover_ratio": 0.79,
            "reinvestment_rate": null,
            "research_to_sale_ratio": 12.18,
            "price_fair": 8,
            "eps_avg_yearly": 2.67,
            "eps_latest_yearly": 1.84,
            "eps_growth_yearly": -34.09
        },
        "20141": {
            "year_quarter": 20141,
            "year": 2014,
            "quarter": 1,
            "eps": -0.11,
            "eps_growth_year": null,
            "eps_4q": -0.99,
            "eps_4q_growth_year": null,
            "roe": -0.81,
            "roe_4q": -7.0600000000000005,
            "gross_profit": 47580,
            "gross_margin": 28.59,
            "gross_margin_4q_avg": 26,
            "net_income": -8221,
            "revenue": 166398,
            "common_shares": 752977,
            "book_valuer_per_share": 13.73,
            "book_valuer_per_share_4q_avg": 14.14,
            "equity": 1006722,
            "current_ratio": 1020.05,
            "debt_ratio": 9.94,
            "inventory_turnover_ratio": 1.51,
            "account_receivable_turnover_ratio": 0.67,
            "reinvestment_rate": null,
            "research_to_sale_ratio": 17.34,
            "price_fair": 7.56,
            "eps_avg_yearly": 2.52,
            "eps_latest_yearly": 1.84,
            "eps_growth_yearly": -68.78
        },
        "20142": {
            "year_quarter": 20142,
            "year": 2014,
            "quarter": 2,
            "eps": -0.6,
            "eps_growth_year": null,
            "eps_4q": -1.33,
            "eps_4q_growth_year": null,
            "roe": -4.44,
            "roe_4q": -9.889999999999999,
            "gross_profit": 51321,
            "gross_margin": 27.32,
            "gross_margin_4q_avg": 26.74,
            "net_income": -44527,
            "revenue": 187828,
            "common_shares": 752977,
            "book_valuer_per_share": 13.34,
            "book_valuer_per_share_4q_avg": 13.83,
            "equity": 999948,
            "current_ratio": 766.54,
            "debt_ratio": 13.1,
            "inventory_turnover_ratio": 1.73,
            "account_receivable_turnover_ratio": 0.78,
            "reinvestment_rate": null,
            "research_to_sale_ratio": 20.14,
            "price_fair": 5.52,
            "eps_avg_yearly": 1.84,
            "eps_latest_yearly": 1.84,
            "eps_growth_yearly": -170
        },
        "20143": {
            "year_quarter": 20143,
            "year": 2014,
            "quarter": 3,
            "eps": -0.27,
            "eps_growth_year": null,
            "eps_4q": -1.38,
            "eps_4q_growth_year": null,
            "roe": -2.08,
            "roe_4q": -10.36,
            "gross_profit": 45847,
            "gross_margin": 24.57,
            "gross_margin_4q_avg": 25.92,
            "net_income": -20575,
            "revenue": 186618,
            "common_shares": 752977,
            "book_valuer_per_share": 13.06,
            "book_valuer_per_share_4q_avg": 13.5,
            "equity": 978741,
            "current_ratio": 697.36,
            "debt_ratio": 14.31,
            "inventory_turnover_ratio": 1.52,
            "account_receivable_turnover_ratio": 0.77,
            "reinvestment_rate": null,
            "research_to_sale_ratio": 18.44,
            "price_fair": 0,
            "eps_avg_yearly": 0,
            "eps_latest_yearly": 0,
            "eps_growth_yearly": 0
        },
        "20144": {
            "year_quarter": 20144,
            "year": 2014,
            "quarter": 4,
            "eps": -0.2,
            "eps_growth_year": null,
            "eps_4q": -1.18,
            "eps_4q_growth_year": null,
            "roe": -1.56,
            "roe_4q": -8.89,
            "gross_profit": 36919,
            "gross_margin": 22.37,
            "gross_margin_4q_avg": 25.71,
            "net_income": -15124,
            "revenue": 165064,
            "common_shares": 752977,
            "book_valuer_per_share": 12.87,
            "book_valuer_per_share_4q_avg": 13.25,
            "equity": 964609,
            "current_ratio": 862.81,
            "debt_ratio": 11.82,
            "inventory_turnover_ratio": 1.08,
            "account_receivable_turnover_ratio": 0.68,
            "reinvestment_rate": null,
            "research_to_sale_ratio": 20.43,
            "price_fair": 0,
            "eps_avg_yearly": 0,
            "eps_latest_yearly": 0,
            "eps_growth_yearly": 0
        },
        "20151": {
            "year_quarter": 20151,
            "year": 2015,
            "quarter": 1,
            "eps": -0.65,
            "eps_growth_year": null,
            "eps_4q": -1.72,
            "eps_4q_growth_year": null,
            "roe": -5.2,
            "roe_4q": -13.280000000000001,
            "gross_profit": 27297,
            "gross_margin": 24.23,
            "gross_margin_4q_avg": 24.62,
            "net_income": -48946,
            "revenue": 112665,
            "common_shares": 752977,
            "book_valuer_per_share": 12.22,
            "book_valuer_per_share_4q_avg": 12.87,
            "equity": 916324,
            "current_ratio": 1489.96,
            "debt_ratio": 7.1,
            "inventory_turnover_ratio": 0.67,
            "account_receivable_turnover_ratio": 0.52,
            "reinvestment_rate": null,
            "research_to_sale_ratio": 30.03,
            "price_fair": 0,
            "eps_avg_yearly": 0,
            "eps_latest_yearly": 0,
            "eps_growth_yearly": 0
        },
        "20152": {
            "year_quarter": 20152,
            "year": 2015,
            "quarter": 2,
            "eps": -0.67,
            "eps_growth_year": null,
            "eps_4q": -1.8,
            "eps_4q_growth_year": null,
            "roe": -5.63,
            "roe_4q": -14.47,
            "gross_profit": 22755,
            "gross_margin": 24.46,
            "gross_margin_4q_avg": 23.91,
            "net_income": -50182,
            "revenue": 93020,
            "common_shares": 752977,
            "book_valuer_per_share": 11.56,
            "book_valuer_per_share_4q_avg": 12.43,
            "equity": 867010,
            "current_ratio": 1139.17,
            "debt_ratio": 9.08,
            "inventory_turnover_ratio": 0.58,
            "account_receivable_turnover_ratio": 0.54,
            "reinvestment_rate": null,
            "research_to_sale_ratio": 33.85,
            "price_fair": 0,
            "eps_avg_yearly": 0,
            "eps_latest_yearly": 0,
            "eps_growth_yearly": 0
        },
        "20153": {
            "year_quarter": 20153,
            "year": 2015,
            "quarter": 3,
            "eps": -0.03,
            "eps_growth_year": null,
            "eps_4q": -1.56,
            "eps_4q_growth_year": null,
            "roe": -0.28,
            "roe_4q": -12.67,
            "gross_profit": 39012,
            "gross_margin": 28.46,
            "gross_margin_4q_avg": 24.88,
            "net_income": -2433,
            "revenue": 137063,
            "common_shares": 752977,
            "book_valuer_per_share": 11.53,
            "book_valuer_per_share_4q_avg": 12.05,
            "equity": 864788,
            "current_ratio": 1011.61,
            "debt_ratio": 10.15,
            "inventory_turnover_ratio": 0.87,
            "account_receivable_turnover_ratio": 0.83,
            "reinvestment_rate": null,
            "research_to_sale_ratio": 22.21,
            "price_fair": 0,
            "eps_avg_yearly": 0,
            "eps_latest_yearly": 0,
            "eps_growth_yearly": 0
        },
        "20154": {
            "year_quarter": 20154,
            "year": 2015,
            "quarter": 4,
            "eps": -0.34,
            "eps_growth_year": null,
            "eps_4q": -1.7,
            "eps_4q_growth_year": null,
            "roe": -3.03,
            "roe_4q": -14.14,
            "gross_profit": 36436,
            "gross_margin": 27.96,
            "gross_margin_4q_avg": 26.28,
            "net_income": -25830,
            "revenue": 130308,
            "common_shares": 752977,
            "book_valuer_per_share": 11.18,
            "book_valuer_per_share_4q_avg": 11.62,
            "equity": 838213,
            "current_ratio": 1336.34,
            "debt_ratio": 7.68,
            "inventory_turnover_ratio": 1.04,
            "account_receivable_turnover_ratio": 0.72,
            "reinvestment_rate": null,
            "research_to_sale_ratio": 18.96,
            "price_fair": 0,
            "eps_avg_yearly": 0,
            "eps_latest_yearly": 0,
            "eps_growth_yearly": 0
        },
        "20161": {
            "year_quarter": 20161,
            "year": 2016,
            "quarter": 1,
            "eps": -0.31,
            "eps_growth_year": null,
            "eps_4q": -1.36,
            "eps_4q_growth_year": null,
            "roe": -2.84,
            "roe_4q": -11.78,
            "gross_profit": 33875,
            "gross_margin": 28.9,
            "gross_margin_4q_avg": 27.45,
            "net_income": -23459,
            "revenue": 117219,
            "common_shares": 752977,
            "book_valuer_per_share": 10.87,
            "book_valuer_per_share_4q_avg": 11.29,
            "equity": 814884,
            "current_ratio": 1077.94,
            "debt_ratio": 9.43,
            "inventory_turnover_ratio": 1.1,
            "account_receivable_turnover_ratio": 0.71,
            "reinvestment_rate": null,
            "research_to_sale_ratio": 16.81,
            "price_fair": 0,
            "eps_avg_yearly": 0,
            "eps_latest_yearly": 0,
            "eps_growth_yearly": 0
        },
        "20162": {
            "year_quarter": 20162,
            "year": 2016,
            "quarter": 2,
            "eps": -0.42,
            "eps_growth_year": null,
            "eps_4q": -1.11,
            "eps_4q_growth_year": null,
            "roe": -3.94,
            "roe_4q": -10.089999999999998,
            "gross_profit": 29067,
            "gross_margin": 26.24,
            "gross_margin_4q_avg": 27.89,
            "net_income": -31454,
            "revenue": 110776,
            "common_shares": 749767,
            "book_valuer_per_share": 10.45,
            "book_valuer_per_share_4q_avg": 11.01,
            "equity": 783396,
            "current_ratio": 1174.77,
            "debt_ratio": 8.72,
            "inventory_turnover_ratio": 1.07,
            "account_receivable_turnover_ratio": 0.74,
            "reinvestment_rate": null,
            "research_to_sale_ratio": 17.34,
            "price_fair": 0,
            "eps_avg_yearly": 0,
            "eps_latest_yearly": 0,
            "eps_growth_yearly": 0
        },
        "20163": {
            "year_quarter": 20163,
            "year": 2016,
            "quarter": 3,
            "eps": -0.47,
            "eps_growth_year": null,
            "eps_4q": -1.55,
            "eps_4q_growth_year": null,
            "roe": -4.63,
            "roe_4q": -14.44,
            "gross_profit": 38654,
            "gross_margin": 26.67,
            "gross_margin_4q_avg": 27.44,
            "net_income": -35471,
            "revenue": 144923,
            "common_shares": 749767,
            "book_valuer_per_share": 9.97,
            "book_valuer_per_share_4q_avg": 10.62,
            "equity": 747733,
            "current_ratio": 899.18,
            "debt_ratio": 11.27,
            "inventory_turnover_ratio": 1.43,
            "account_receivable_turnover_ratio": 0.89,
            "reinvestment_rate": null,
            "research_to_sale_ratio": 15.81,
            "price_fair": 0,
            "eps_avg_yearly": 0,
            "eps_latest_yearly": 0,
            "eps_growth_yearly": 0
        },
        "20164": {
            "year_quarter": 20164,
            "year": 2016,
            "quarter": 4,
            "eps": -0.14,
            "eps_growth_year": null,
            "eps_4q": -1.34,
            "eps_4q_growth_year": null,
            "roe": -1.39,
            "roe_4q": -12.799999999999999,
            "gross_profit": 35773,
            "gross_margin": 24.95,
            "gross_margin_4q_avg": 26.69,
            "net_income": -10309,
            "revenue": 143357,
            "common_shares": 749767,
            "book_valuer_per_share": 9.88,
            "book_valuer_per_share_4q_avg": 10.29,
            "equity": 740795,
            "current_ratio": 591.76,
            "debt_ratio": 16.6,
            "inventory_turnover_ratio": 1.34,
            "account_receivable_turnover_ratio": 0.78,
            "reinvestment_rate": null,
            "research_to_sale_ratio": 18.01,
            "price_fair": 0,
            "eps_avg_yearly": 0,
            "eps_latest_yearly": 0,
            "eps_growth_yearly": 0
        },
        "20171": {
            "year_quarter": 20171,
            "year": 2017,
            "quarter": 1,
            "eps": -0.75,
            "eps_growth_year": null,
            "eps_4q": -1.78,
            "eps_4q_growth_year": null,
            "roe": -7.88,
            "roe_4q": -17.84,
            "gross_profit": 25558,
            "gross_margin": 24.49,
            "gross_margin_4q_avg": 25.59,
            "net_income": -56181,
            "revenue": 104375,
            "common_shares": 749767,
            "book_valuer_per_share": 9.13,
            "book_valuer_per_share_4q_avg": 9.86,
            "equity": 684351,
            "current_ratio": 689.18,
            "debt_ratio": 14.28,
            "inventory_turnover_ratio": 0.72,
            "account_receivable_turnover_ratio": 0.65,
            "reinvestment_rate": null,
            "research_to_sale_ratio": 19.85,
            "price_fair": 0,
            "eps_avg_yearly": 0,
            "eps_latest_yearly": 0,
            "eps_growth_yearly": 0
        },
        "20172": {
            "year_quarter": 20172,
            "year": 2017,
            "quarter": 2,
            "eps": -0.34,
            "eps_growth_year": null,
            "eps_4q": -1.7,
            "eps_4q_growth_year": null,
            "roe": -3.86,
            "roe_4q": -17.76,
            "gross_profit": 28464,
            "gross_margin": 24.96,
            "gross_margin_4q_avg": 25.27,
            "net_income": -25790,
            "revenue": 114039,
            "common_shares": 749767,
            "book_valuer_per_share": 8.7,
            "book_valuer_per_share_4q_avg": 9.42,
            "equity": 652443,
            "current_ratio": 540.54,
            "debt_ratio": 18.17,
            "inventory_turnover_ratio": 0.62,
            "account_receivable_turnover_ratio": 0.86,
            "reinvestment_rate": null,
            "research_to_sale_ratio": 18.81,
            "price_fair": 0,
            "eps_avg_yearly": 0,
            "eps_latest_yearly": 0,
            "eps_growth_yearly": 0
        },
        "20173": {
            "year_quarter": 20173,
            "year": 2017,
            "quarter": 3,
            "eps": -0.25,
            "eps_growth_year": null,
            "eps_4q": -1.48,
            "eps_4q_growth_year": null,
            "roe": -2.93,
            "roe_4q": -16.06,
            "gross_profit": 34137,
            "gross_margin": 25.03,
            "gross_margin_4q_avg": 24.86,
            "net_income": -18835,
            "revenue": 136366,
            "common_shares": 749767,
            "book_valuer_per_share": 8.45,
            "book_valuer_per_share_4q_avg": 9.04,
            "equity": 633608,
            "current_ratio": 423.04,
            "debt_ratio": 23.07,
            "inventory_turnover_ratio": 0.71,
            "account_receivable_turnover_ratio": 0.92,
            "reinvestment_rate": null,
            "research_to_sale_ratio": 13.61,
            "price_fair": 0,
            "eps_avg_yearly": 0,
            "eps_latest_yearly": 0,
            "eps_growth_yearly": 0
        },
        "20174": {
            "year_quarter": 20174,
            "year": 2017,
            "quarter": 4,
            "eps": -0.12,
            "eps_growth_year": null,
            "eps_4q": -1.47,
            "eps_4q_growth_year": null,
            "roe": -1.47,
            "roe_4q": -16.14,
            "gross_profit": 35743,
            "gross_margin": 25.14,
            "gross_margin_4q_avg": 24.91,
            "net_income": -9244,
            "revenue": 142149,
            "common_shares": 749767,
            "book_valuer_per_share": 8.34,
            "book_valuer_per_share_4q_avg": 8.66,
            "equity": 625094,
            "current_ratio": 336.24,
            "debt_ratio": 28.89,
            "inventory_turnover_ratio": 0.8,
            "account_receivable_turnover_ratio": 0.87,
            "reinvestment_rate": null,
            "research_to_sale_ratio": 10.56,
            "price_fair": 0,
            "eps_avg_yearly": 0,
            "eps_latest_yearly": 0,
            "eps_growth_yearly": 0
        },
        "20181": {
            "year_quarter": 20181,
            "year": 2018,
            "quarter": 1,
            "eps": -0.54,
            "eps_growth_year": null,
            "eps_4q": -1.26,
            "eps_4q_growth_year": null,
            "roe": -6.75,
            "roe_4q": -15.01,
            "gross_profit": 20665,
            "gross_margin": 21.12,
            "gross_margin_4q_avg": 24.06,
            "net_income": -40790,
            "revenue": 97860,
            "common_shares": 749767,
            "book_valuer_per_share": 7.79,
            "book_valuer_per_share_4q_avg": 8.32,
            "equity": 584304,
            "current_ratio": 325.92,
            "debt_ratio": 29.84,
            "inventory_turnover_ratio": 0.67,
            "account_receivable_turnover_ratio": 0.68,
            "reinvestment_rate": null,
            "research_to_sale_ratio": 17.45,
            "price_fair": 0,
            "eps_avg_yearly": 0,
            "eps_latest_yearly": 0,
            "eps_growth_yearly": 0
        },
        "20182": {
            "year_quarter": 20182,
            "year": 2018,
            "quarter": 2,
            "eps": 0.04,
            "eps_growth_year": null,
            "eps_4q": -0.87,
            "eps_4q_growth_year": null,
            "roe": 0.58,
            "roe_4q": -10.57,
            "gross_profit": 30528,
            "gross_margin": 23.43,
            "gross_margin_4q_avg": 23.68,
            "net_income": 3399,
            "revenue": 130280,
            "common_shares": 749767,
            "book_valuer_per_share": 7.84,
            "book_valuer_per_share_4q_avg": 8.11,
            "equity": 587703,
            "current_ratio": 269.8,
            "debt_ratio": 36.2,
            "inventory_turnover_ratio": 0.98,
            "account_receivable_turnover_ratio": 0.95,
            "reinvestment_rate": null,
            "research_to_sale_ratio": 14,
            "price_fair": 0,
            "eps_avg_yearly": 0,
            "eps_latest_yearly": 0,
            "eps_growth_yearly": 0
        },
        "20183": {
            "year_quarter": 20183,
            "year": 2018,
            "quarter": 3,
            "eps": -0.06,
            "eps_growth_year": null,
            "eps_4q": -0.68,
            "eps_4q_growth_year": null,
            "roe": -0.73,
            "roe_4q": -8.370000000000001,
            "gross_profit": 39835,
            "gross_margin": 26.14,
            "gross_margin_4q_avg": 23.96,
            "net_income": -4264,
            "revenue": 152369,
            "common_shares": 749767,
            "book_valuer_per_share": 7.78,
            "book_valuer_per_share_4q_avg": 7.94,
            "equity": 583439,
            "current_ratio": 254.72,
            "debt_ratio": 38.39,
            "inventory_turnover_ratio": 1.24,
            "account_receivable_turnover_ratio": 0.9,
            "reinvestment_rate": null,
            "research_to_sale_ratio": 10.74,
            "price_fair": 0,
            "eps_avg_yearly": 0,
            "eps_latest_yearly": 0,
            "eps_growth_yearly": 0
        },
        "20184": {
            "year_quarter": 20184,
            "year": 2018,
            "quarter": 4,
            "eps": -0.25,
            "eps_growth_year": null,
            "eps_4q": -0.8,
            "eps_4q_growth_year": null,
            "roe": -3.21,
            "roe_4q": -10.11,
            "gross_profit": 28840,
            "gross_margin": 21.22,
            "gross_margin_4q_avg": 22.98,
            "net_income": -18483,
            "revenue": 135882,
            "common_shares": 749767,
            "book_valuer_per_share": 7.56,
            "book_valuer_per_share_4q_avg": 7.74,
            "equity": 566595,
            "current_ratio": 239.92,
            "debt_ratio": 40.6,
            "inventory_turnover_ratio": 1.07,
            "account_receivable_turnover_ratio": 0.76,
            "reinvestment_rate": null,
            "research_to_sale_ratio": 13.37,
            "price_fair": 0,
            "eps_avg_yearly": 0,
            "eps_latest_yearly": 0,
            "eps_growth_yearly": 0
        },
        "20191": {
            "year_quarter": 20191,
            "year": 2019,
            "quarter": 1,
            "eps": -0.2,
            "eps_growth_year": null,
            "eps_4q": -0.46,
            "eps_4q_growth_year": null,
            "roe": -2.66,
            "roe_4q": -6.02,
            "gross_profit": 26453,
            "gross_margin": 22.09,
            "gross_margin_4q_avg": 23.22,
            "net_income": -14858,
            "revenue": 119742,
            "common_shares": 749767,
            "book_valuer_per_share": 7.36,
            "book_valuer_per_share_4q_avg": 7.64,
            "equity": 551821,
            "current_ratio": 222.5,
            "debt_ratio": 43.74,
            "inventory_turnover_ratio": 0.62,
            "account_receivable_turnover_ratio": 0.77,
            "reinvestment_rate": null,
            "research_to_sale_ratio": 11.53,
            "price_fair": 0,
            "eps_avg_yearly": 0,
            "eps_latest_yearly": 0,
            "eps_growth_yearly": 0
        },
        "20192": {
            "year_quarter": 20192,
            "year": 2019,
            "quarter": 2,
            "eps": -0.11,
            "eps_growth_year": -375,
            "eps_4q": -0.61,
            "eps_4q_growth_year": null,
            "roe": -1.48,
            "roe_4q": -8.08,
            "gross_profit": 31020,
            "gross_margin": 21.76,
            "gross_margin_4q_avg": 22.8,
            "net_income": -8100,
            "revenue": 142544,
            "common_shares": 749767,
            "book_valuer_per_share": 7.25,
            "book_valuer_per_share_4q_avg": 7.49,
            "equity": 543686,
            "current_ratio": 225.97,
            "debt_ratio": 43.13,
            "inventory_turnover_ratio": 0.53,
            "account_receivable_turnover_ratio": 0.93,
            "reinvestment_rate": null,
            "research_to_sale_ratio": 11.73,
            "price_fair": 0,
            "eps_avg_yearly": 0,
            "eps_latest_yearly": 0,
            "eps_growth_yearly": 0
        },
        "20193": {
            "year_quarter": 20193,
            "year": 2019,
            "quarter": 3,
            "eps": -0.16,
            "eps_growth_year": null,
            "eps_4q": -0.72,
            "eps_4q_growth_year": null,
            "roe": -2.29,
            "roe_4q": -9.64,
            "gross_profit": 35479,
            "gross_margin": 23.1,
            "gross_margin_4q_avg": 22.04,
            "net_income": -12325,
            "revenue": 153595,
            "common_shares": 749767,
            "book_valuer_per_share": 7.09,
            "book_valuer_per_share_4q_avg": 7.32,
            "equity": 531300,
            "current_ratio": 219.06,
            "debt_ratio": 44.49,
            "inventory_turnover_ratio": 0.48,
            "account_receivable_turnover_ratio": 0.84,
            "reinvestment_rate": null,
            "research_to_sale_ratio": 10.22,
            "price_fair": 0,
            "eps_avg_yearly": 0,
            "eps_latest_yearly": 0,
            "eps_growth_yearly": 0
        },
        "20194": {
            "year_quarter": 20194,
            "year": 2019,
            "quarter": 4,
            "eps": -0.4,
            "eps_growth_year": null,
            "eps_4q": -0.87,
            "eps_4q_growth_year": null,
            "roe": -5.8,
            "roe_4q": -12.23,
            "gross_profit": 28400,
            "gross_margin": 19.72,
            "gross_margin_4q_avg": 21.67,
            "net_income": -29970,
            "revenue": 144052,
            "common_shares": 749767,
            "book_valuer_per_share": 6.69,
            "book_valuer_per_share_4q_avg": 7.1,
            "equity": 501590,
            "current_ratio": 231.53,
            "debt_ratio": 42.13,
            "inventory_turnover_ratio": 0.47,
            "account_receivable_turnover_ratio": 0.76,
            "reinvestment_rate": null,
            "research_to_sale_ratio": 9.48,
            "price_fair": 0,
            "eps_avg_yearly": 0,
            "eps_latest_yearly": 0,
            "eps_growth_yearly": 0
        },
        "20201": {
            "year_quarter": 20201,
            "year": 2020,
            "quarter": 1,
            "eps": -0.13,
            "eps_growth_year": null,
            "eps_4q": -0.8,
            "eps_4q_growth_year": null,
            "roe": -1.96,
            "roe_4q": -11.530000000000001,
            "gross_profit": 29110,
            "gross_margin": 23.63,
            "gross_margin_4q_avg": 22.05,
            "net_income": -9720,
            "revenue": 123189,
            "common_shares": 749767,
            "book_valuer_per_share": 6.56,
            "book_valuer_per_share_4q_avg": 6.9,
            "equity": 491867,
            "current_ratio": 221.19,
            "debt_ratio": 44.21,
            "inventory_turnover_ratio": 0.41,
            "account_receivable_turnover_ratio": 0.73,
            "reinvestment_rate": null,
            "research_to_sale_ratio": 14.83,
            "price_fair": 0,
            "eps_avg_yearly": 0,
            "eps_latest_yearly": 0,
            "eps_growth_yearly": 0
        },
        "20202": {
            "year_quarter": 20202,
            "year": 2020,
            "quarter": 2,
            "eps": -0.22,
            "eps_growth_year": null,
            "eps_4q": -0.91,
            "eps_4q_growth_year": null,
            "roe": -3.41,
            "roe_4q": -13.46,
            "gross_profit": 37440,
            "gross_margin": 24.21,
            "gross_margin_4q_avg": 22.67,
            "net_income": -16503,
            "revenue": 154656,
            "common_shares": 749767,
            "book_valuer_per_share": 6.34,
            "book_valuer_per_share_4q_avg": 6.67,
            "equity": 475276,
            "current_ratio": 229.02,
            "debt_ratio": 44.85,
            "inventory_turnover_ratio": 0.56,
            "account_receivable_turnover_ratio": 0.93,
            "reinvestment_rate": null,
            "research_to_sale_ratio": 10.16,
            "price_fair": 0,
            "eps_avg_yearly": 0,
            "eps_latest_yearly": 0,
            "eps_growth_yearly": 0
        },
        "20203": {
            "year_quarter": 20203,
            "year": 2020,
            "quarter": 3,
            "eps": -0.07,
            "eps_growth_year": null,
            "eps_4q": -0.82,
            "eps_4q_growth_year": null,
            "roe": -1.17,
            "roe_4q": -12.34,
            "gross_profit": 43254,
            "gross_margin": 21.93,
            "gross_margin_4q_avg": 22.37,
            "net_income": -5526,
            "revenue": 197269,
            "common_shares": 749767,
            "book_valuer_per_share": 6.27,
            "book_valuer_per_share_4q_avg": 6.47,
            "equity": 469824,
            "current_ratio": 218.96,
            "debt_ratio": 46.22,
            "inventory_turnover_ratio": 0.94,
            "account_receivable_turnover_ratio": 1.03,
            "reinvestment_rate": null,
            "research_to_sale_ratio": 7.23,
            "price_fair": 0,
            "eps_avg_yearly": 0,
            "eps_latest_yearly": 0,
            "eps_growth_yearly": 0
        },
        "20204": {
            "year_quarter": 20204,
            "year": 2020,
            "quarter": 4,
            "eps": -0.39,
            "eps_growth_year": null,
            "eps_4q": -0.82,
            "eps_4q_growth_year": null,
            "roe": -6.51,
            "roe_4q": -13.05,
            "gross_profit": 36116,
            "gross_margin": 22.38,
            "gross_margin_4q_avg": 23.04,
            "net_income": -29609,
            "revenue": 161399,
            "common_shares": 749767,
            "book_valuer_per_share": 5.87,
            "book_valuer_per_share_4q_avg": 6.26,
            "equity": 440353,
            "current_ratio": 201.73,
            "debt_ratio": 49.56,
            "inventory_turnover_ratio": 0.89,
            "account_receivable_turnover_ratio": 0.81,
            "reinvestment_rate": null,
            "research_to_sale_ratio": 8.78,
            "price_fair": 0,
            "eps_avg_yearly": 0,
            "eps_latest_yearly": 0,
            "eps_growth_yearly": 0
        },
        "20211": {
            "year_quarter": 20211,
            "year": 2021,
            "quarter": 1,
            "eps": 0.18,
            "eps_growth_year": null,
            "eps_4q": -0.51,
            "eps_4q_growth_year": null,
            "roe": 2.97,
            "roe_4q": -8.12,
            "gross_profit": 49673,
            "gross_margin": 26.65,
            "gross_margin_4q_avg": 23.79,
            "net_income": 13287,
            "revenue": 186409,
            "common_shares": 749767,
            "book_valuer_per_share": 6.05,
            "book_valuer_per_share_4q_avg": 6.13,
            "equity": 453638,
            "current_ratio": 211.56,
            "debt_ratio": 47.11,
            "inventory_turnover_ratio": 0.93,
            "account_receivable_turnover_ratio": 0.93,
            "reinvestment_rate": null,
            "research_to_sale_ratio": 8.15,
            "price_fair": 0,
            "eps_avg_yearly": 0,
            "eps_latest_yearly": 0,
            "eps_growth_yearly": 0
        },
        "20212": {
            "year_quarter": 20212,
            "year": 2021,
            "quarter": 2,
            "eps": 0.09,
            "eps_growth_year": null,
            "eps_4q": -0.2,
            "eps_4q_growth_year": null,
            "roe": 1.44,
            "roe_4q": -3.2699999999999996,
            "gross_profit": 65331,
            "gross_margin": 30.48,
            "gross_margin_4q_avg": 25.36,
            "net_income": 6580,
            "revenue": 214311,
            "common_shares": 749767,
            "book_valuer_per_share": 6.14,
            "book_valuer_per_share_4q_avg": 6.08,
            "equity": 460181,
            "current_ratio": 204.36,
            "debt_ratio": 47.92,
            "inventory_turnover_ratio": 0.94,
            "account_receivable_turnover_ratio": 1.01,
            "reinvestment_rate": null,
            "research_to_sale_ratio": 6.43,
            "price_fair": 1.08,
            "eps_avg_yearly": 0.36,
            "eps_latest_yearly": 0.36,
            "eps_growth_yearly": -200
        },
        "20213": {
            "year_quarter": 20213,
            "year": 2021,
            "quarter": 3,
            "eps": 0.7,
            "eps_growth_year": null,
            "eps_4q": 0.43,
            "eps_4q_growth_year": null,
            "roe": 5.38,
            "roe_4q": 3.280000000000001,
            "gross_profit": 84319,
            "gross_margin": 36.02,
            "gross_margin_4q_avg": 28.88,
            "net_income": 25432,
            "revenue": 234078,
            "common_shares": 363228,
            "book_valuer_per_share": 13.37,
            "book_valuer_per_share_4q_avg": 7.86,
            "equity": 485600,
            "current_ratio": 212.82,
            "debt_ratio": 45.73,
            "inventory_turnover_ratio": 0.92,
            "account_receivable_turnover_ratio": 1.02,
            "reinvestment_rate": null,
            "research_to_sale_ratio": 8.26,
            "price_fair": 55.3,
            "eps_avg_yearly": 1.58,
            "eps_latest_yearly": 2.8,
            "eps_growth_yearly": 1255.56
        },
        "20214": {
            "year_quarter": 20214,
            "year": 2021,
            "quarter": 4,
            "eps": 0.34,
            "eps_growth_year": null,
            "eps_4q": 1.36,
            "eps_4q_growth_year": null,
            "roe": 2.42,
            "roe_4q": 12.21,
            "gross_profit": 63023,
            "gross_margin": 32.82,
            "gross_margin_4q_avg": 31.49,
            "net_income": 15008,
            "revenue": 192004,
            "common_shares": 443228,
            "book_valuer_per_share": 16.99,
            "book_valuer_per_share_4q_avg": 10.64,
            "equity": 753200,
            "current_ratio": 318.96,
            "debt_ratio": 30.6,
            "inventory_turnover_ratio": 0.78,
            "account_receivable_turnover_ratio": 0.83,
            "reinvestment_rate": null,
            "research_to_sale_ratio": 8.17,
            "price_fair": 52.73,
            "eps_avg_yearly": 1.51,
            "eps_latest_yearly": 1.36,
            "eps_growth_yearly": 768.47
        },
        "20221": {
            "year_quarter": 20221,
            "year": 2022,
            "quarter": 1,
            "eps": 0.65,
            "eps_growth_year": 261.11,
            "eps_4q": 1.68,
            "eps_4q_growth_year": null,
            "roe": 3.77,
            "roe_4q": 13.01,
            "gross_profit": 63614,
            "gross_margin": 30.21,
            "gross_margin_4q_avg": 32.38,
            "net_income": 28997,
            "revenue": 210604,
            "common_shares": 453028,
            "book_valuer_per_share": 17.3,
            "book_valuer_per_share_4q_avg": 13.45,
            "equity": 783796,
            "current_ratio": 329.62,
            "debt_ratio": 29.48,
            "inventory_turnover_ratio": 0.79,
            "account_receivable_turnover_ratio": 0.89,
            "reinvestment_rate": null,
            "research_to_sale_ratio": 8.27,
            "price_fair": 62.3,
            "eps_avg_yearly": 1.78,
            "eps_latest_yearly": 2.6,
            "eps_growth_yearly": 667.53
        },
        "20222": {
            "year_quarter": 20222,
            "year": 2022,
            "quarter": 2,
            "eps": 0.51,
            "eps_growth_year": 466.67,
            "eps_4q": 2.02,
            "eps_4q_growth_year": null,
            "roe": 2.9,
            "roe_4q": 14.469999999999999,
            "gross_profit": 60211,
            "gross_margin": 34.57,
            "gross_margin_4q_avg": 33.41,
            "net_income": 22315,
            "revenue": 174174,
            "common_shares": 453228,
            "book_valuer_per_share": 16.72,
            "book_valuer_per_share_4q_avg": 16.1,
            "equity": 757616,
            "current_ratio": 261.24,
            "debt_ratio": 37.3,
            "inventory_turnover_ratio": 0.49,
            "account_receivable_turnover_ratio": 0.73,
            "reinvestment_rate": null,
            "research_to_sale_ratio": 12.5,
            "price_fair": 64.12,
            "eps_avg_yearly": 1.83,
            "eps_latest_yearly": 2.04,
            "eps_growth_yearly": 516.79
        },
        "20223": {
            "year_quarter": 20223,
            "year": 2022,
            "quarter": 3,
            "eps": 0.63,
            "eps_growth_year": -10,
            "eps_4q": 2.08,
            "eps_4q_growth_year": 380.85,
            "roe": 3.59,
            "roe_4q": 12.68,
            "gross_profit": 56857,
            "gross_margin": 35.88,
            "gross_margin_4q_avg": 33.37,
            "net_income": 27819,
            "revenue": 158452,
            "common_shares": 453228,
            "book_valuer_per_share": 17.43,
            "book_valuer_per_share_4q_avg": 17.11,
            "equity": 790168,
            "current_ratio": 317.27,
            "debt_ratio": 30.81,
            "inventory_turnover_ratio": 0.32,
            "account_receivable_turnover_ratio": 0.69,
            "reinvestment_rate": null,
            "research_to_sale_ratio": 15.55,
            "price_fair": 68.13,
            "eps_avg_yearly": 1.95,
            "eps_latest_yearly": 2.52,
            "eps_growth_yearly": 446.34
        },
        "20224": {
            "year_quarter": 20224,
            "year": 2022,
            "quarter": 4,
            "eps": -0.05,
            "eps_growth_year": -114.5,
            "eps_4q": 1.7,
            "eps_4q_growth_year": 24.71,
            "roe": -0.28,
            "roe_4q": 9.979999999999999,
            "gross_profit": 67034,
            "gross_margin": 39.28,
            "gross_margin_4q_avg": 34.99,
            "net_income": -2225,
            "revenue": 170655,
            "common_shares": 453228,
            "book_valuer_per_share": 17.49,
            "book_valuer_per_share_4q_avg": 17.24,
            "equity": 792884,
            "current_ratio": 300.65,
            "debt_ratio": 31.89,
            "inventory_turnover_ratio": 0.28,
            "account_receivable_turnover_ratio": 0.78,
            "reinvestment_rate": 68.78,
            "research_to_sale_ratio": 11.86,
            "price_fair": 68.13,
            "eps_avg_yearly": 1.95,
            "eps_latest_yearly": 2.52,
            "eps_growth_yearly": 446.34
        },
        "20231": {
            "year_quarter": 20231,
            "year": 2023,
            "quarter": 1,
            "eps": 0.37,
            "eps_growth_year": -43.08,
            "eps_4q": 1.42,
            "eps_4q_growth_year": -15.21,
            "roe": 2.06,
            "roe_4q": 8.27,
            "gross_profit": 78184,
            "gross_margin": 38.95,
            "gross_margin_4q_avg": 37.17,
            "net_income": 16560,
            "revenue": 200735,
            "common_shares": 453128,
            "book_valuer_per_share": 17.95,
            "book_valuer_per_share_4q_avg": 17.4,
            "equity": 813196,
            "current_ratio": 300.38,
            "debt_ratio": 31.84,
            "inventory_turnover_ratio": 0.33,
            "account_receivable_turnover_ratio": 0.97,
            "reinvestment_rate": 16.56,
            "research_to_sale_ratio": 11.95,
            "price_fair": 68.13,
            "eps_avg_yearly": 1.95,
            "eps_latest_yearly": 2.52,
            "eps_growth_yearly": 446.34
        }
    },
    "months": {
        "2003-04": {
            "month": "2003-04",
            "price": "34.60",
            "revenue": 50551
        },
        "2003-05": {
            "month": "2003-05",
            "price": "33.68",
            "revenue": 45391
        },
        "2003-06": {
            "month": "2003-06",
            "price": "41.90",
            "revenue": 32577
        },
        "2003-07": {
            "month": "2003-07",
            "price": "40.06",
            "revenue": 55662
        },
        "2003-08": {
            "month": "2003-08",
            "price": "39.60",
            "revenue": 57029
        },
        "2003-09": {
            "month": "2003-09",
            "price": "39.65",
            "revenue": 62420
        },
        "2003-10": {
            "month": "2003-10",
            "price": "40.55",
            "revenue": 65378
        },
        "2003-11": {
            "month": "2003-11",
            "price": "40.76",
            "revenue": 43462
        },
        "2003-12": {
            "month": "2003-12",
            "price": "41.82",
            "revenue": 49566
        },
        "2004-01": {
            "month": "2004-01",
            "price": "39.65",
            "revenue": 40894
        },
        "2004-02": {
            "month": "2004-02",
            "price": "37.98",
            "revenue": 32561
        },
        "2004-03": {
            "month": "2004-03",
            "price": "33.48",
            "revenue": 37352
        },
        "2004-04": {
            "month": "2004-04",
            "price": "32.25",
            "revenue": 42374
        },
        "2004-05": {
            "month": "2004-05",
            "price": "28.78",
            "revenue": 44038
        },
        "2004-06": {
            "month": "2004-06",
            "price": "23.90",
            "revenue": 40779
        },
        "2004-07": {
            "month": "2004-07",
            "price": "18.14",
            "revenue": 37032
        },
        "2004-08": {
            "month": "2004-08",
            "price": "14.71",
            "revenue": 48439
        },
        "2004-09": {
            "month": "2004-09",
            "price": "12.48",
            "revenue": 60789
        },
        "2004-10": {
            "month": "2004-10",
            "price": "10.80",
            "revenue": 73796
        },
        "2004-11": {
            "month": "2004-11",
            "price": "10.04",
            "revenue": 71367
        },
        "2004-12": {
            "month": "2004-12",
            "price": "11.31",
            "revenue": 54854
        },
        "2005-01": {
            "month": "2005-01",
            "price": "10.21",
            "revenue": 56908
        },
        "2005-02": {
            "month": "2005-02",
            "price": "10.31",
            "revenue": 50337
        },
        "2005-03": {
            "month": "2005-03",
            "price": "13.43",
            "revenue": 77603
        },
        "2005-04": {
            "month": "2005-04",
            "price": "17.84",
            "revenue": 84311
        },
        "2005-05": {
            "month": "2005-05",
            "price": "21.74",
            "revenue": 82142
        },
        "2005-06": {
            "month": "2005-06",
            "price": "29.43",
            "revenue": 71685
        },
        "2005-07": {
            "month": "2005-07",
            "price": "33.14",
            "revenue": 85893
        },
        "2005-08": {
            "month": "2005-08",
            "price": "35.74",
            "revenue": 86301
        },
        "2005-09": {
            "month": "2005-09",
            "price": "32.44",
            "revenue": 98133
        },
        "2005-10": {
            "month": "2005-10",
            "price": "34.65",
            "revenue": 100075
        },
        "2005-11": {
            "month": "2005-11",
            "price": "38.19",
            "revenue": 94072
        },
        "2005-12": {
            "month": "2005-12",
            "price": "43.71",
            "revenue": 88019
        },
        "2006-01": {
            "month": "2006-01",
            "price": "51.00",
            "revenue": 100090
        },
        "2006-02": {
            "month": "2006-02",
            "price": "46.05",
            "revenue": 69548
        },
        "2006-03": {
            "month": "2006-03",
            "price": "45.38",
            "revenue": 107183
        },
        "2006-04": {
            "month": "2006-04",
            "price": "55.13",
            "revenue": 62625
        },
        "2006-05": {
            "month": "2006-05",
            "price": "63.63",
            "revenue": 79075
        },
        "2006-06": {
            "month": "2006-06",
            "price": "47.76",
            "revenue": 85145
        },
        "2006-07": {
            "month": "2006-07",
            "price": "44.83",
            "revenue": 117366
        },
        "2006-08": {
            "month": "2006-08",
            "price": "51.86",
            "revenue": 143230
        },
        "2006-09": {
            "month": "2006-09",
            "price": "53.36",
            "revenue": 195167
        },
        "2006-10": {
            "month": "2006-10",
            "price": "59.34",
            "revenue": 201879
        },
        "2006-11": {
            "month": "2006-11",
            "price": "66.85",
            "revenue": 190519
        },
        "2006-12": {
            "month": "2006-12",
            "price": "81.07",
            "revenue": 144554
        },
        "2007-01": {
            "month": "2007-01",
            "price": "89.72",
            "revenue": 220487
        },
        "2007-02": {
            "month": "2007-02",
            "price": "113.51",
            "revenue": 127073
        },
        "2007-03": {
            "month": "2007-03",
            "price": "131.52",
            "revenue": 180254
        },
        "2007-04": {
            "month": "2007-04",
            "price": "112.23",
            "revenue": 171753
        },
        "2007-05": {
            "month": "2007-05",
            "price": "116.30",
            "revenue": 145625
        },
        "2007-06": {
            "month": "2007-06",
            "price": "142.82",
            "revenue": 143357
        },
        "2007-07": {
            "month": "2007-07",
            "price": "187.23",
            "revenue": 164153
        },
        "2007-08": {
            "month": "2007-08",
            "price": "193.11",
            "revenue": 206917
        },
        "2007-09": {
            "month": "2007-09",
            "price": "192.56",
            "revenue": 157802
        },
        "2007-10": {
            "month": "2007-10",
            "price": "163.41",
            "revenue": 128267
        },
        "2007-11": {
            "month": "2007-11",
            "price": "114.65",
            "revenue": 138941
        },
        "2007-12": {
            "month": "2007-12",
            "price": "103.46",
            "revenue": 111449
        },
        "2008-01": {
            "month": "2008-01",
            "price": "88.13",
            "revenue": 164098
        },
        "2008-02": {
            "month": "2008-02",
            "price": "76.09",
            "revenue": 82803
        },
        "2008-03": {
            "month": "2008-03",
            "price": "77.00",
            "revenue": 125741
        },
        "2008-04": {
            "month": "2008-04",
            "price": "81.36",
            "revenue": 147075
        },
        "2008-05": {
            "month": "2008-05",
            "price": "91.40",
            "revenue": 141398
        },
        "2008-06": {
            "month": "2008-06",
            "price": "76.02",
            "revenue": 133309
        },
        "2008-07": {
            "month": "2008-07",
            "price": "64.29",
            "revenue": 123977
        },
        "2008-08": {
            "month": "2008-08",
            "price": "62.54",
            "revenue": 119363
        },
        "2008-09": {
            "month": "2008-09",
            "price": "37.91",
            "revenue": 128783
        },
        "2008-10": {
            "month": "2008-10",
            "price": "34.78",
            "revenue": 96009
        },
        "2008-11": {
            "month": "2008-11",
            "price": "29.77",
            "revenue": 66775
        },
        "2008-12": {
            "month": "2008-12",
            "price": "27.15",
            "revenue": 51089
        },
        "2009-01": {
            "month": "2009-01",
            "price": "32.35",
            "revenue": 56354
        },
        "2009-02": {
            "month": "2009-02",
            "price": "36.33",
            "revenue": 81034
        },
        "2009-03": {
            "month": "2009-03",
            "price": "41.44",
            "revenue": 132147
        },
        "2009-04": {
            "month": "2009-04",
            "price": "49.49",
            "revenue": 106740
        },
        "2009-05": {
            "month": "2009-05",
            "price": "63.11",
            "revenue": 77957
        },
        "2009-06": {
            "month": "2009-06",
            "price": "61.07",
            "revenue": 118315
        },
        "2009-07": {
            "month": "2009-07",
            "price": "68.01",
            "revenue": 149183
        },
        "2009-08": {
            "month": "2009-08",
            "price": "63.88",
            "revenue": 144444
        },
        "2009-09": {
            "month": "2009-09",
            "price": "65.95",
            "revenue": 165161
        },
        "2009-10": {
            "month": "2009-10",
            "price": "68.07",
            "revenue": 130558
        },
        "2009-11": {
            "month": "2009-11",
            "price": "68.53",
            "revenue": 145155
        },
        "2009-12": {
            "month": "2009-12",
            "price": "72.75",
            "revenue": 154294
        },
        "2010-01": {
            "month": "2010-01",
            "price": "68.74",
            "revenue": 138322
        },
        "2010-02": {
            "month": "2010-02",
            "price": "57.06",
            "revenue": 106759
        },
        "2010-03": {
            "month": "2010-03",
            "price": "58.49",
            "revenue": 150306
        },
        "2010-04": {
            "month": "2010-04",
            "price": "58.62",
            "revenue": 126253
        },
        "2010-05": {
            "month": "2010-05",
            "price": "49.35",
            "revenue": 123588
        },
        "2010-06": {
            "month": "2010-06",
            "price": "47.14",
            "revenue": 121724
        },
        "2010-07": {
            "month": "2010-07",
            "price": "51.30",
            "revenue": 88441
        },
        "2010-08": {
            "month": "2010-08",
            "price": "50.68",
            "revenue": 88797
        },
        "2010-09": {
            "month": "2010-09",
            "price": "50.59",
            "revenue": 155195
        },
        "2010-10": {
            "month": "2010-10",
            "price": "48.61",
            "revenue": 95813
        },
        "2010-11": {
            "month": "2010-11",
            "price": "43.70",
            "revenue": 104400
        },
        "2010-12": {
            "month": "2010-12",
            "price": "46.26",
            "revenue": 106101
        },
        "2011-01": {
            "month": "2011-01",
            "price": "43.66",
            "revenue": 93315
        },
        "2011-02": {
            "month": "2011-02",
            "price": "42.42",
            "revenue": 62467
        },
        "2011-03": {
            "month": "2011-03",
            "price": "38.40",
            "revenue": 128472
        },
        "2011-04": {
            "month": "2011-04",
            "price": "37.38",
            "revenue": 117426
        },
        "2011-05": {
            "month": "2011-05",
            "price": "36.45",
            "revenue": 71155
        },
        "2011-06": {
            "month": "2011-06",
            "price": "33.56",
            "revenue": 63046
        },
        "2011-07": {
            "month": "2011-07",
            "price": "28.78",
            "revenue": 71815
        },
        "2011-08": {
            "month": "2011-08",
            "price": "23.12",
            "revenue": 70057
        },
        "2011-09": {
            "month": "2011-09",
            "price": "22.09",
            "revenue": 81082
        },
        "2011-10": {
            "month": "2011-10",
            "price": "21.82",
            "revenue": 64964
        },
        "2011-11": {
            "month": "2011-11",
            "price": "18.68",
            "revenue": 63226
        },
        "2011-12": {
            "month": "2011-12",
            "price": "14.75",
            "revenue": 50122
        },
        "2012-01": {
            "month": "2012-01",
            "price": "15.61",
            "revenue": 53138
        },
        "2012-02": {
            "month": "2012-02",
            "price": "20.62",
            "revenue": 68115
        },
        "2012-03": {
            "month": "2012-03",
            "price": "21.65",
            "revenue": 97456
        },
        "2012-04": {
            "month": "2012-04",
            "price": "19.87",
            "revenue": 72146
        },
        "2012-05": {
            "month": "2012-05",
            "price": "16.91",
            "revenue": 70973
        },
        "2012-06": {
            "month": "2012-06",
            "price": "15.85",
            "revenue": 66192
        },
        "2012-07": {
            "month": "2012-07",
            "price": "15.88",
            "revenue": 83203
        },
        "2012-08": {
            "month": "2012-08",
            "price": "15.63",
            "revenue": 73517
        },
        "2012-09": {
            "month": "2012-09",
            "price": "16.95",
            "revenue": 89518
        },
        "2012-10": {
            "month": "2012-10",
            "price": "14.85",
            "revenue": 53958
        },
        "2012-11": {
            "month": "2012-11",
            "price": "12.46",
            "revenue": 68211
        },
        "2012-12": {
            "month": "2012-12",
            "price": "13.35",
            "revenue": 71050
        },
        "2013-01": {
            "month": "2013-01",
            "price": "13.65",
            "revenue": 65592
        },
        "2013-02": {
            "month": "2013-02",
            "price": "13.19",
            "revenue": 43285
        },
        "2013-03": {
            "month": "2013-03",
            "price": "13.45",
            "revenue": 64064
        },
        "2013-04": {
            "month": "2013-04",
            "price": "13.13",
            "revenue": 59513
        },
        "2013-05": {
            "month": "2013-05",
            "price": "13.98",
            "revenue": 64189
        },
        "2013-06": {
            "month": "2013-06",
            "price": "14.30",
            "revenue": 60891
        },
        "2013-07": {
            "month": "2013-07",
            "price": "13.28",
            "revenue": 60225
        },
        "2013-08": {
            "month": "2013-08",
            "price": "12.60",
            "revenue": 69920
        },
        "2013-09": {
            "month": "2013-09",
            "price": "12.86",
            "revenue": 79159
        },
        "2013-10": {
            "month": "2013-10",
            "price": "13.54",
            "revenue": 53376
        },
        "2013-11": {
            "month": "2013-11",
            "price": "12.75",
            "revenue": 68174
        },
        "2013-12": {
            "month": "2013-12",
            "price": "12.81",
            "revenue": 74116
        },
        "2014-01": {
            "month": "2014-01",
            "price": "16.18",
            "revenue": 58384
        },
        "2014-02": {
            "month": "2014-02",
            "price": "16.32",
            "revenue": 39308
        },
        "2014-03": {
            "month": "2014-03",
            "price": "16.42",
            "revenue": 68706
        },
        "2014-04": {
            "month": "2014-04",
            "price": "18.72",
            "revenue": 59287
        },
        "2014-05": {
            "month": "2014-05",
            "price": "19.86",
            "revenue": 61076
        },
        "2014-06": {
            "month": "2014-06",
            "price": "25.14",
            "revenue": 67465
        },
        "2014-07": {
            "month": "2014-07",
            "price": "31.03",
            "revenue": 65968
        },
        "2014-08": {
            "month": "2014-08",
            "price": "29.34",
            "revenue": 62217
        },
        "2014-09": {
            "month": "2014-09",
            "price": "26.56",
            "revenue": 58433
        },
        "2014-10": {
            "month": "2014-10",
            "price": "19.94",
            "revenue": 47580
        },
        "2014-11": {
            "month": "2014-11",
            "price": "21.62",
            "revenue": 65807
        },
        "2014-12": {
            "month": "2014-12",
            "price": "24.21",
            "revenue": 51677
        },
        "2015-01": {
            "month": "2015-01",
            "price": "24.61",
            "revenue": 34775
        },
        "2015-02": {
            "month": "2015-02",
            "price": "22.63",
            "revenue": 41083
        },
        "2015-03": {
            "month": "2015-03",
            "price": "27.24",
            "revenue": 36806
        },
        "2015-04": {
            "month": "2015-04",
            "price": "25.98",
            "revenue": 27539
        },
        "2015-05": {
            "month": "2015-05",
            "price": "21.65",
            "revenue": 34298
        },
        "2015-06": {
            "month": "2015-06",
            "price": "20.25",
            "revenue": 31183
        },
        "2015-07": {
            "month": "2015-07",
            "price": "18.63",
            "revenue": 30662
        },
        "2015-08": {
            "month": "2015-08",
            "price": "13.66",
            "revenue": 50347
        },
        "2015-09": {
            "month": "2015-09",
            "price": "14.57",
            "revenue": 56055
        },
        "2015-10": {
            "month": "2015-10",
            "price": "16.26",
            "revenue": 39519
        },
        "2015-11": {
            "month": "2015-11",
            "price": "16.36",
            "revenue": 47167
        },
        "2015-12": {
            "month": "2015-12",
            "price": "16.86",
            "revenue": 43622
        },
        "2016-01": {
            "month": "2016-01",
            "price": "15.94",
            "revenue": 35749
        },
        "2016-02": {
            "month": "2016-02",
            "price": "16.65",
            "revenue": 32537
        },
        "2016-03": {
            "month": "2016-03",
            "price": "17.63",
            "revenue": 48934
        },
        "2016-04": {
            "month": "2016-04",
            "price": "17.93",
            "revenue": 23801
        },
        "2016-05": {
            "month": "2016-05",
            "price": "15.90",
            "revenue": 47371
        },
        "2016-06": {
            "month": "2016-06",
            "price": "16.07",
            "revenue": 39604
        },
        "2016-07": {
            "month": "2016-07",
            "price": "16.39",
            "revenue": 39303
        },
        "2016-08": {
            "month": "2016-08",
            "price": "16.74",
            "revenue": 56589
        },
        "2016-09": {
            "month": "2016-09",
            "price": "16.54",
            "revenue": 49032
        },
        "2016-10": {
            "month": "2016-10",
            "price": "15.70",
            "revenue": 40767
        },
        "2016-11": {
            "month": "2016-11",
            "price": "13.78",
            "revenue": 56826
        },
        "2016-12": {
            "month": "2016-12",
            "price": "14.29",
            "revenue": 45764
        },
        "2017-01": {
            "month": "2017-01",
            "price": "14.11",
            "revenue": 33248
        },
        "2017-02": {
            "month": "2017-02",
            "price": "15.31",
            "revenue": 32379
        },
        "2017-03": {
            "month": "2017-03",
            "price": "15.04",
            "revenue": 38748
        },
        "2017-04": {
            "month": "2017-04",
            "price": "13.70",
            "revenue": 33553
        },
        "2017-05": {
            "month": "2017-05",
            "price": "13.21",
            "revenue": 35679
        },
        "2017-06": {
            "month": "2017-06",
            "price": "13.96",
            "revenue": 44807
        },
        "2017-07": {
            "month": "2017-07",
            "price": "13.97",
            "revenue": 41423
        },
        "2017-08": {
            "month": "2017-08",
            "price": "14.22",
            "revenue": 46741
        },
        "2017-09": {
            "month": "2017-09",
            "price": "17.94",
            "revenue": 48202
        },
        "2017-10": {
            "month": "2017-10",
            "price": "20.12",
            "revenue": 42100
        },
        "2017-11": {
            "month": "2017-11",
            "price": "21.84",
            "revenue": 50645
        },
        "2017-12": {
            "month": "2017-12",
            "price": "19.04",
            "revenue": 49404
        },
        "2018-01": {
            "month": "2018-01",
            "price": "18.68",
            "revenue": 26093
        },
        "2018-02": {
            "month": "2018-02",
            "price": "16.57",
            "revenue": 31745
        },
        "2018-03": {
            "month": "2018-03",
            "price": "16.17",
            "revenue": 40022
        },
        "2018-04": {
            "month": "2018-04",
            "price": "14.06",
            "revenue": 38898
        },
        "2018-05": {
            "month": "2018-05",
            "price": "13.87",
            "revenue": 43904
        },
        "2018-06": {
            "month": "2018-06",
            "price": "15.44",
            "revenue": 47478
        },
        "2018-07": {
            "month": "2018-07",
            "price": "14.36",
            "revenue": 48316
        },
        "2018-08": {
            "month": "2018-08",
            "price": "13.81",
            "revenue": 55674
        },
        "2018-09": {
            "month": "2018-09",
            "price": "13.27",
            "revenue": 48380
        },
        "2018-10": {
            "month": "2018-10",
            "price": "11.07",
            "revenue": 45561
        },
        "2018-11": {
            "month": "2018-11",
            "price": "10.53",
            "revenue": 48718
        },
        "2018-12": {
            "month": "2018-12",
            "price": "10.56",
            "revenue": 41604
        },
        "2019-01": {
            "month": "2019-01",
            "price": "9.49",
            "revenue": 44863
        },
        "2019-02": {
            "month": "2019-02",
            "price": "10.67",
            "revenue": 31321
        },
        "2019-03": {
            "month": "2019-03",
            "price": "11.42",
            "revenue": 43558
        },
        "2019-04": {
            "month": "2019-04",
            "price": "10.88",
            "revenue": 43909
        },
        "2019-05": {
            "month": "2019-05",
            "price": "9.69",
            "revenue": 44832
        },
        "2019-06": {
            "month": "2019-06",
            "price": "9.22",
            "revenue": 53803
        },
        "2019-07": {
            "month": "2019-07",
            "price": "10.23",
            "revenue": 47311
        },
        "2019-08": {
            "month": "2019-08",
            "price": "10.18",
            "revenue": 53655
        },
        "2019-09": {
            "month": "2019-09",
            "price": "10.75",
            "revenue": 52629
        },
        "2019-10": {
            "month": "2019-10",
            "price": "11.03",
            "revenue": 43028
        },
        "2019-11": {
            "month": "2019-11",
            "price": "10.21",
            "revenue": 54156
        },
        "2019-12": {
            "month": "2019-12",
            "price": "10.42",
            "revenue": 46869
        },
        "2020-01": {
            "month": "2020-01",
            "price": "10.24",
            "revenue": 35850
        },
        "2020-02": {
            "month": "2020-02",
            "price": "9.58",
            "revenue": 31086
        },
        "2020-03": {
            "month": "2020-03",
            "price": "7.08",
            "revenue": 56253
        },
        "2020-04": {
            "month": "2020-04",
            "price": "7.48",
            "revenue": 66074
        },
        "2020-05": {
            "month": "2020-05",
            "price": "9.19",
            "revenue": 42751
        },
        "2020-06": {
            "month": "2020-06",
            "price": "8.96",
            "revenue": 45831
        },
        "2020-07": {
            "month": "2020-07",
            "price": "10.60",
            "revenue": 61752
        },
        "2020-08": {
            "month": "2020-08",
            "price": "11.93",
            "revenue": 71211
        },
        "2020-09": {
            "month": "2020-09",
            "price": "12.62",
            "revenue": 64306
        },
        "2020-10": {
            "month": "2020-10",
            "price": "12.15",
            "revenue": 58416
        },
        "2020-11": {
            "month": "2020-11",
            "price": "11.92",
            "revenue": 42477
        },
        "2020-12": {
            "month": "2020-12",
            "price": "13.41",
            "revenue": 60507
        },
        "2021-01": {
            "month": "2021-01",
            "price": "16.60",
            "revenue": 59466
        },
        "2021-02": {
            "month": "2021-02",
            "price": "15.98",
            "revenue": 51957
        },
        "2021-03": {
            "month": "2021-03",
            "price": "19.30",
            "revenue": 74985
        },
        "2021-04": {
            "month": "2021-04",
            "price": "22.29",
            "revenue": 75906
        },
        "2021-05": {
            "month": "2021-05",
            "price": "16.19",
            "revenue": 64869
        },
        "2021-06": {
            "month": "2021-06",
            "price": "16.50",
            "revenue": 73537
        },
        "2021-07": {
            "month": "2021-07",
            "price": "21.47",
            "revenue": 79497
        },
        "2021-08": {
            "month": "2021-08",
            "price": "20.71",
            "revenue": 82111
        },
        "2021-09": {
            "month": "2021-09",
            "price": "19.27",
            "revenue": 72470
        },
        "2021-10": {
            "month": "2021-10",
            "price": "18.39",
            "revenue": 67608
        },
        "2021-11": {
            "month": "2021-11",
            "price": "48.49",
            "revenue": 55748
        },
        "2021-12": {
            "month": "2021-12",
            "price": "63.57",
            "revenue": 68647
        },
        "2022-01": {
            "month": "2022-01",
            "price": "51.38",
            "revenue": 70290
        },
        "2022-02": {
            "month": "2022-02",
            "price": "47.54",
            "revenue": 63091
        },
        "2022-03": {
            "month": "2022-03",
            "price": "44.92",
            "revenue": 77224
        },
        "2022-04": {
            "month": "2022-04",
            "price": "45.01",
            "revenue": 39378
        },
        "2022-05": {
            "month": "2022-05",
            "price": "40.42",
            "revenue": 78957
        },
        "2022-06": {
            "month": "2022-06",
            "price": "40.72",
            "revenue": 55839
        },
        "2022-07": {
            "month": "2022-07",
            "price": "32.00",
            "revenue": 51196
        },
        "2022-08": {
            "month": "2022-08",
            "price": "31.75",
            "revenue": 45079
        },
        "2022-09": {
            "month": "2022-09",
            "price": "28.31",
            "revenue": 62176
        },
        "2022-10": {
            "month": "2022-10",
            "price": "24.84",
            "revenue": 46952
        },
        "2022-11": {
            "month": "2022-11",
            "price": "27.56",
            "revenue": 63067
        },
        "2022-12": {
            "month": "2022-12",
            "price": "28.65",
            "revenue": 60637
        },
        "2023-01": {
            "month": "2023-01",
            "price": "28.49",
            "revenue": 64344
        },
        "2023-02": {
            "month": "2023-02",
            "price": "30.69",
            "revenue": 66004
        },
        "2023-03": {
            "month": "2023-03",
            "price": "35.25",
            "revenue": 70387
        },
        "2023-04": {
            "month": "2023-04",
            "price": "37.13",
            "revenue": 82838
        }
    }
}
