{
    "summary": {
        "stock_name": "茂迪",
        "stock_id": "6244",
        "category": "光電",
        "main_business": "太陽能電池、太陽能模組、太陽能電力轉換器之製造及銷售。<br>太陽能發電系統之設計架設及銷售、太陽能電力之銷售。",
        "website_url": "http://www.motech.com.tw",
        "ceo": "葉正賢",
        "pe_ratio": 46,
        "report_year_from": 2001,
        "report_year_to": 2023,
        "age": 23,
        "eps_negative_percentage": 36,
        "eps_growth_avg": {
            "last_all": 1.97,
            "last_2y": 16.98,
            "last_4y": 16.98,
            "last_8y": 16.98,
            "last_12y": -29.81,
            "last_16y": -22.8,
            "last_20y": 1.97,
            "at_2006_last_3y": 57.71,
            "at_2007_last_3y": 26.83,
            "at_2008_last_3y": -4.45,
            "at_2009_last_3y": -33.67,
            "at_2010_last_3y": -14.04,
            "at_2011_last_3y": -33.16,
            "at_2012_last_3y": -32.2,
            "at_2013_last_3y": 0,
            "at_2014_last_3y": -100,
            "at_2015_last_3y": -100,
            "at_2016_last_3y": -100,
            "at_2017_last_3y": -100,
            "at_2018_last_3y": null,
            "at_2019_last_3y": null,
            "at_2020_last_3y": null,
            "at_2021_last_3y": -26.83,
            "at_2022_last_3y": 36.59,
            "at_2023_last_3y": 16.98,
            "at_2024_last_3y": 16.98,
            "at_2006_last_all": 57.71,
            "at_2007_last_all": 41.47,
            "at_2008_last_all": 28.55,
            "at_2009_last_all": 10.67,
            "at_2010_last_all": 21.84,
            "at_2011_last_all": 8.3,
            "at_2012_last_all": 8.3,
            "at_2013_last_all": 8.3,
            "at_2014_last_all": -2.53,
            "at_2015_last_all": -2.53,
            "at_2016_last_all": -2.53,
            "at_2017_last_all": -2.53,
            "at_2018_last_all": -2.53,
            "at_2019_last_all": -2.53,
            "at_2020_last_all": -2.53,
            "at_2021_last_all": -4.74,
            "at_2022_last_all": 3.99,
            "at_2023_last_all": 1.97,
            "at_2024_last_all": 1.97
        },
        "latest_eps": 0.56,
        "latest_price": 26,
        "latest_roe": 5.16,
        "latest_gross_margin": 17.55,
        "latest_equity": 4354640,
        "latest_revenue": 930102,
        "latest_gross_profit": 163261,
        "latest_net_income": -35934,
        "latest_debt_ratio": 49.31,
        "latest_current_ratio": 235.04,
        "latest_account_receivable_turnover_ratio": 2.18,
        "latest_inventory_turnover_ratio": 1.15,
        "latest_reinvestment_rate": 85.05,
        "latest_research_to_sale_ratio": 1.84
    },
    "eps_dividends": {
        "2001": {
            "cash": 0,
            "stock": 0,
            "eps": 0
        },
        "2002": {
            "cash": 0,
            "stock": 2.24,
            "eps": 1.58
        },
        "2003": {
            "cash": 0.3,
            "stock": 2,
            "eps": 6.99
        },
        "2004": {
            "cash": 2,
            "stock": 3.25,
            "eps": 13.22
        },
        "2005": {
            "cash": 2.68,
            "stock": 5.93,
            "eps": 15.9
        },
        "2006": {
            "cash": 4.36,
            "stock": 6.53,
            "eps": 19.31
        },
        "2007": {
            "cash": 8.51,
            "stock": 2.13,
            "eps": 14.77
        },
        "2008": {
            "cash": 7,
            "stock": 2,
            "eps": 9.45
        },
        "2009": {
            "cash": 3,
            "stock": 2,
            "eps": 0.32
        },
        "2010": {
            "cash": 0.9,
            "stock": 0.1,
            "eps": 12.04
        },
        "2011": {
            "cash": 5.5,
            "stock": 1.5,
            "eps": -5.38
        },
        "2012": {
            "cash": 0,
            "stock": 0,
            "eps": -11.51
        },
        "2013": {
            "cash": 0,
            "stock": 0,
            "eps": 0.58
        },
        "2014": {
            "cash": 0.5,
            "stock": 0,
            "eps": -2.41
        },
        "2015": {
            "cash": 0,
            "stock": 0,
            "eps": -1.5
        },
        "2016": {
            "cash": 0,
            "stock": 0,
            "eps": -1.85
        },
        "2017": {
            "cash": 0,
            "stock": 0,
            "eps": -5.88
        },
        "2018": {
            "cash": 0,
            "stock": 0,
            "eps": -12.6
        },
        "2019": {
            "cash": 0,
            "stock": 0,
            "eps": -2.44
        },
        "2020": {
            "cash": 0,
            "stock": 0,
            "eps": 0.41
        },
        "2021": {
            "cash": 0.2,
            "stock": 0,
            "eps": 0.3
        },
        "2022": {
            "cash": 0.2,
            "stock": 0,
            "eps": 0.72
        },
        "2023": {
            "cash": 0.45,
            "stock": 0,
            "eps": 0.56
        },
        "2024": {
            "cash": 0.32,
            "stock": 0,
            "eps": 0
        }
    },
    "dividends": {
        "2002-04-08": {
            "cash": 0,
            "stock": 2.24
        },
        "2003-06-23": {
            "cash": 0.3,
            "stock": 2
        },
        "2004-03-18": {
            "cash": 2,
            "stock": 3.25
        },
        "2005-03-17": {
            "cash": 2.68,
            "stock": 5.93
        },
        "2006-03-16": {
            "cash": 4.36,
            "stock": 6.53
        },
        "2007-03-22": {
            "cash": 8.51,
            "stock": 2.13
        },
        "2008-03-21": {
            "cash": 7,
            "stock": 2
        },
        "2009-03-30": {
            "cash": 3,
            "stock": 2
        },
        "2010-03-08": {
            "cash": 0.9,
            "stock": 0.1
        },
        "2011-03-14": {
            "cash": 5.5,
            "stock": 1.5
        },
        "2014-08-08": {
            "cash": 0.5,
            "stock": 0
        },
        "2021-09-10": {
            "cash": 0.2,
            "stock": 0
        },
        "2022-08-24": {
            "cash": 0.2,
            "stock": 0
        },
        "2023-08-11": {
            "cash": 0.45,
            "stock": 0
        },
        "2024-03-07": {
            "cash": 0.32,
            "stock": 0
        }
    },
    "prices": {
        "200101": "無",
        "200102": "無",
        "200103": "無",
        "200104": "無",
        "200105": "無",
        "200106": "無",
        "200107": "無",
        "200108": "無",
        "200109": "無",
        "200110": "無",
        "200111": "無",
        "200112": "無",
        "200201": "無",
        "200202": "無",
        "200203": "無",
        "200204": "無",
        "200205": "無",
        "200206": "無",
        "200207": "無",
        "200208": "無",
        "200209": "無",
        "200210": "無",
        "200211": "無",
        "200212": "無",
        "200301": "無",
        "200302": "無",
        "200303": "無",
        "200304": "無",
        "200305": "43.27",
        "200306": "55.20",
        "200307": "72.24",
        "200308": "80.19",
        "200309": "74.50",
        "200310": "77.64",
        "200311": "85.85",
        "200312": "88.70",
        "200401": "82.83",
        "200402": "83.00",
        "200403": "81.09",
        "200404": "85.61",
        "200405": "79.40",
        "200406": "83.74",
        "200407": "87.23",
        "200408": "80.60",
        "200409": "112.38",
        "200410": "139.05",
        "200411": "168.09",
        "200412": "173.61",
        "200501": "218.71",
        "200502": "314.77",
        "200503": "368.98",
        "200504": "371.38",
        "200505": "419.10",
        "200506": "436.82",
        "200507": "482.02",
        "200508": "484.95",
        "200509": "393.67",
        "200510": "433.35",
        "200511": "413.43",
        "200512": "445.57",
        "200601": "551.69",
        "200602": "664.65",
        "200603": "798.74",
        "200604": "830.74",
        "200605": "841.14",
        "200606": "729.23",
        "200607": "707.52",
        "200608": "785.00",
        "200609": "492.17",
        "200610": "429.82",
        "200611": "487.02",
        "200612": "406.10",
        "200701": "422.18",
        "200702": "495.42",
        "200703": "453.54",
        "200704": "418.28",
        "200705": "409.80",
        "200706": "428.30",
        "200707": "432.75",
        "200708": "310.09",
        "200709": "311.67",
        "200710": "354.41",
        "200711": "294.73",
        "200712": "270.52",
        "200801": "244.05",
        "200802": "191.21",
        "200803": "207.29",
        "200804": "229.12",
        "200805": "270.02",
        "200806": "244.17",
        "200807": "227.48",
        "200808": "166.02",
        "200809": "157.76",
        "200810": "125.17",
        "200811": "72.72",
        "200812": "64.97",
        "200901": "75.66",
        "200902": "79.46",
        "200903": "79.65",
        "200904": "97.69",
        "200905": "103.16",
        "200906": "118.33",
        "200907": "127.35",
        "200908": "102.46",
        "200909": "89.72",
        "200910": "92.73",
        "200911": "105.57",
        "200912": "134.78",
        "201001": "133.82",
        "201002": "121.68",
        "201003": "122.89",
        "201004": "125.67",
        "201005": "96.25",
        "201006": "96.59",
        "201007": "115.50",
        "201008": "126.45",
        "201009": "125.86",
        "201010": "112.38",
        "201011": "118.07",
        "201012": "110.54",
        "201101": "114.70",
        "201102": "122.43",
        "201103": "126.63",
        "201104": "119.39",
        "201105": "101.51",
        "201106": "102.00",
        "201107": "97.03",
        "201108": "68.91",
        "201109": "53.97",
        "201110": "55.92",
        "201111": "51.07",
        "201112": "50.38",
        "201201": "58.03",
        "201202": "63.68",
        "201203": "57.71",
        "201204": "46.56",
        "201205": "45.71",
        "201206": "41.35",
        "201207": "36.16",
        "201208": "28.83",
        "201209": "31.17",
        "201210": "27.87",
        "201211": "23.87",
        "201212": "25.97",
        "201301": "33.43",
        "201302": "31.23",
        "201303": "31.23",
        "201304": "30.10",
        "201305": "39.39",
        "201306": "39.39",
        "201307": "39.91",
        "201308": "38.76",
        "201309": "45.48",
        "201310": "53.85",
        "201311": "56.83",
        "201312": "55.24",
        "201401": "59.12",
        "201402": "51.77",
        "201403": "54.13",
        "201404": "51.98",
        "201405": "49.18",
        "201406": "49.58",
        "201407": "45.06",
        "201408": "38.50",
        "201409": "40.15",
        "201410": "38.05",
        "201411": "34.96",
        "201412": "38.71",
        "201501": "42.82",
        "201502": "41.09",
        "201503": "42.86",
        "201504": "42.08",
        "201505": "34.96",
        "201506": "35.00",
        "201507": "42.15",
        "201508": "31.87",
        "201509": "32.54",
        "201510": "42.25",
        "201511": "43.48",
        "201512": "44.93",
        "201601": "39.66",
        "201602": "40.82",
        "201603": "37.54",
        "201604": "33.61",
        "201605": "32.33",
        "201606": "32.32",
        "201607": "33.26",
        "201608": "31.60",
        "201609": "30.92",
        "201610": "32.15",
        "201611": "27.65",
        "201612": "27.61",
        "201701": "28.88",
        "201702": "29.71",
        "201703": "29.37",
        "201704": "26.68",
        "201705": "25.57",
        "201706": "26.08",
        "201707": "24.38",
        "201708": "22.19",
        "201709": "23.59",
        "201710": "24.16",
        "201711": "22.96",
        "201712": "21.94",
        "201801": "22.83",
        "201802": "21.20",
        "201803": "22.70",
        "201804": "22.16",
        "201805": "19.95",
        "201806": "17.70",
        "201807": "13.59",
        "201808": "11.17",
        "201809": "10.11",
        "201810": "7.63",
        "201811": "7.94",
        "201812": "8.02",
        "201901": "8.70",
        "201902": "9.11",
        "201903": "8.87",
        "201904": "8.84",
        "201905": "8.23",
        "201906": "8.39",
        "201907": "9.14",
        "201908": "10.74",
        "201909": "9.65",
        "201910": "9.34",
        "201911": "8.93",
        "201912": "8.14",
        "202001": "8.03",
        "202002": "7.29",
        "202003": "5.41",
        "202004": "5.28",
        "202005": "6.66",
        "202006": "7.35",
        "202007": "8.71",
        "202008": "15.51",
        "202009": "27.34",
        "202010": "39.31",
        "202011": "34.76",
        "202012": "34.10",
        "202101": "31.88",
        "202102": "29.82",
        "202103": "36.21",
        "202104": "38.31",
        "202105": "31.26",
        "202106": "31.58",
        "202107": "33.30",
        "202108": "30.25",
        "202109": "29.02",
        "202110": "30.15",
        "202111": "33.72",
        "202112": "35.97",
        "202201": "33.08",
        "202202": "31.41",
        "202203": "33.27",
        "202204": "33.11",
        "202205": "28.95",
        "202206": "29.27",
        "202207": "28.63",
        "202208": "28.56",
        "202209": "27.58",
        "202210": "24.83",
        "202211": "25.19",
        "202212": "28.12",
        "202301": "28.38",
        "202302": "28.93",
        "202303": "32.65",
        "202304": "37.80",
        "202305": "35.62",
        "202306": "33.60",
        "202307": "32.12",
        "202308": "28.70",
        "202309": "27.35",
        "202310": "28.36",
        "202311": "28.10",
        "202312": "28.22"
    },
    "quarters": {
        "20011": {
            "year_quarter": 20011,
            "year": 2001,
            "quarter": 1,
            "eps": null,
            "eps_growth_year": null,
            "eps_4q": null,
            "eps_4q_growth_year": null,
            "roe": null,
            "roe_4q": 0,
            "gross_profit": null,
            "gross_margin": null,
            "gross_margin_4q_avg": 0,
            "net_income": null,
            "net_income_4q": null,
            "revenue": null,
            "revenue_4q": null,
            "common_shares": null,
            "book_valuer_per_share": null,
            "book_valuer_per_share_4q_avg": 0,
            "equity": null,
            "current_ratio": null,
            "debt_ratio": null,
            "inventory_turnover_ratio": null,
            "account_receivable_turnover_ratio": null,
            "reinvestment_rate": null,
            "research_to_sale_ratio": null,
            "price_fair": 0,
            "eps_avg_yearly": 0,
            "eps_latest_yearly": 0,
            "eps_growth_yearly": 0
        },
        "20012": {
            "year_quarter": 20012,
            "year": 2001,
            "quarter": 2,
            "eps": null,
            "eps_growth_year": null,
            "eps_4q": null,
            "eps_4q_growth_year": null,
            "roe": null,
            "roe_4q": 0,
            "gross_profit": null,
            "gross_margin": null,
            "gross_margin_4q_avg": 0,
            "net_income": null,
            "net_income_4q": null,
            "revenue": null,
            "revenue_4q": null,
            "common_shares": null,
            "book_valuer_per_share": null,
            "book_valuer_per_share_4q_avg": 0,
            "equity": null,
            "current_ratio": null,
            "debt_ratio": null,
            "inventory_turnover_ratio": null,
            "account_receivable_turnover_ratio": null,
            "reinvestment_rate": null,
            "research_to_sale_ratio": null,
            "price_fair": 0,
            "eps_avg_yearly": 0,
            "eps_latest_yearly": 0,
            "eps_growth_yearly": 0
        },
        "20013": {
            "year_quarter": 20013,
            "year": 2001,
            "quarter": 3,
            "eps": null,
            "eps_growth_year": null,
            "eps_4q": null,
            "eps_4q_growth_year": null,
            "roe": null,
            "roe_4q": 0,
            "gross_profit": null,
            "gross_margin": null,
            "gross_margin_4q_avg": 0,
            "net_income": null,
            "net_income_4q": null,
            "revenue": null,
            "revenue_4q": null,
            "common_shares": null,
            "book_valuer_per_share": null,
            "book_valuer_per_share_4q_avg": 0,
            "equity": null,
            "current_ratio": null,
            "debt_ratio": null,
            "inventory_turnover_ratio": null,
            "account_receivable_turnover_ratio": null,
            "reinvestment_rate": null,
            "research_to_sale_ratio": null,
            "price_fair": 0,
            "eps_avg_yearly": 0,
            "eps_latest_yearly": 0,
            "eps_growth_yearly": 0
        },
        "20014": {
            "year_quarter": 20014,
            "year": 2001,
            "quarter": 4,
            "eps": null,
            "eps_growth_year": null,
            "eps_4q": null,
            "eps_4q_growth_year": null,
            "roe": null,
            "roe_4q": 0,
            "gross_profit": null,
            "gross_margin": null,
            "gross_margin_4q_avg": 0,
            "net_income": null,
            "net_income_4q": null,
            "revenue": null,
            "revenue_4q": null,
            "common_shares": 189191,
            "book_valuer_per_share": 12.78,
            "book_valuer_per_share_4q_avg": 3.2,
            "equity": 241715,
            "current_ratio": 371.34,
            "debt_ratio": 43.49,
            "inventory_turnover_ratio": null,
            "account_receivable_turnover_ratio": null,
            "reinvestment_rate": null,
            "research_to_sale_ratio": null,
            "price_fair": 0,
            "eps_avg_yearly": 0,
            "eps_latest_yearly": 0,
            "eps_growth_yearly": 0
        },
        "20021": {
            "year_quarter": 20021,
            "year": 2002,
            "quarter": 1,
            "eps": null,
            "eps_growth_year": null,
            "eps_4q": null,
            "eps_4q_growth_year": null,
            "roe": null,
            "roe_4q": 0,
            "gross_profit": null,
            "gross_margin": null,
            "gross_margin_4q_avg": 0,
            "net_income": null,
            "net_income_4q": null,
            "revenue": null,
            "revenue_4q": null,
            "common_shares": null,
            "book_valuer_per_share": null,
            "book_valuer_per_share_4q_avg": 3.2,
            "equity": null,
            "current_ratio": null,
            "debt_ratio": null,
            "inventory_turnover_ratio": null,
            "account_receivable_turnover_ratio": null,
            "reinvestment_rate": null,
            "research_to_sale_ratio": null,
            "price_fair": 0,
            "eps_avg_yearly": 0,
            "eps_latest_yearly": 0,
            "eps_growth_yearly": 0
        },
        "20022": {
            "year_quarter": 20022,
            "year": 2002,
            "quarter": 2,
            "eps": null,
            "eps_growth_year": null,
            "eps_4q": null,
            "eps_4q_growth_year": null,
            "roe": null,
            "roe_4q": 0,
            "gross_profit": null,
            "gross_margin": null,
            "gross_margin_4q_avg": 0,
            "net_income": null,
            "net_income_4q": null,
            "revenue": null,
            "revenue_4q": null,
            "common_shares": null,
            "book_valuer_per_share": null,
            "book_valuer_per_share_4q_avg": 3.2,
            "equity": null,
            "current_ratio": null,
            "debt_ratio": null,
            "inventory_turnover_ratio": null,
            "account_receivable_turnover_ratio": null,
            "reinvestment_rate": null,
            "research_to_sale_ratio": null,
            "price_fair": 0,
            "eps_avg_yearly": 0,
            "eps_latest_yearly": 0,
            "eps_growth_yearly": 0
        },
        "20023": {
            "year_quarter": 20023,
            "year": 2002,
            "quarter": 3,
            "eps": 0.71,
            "eps_growth_year": null,
            "eps_4q": null,
            "eps_4q_growth_year": null,
            "roe": 5.23,
            "roe_4q": 5.23,
            "gross_profit": 46074,
            "gross_margin": 33.69,
            "gross_margin_4q_avg": 8.42,
            "net_income": 19055,
            "net_income_4q": null,
            "revenue": 136745,
            "revenue_4q": null,
            "common_shares": 267851,
            "book_valuer_per_share": 13.61,
            "book_valuer_per_share_4q_avg": 6.6,
            "equity": 364605,
            "current_ratio": 439.69,
            "debt_ratio": 34.85,
            "inventory_turnover_ratio": 1.21,
            "account_receivable_turnover_ratio": null,
            "reinvestment_rate": null,
            "research_to_sale_ratio": null,
            "price_fair": 0,
            "eps_avg_yearly": 0,
            "eps_latest_yearly": 0,
            "eps_growth_yearly": 0
        },
        "20024": {
            "year_quarter": 20024,
            "year": 2002,
            "quarter": 4,
            "eps": 0.87,
            "eps_growth_year": null,
            "eps_4q": null,
            "eps_4q_growth_year": null,
            "roe": 5.57,
            "roe_4q": 10.8,
            "gross_profit": 40982,
            "gross_margin": 29.44,
            "gross_margin_4q_avg": 15.78,
            "net_income": 20899,
            "net_income_4q": null,
            "revenue": 139207,
            "revenue_4q": null,
            "common_shares": 267851,
            "book_valuer_per_share": 14.39,
            "book_valuer_per_share_4q_avg": 7,
            "equity": 385505,
            "current_ratio": 270.71,
            "debt_ratio": 39.19,
            "inventory_turnover_ratio": 1.05,
            "account_receivable_turnover_ratio": null,
            "reinvestment_rate": null,
            "research_to_sale_ratio": null,
            "price_fair": 121.8,
            "eps_avg_yearly": 3.48,
            "eps_latest_yearly": 3.48,
            "eps_growth_yearly": 90.14
        },
        "20031": {
            "year_quarter": 20031,
            "year": 2003,
            "quarter": 1,
            "eps": 1.1,
            "eps_growth_year": null,
            "eps_4q": null,
            "eps_4q_growth_year": null,
            "roe": 7.34,
            "roe_4q": 18.14,
            "gross_profit": 46283,
            "gross_margin": 23.75,
            "gross_margin_4q_avg": 21.72,
            "net_income": 29355,
            "net_income_4q": null,
            "revenue": 194888,
            "revenue_4q": null,
            "common_shares": 267851,
            "book_valuer_per_share": 15.49,
            "book_valuer_per_share_4q_avg": 10.87,
            "equity": 414859,
            "current_ratio": 260.93,
            "debt_ratio": 38.88,
            "inventory_turnover_ratio": 1.07,
            "account_receivable_turnover_ratio": null,
            "reinvestment_rate": null,
            "research_to_sale_ratio": null,
            "price_fair": 137.9,
            "eps_avg_yearly": 3.94,
            "eps_latest_yearly": 4.4,
            "eps_growth_yearly": 97.94
        },
        "20032": {
            "year_quarter": 20032,
            "year": 2003,
            "quarter": 2,
            "eps": 1.81,
            "eps_growth_year": null,
            "eps_4q": 3.95,
            "eps_4q_growth_year": null,
            "roe": 13.45,
            "roe_4q": 31.59,
            "gross_profit": 83236,
            "gross_margin": 33.24,
            "gross_margin_4q_avg": 30.03,
            "net_income": 58514,
            "net_income_4q": null,
            "revenue": 250384,
            "revenue_4q": null,
            "common_shares": 267851,
            "book_valuer_per_share": 17.01,
            "book_valuer_per_share_4q_avg": 15.13,
            "equity": 455553,
            "current_ratio": 343.86,
            "debt_ratio": 32.67,
            "inventory_turnover_ratio": 1.15,
            "account_receivable_turnover_ratio": null,
            "reinvestment_rate": null,
            "research_to_sale_ratio": null,
            "price_fair": 176.4,
            "eps_avg_yearly": 5.04,
            "eps_latest_yearly": 7.24,
            "eps_growth_yearly": 151.36
        },
        "20033": {
            "year_quarter": 20033,
            "year": 2003,
            "quarter": 3,
            "eps": 1.97,
            "eps_growth_year": 177.46,
            "eps_4q": 5.33,
            "eps_4q_growth_year": null,
            "roe": 13.08,
            "roe_4q": 39.440000000000005,
            "gross_profit": 93191,
            "gross_margin": 30.38,
            "gross_margin_4q_avg": 29.2,
            "net_income": 63778,
            "net_income_4q": null,
            "revenue": 306724,
            "revenue_4q": null,
            "common_shares": 322927,
            "book_valuer_per_share": 16.08,
            "book_valuer_per_share_4q_avg": 15.74,
            "equity": 519331,
            "current_ratio": 355.11,
            "debt_ratio": 30.92,
            "inventory_turnover_ratio": 1.38,
            "account_receivable_turnover_ratio": null,
            "reinvestment_rate": null,
            "research_to_sale_ratio": null,
            "price_fair": 201.25,
            "eps_avg_yearly": 5.75,
            "eps_latest_yearly": 7.88,
            "eps_growth_yearly": 122.36
        },
        "20034": {
            "year_quarter": 20034,
            "year": 2003,
            "quarter": 4,
            "eps": 2.11,
            "eps_growth_year": 142.53,
            "eps_4q": 6.82,
            "eps_4q_growth_year": null,
            "roe": 12.29,
            "roe_4q": 46.16,
            "gross_profit": 92703,
            "gross_margin": 24.19,
            "gross_margin_4q_avg": 27.89,
            "net_income": 67994,
            "net_income_4q": null,
            "revenue": 383190,
            "revenue_4q": null,
            "common_shares": 322927,
            "book_valuer_per_share": 18.19,
            "book_valuer_per_share_4q_avg": 16.69,
            "equity": 587325,
            "current_ratio": 702.28,
            "debt_ratio": 58.01,
            "inventory_turnover_ratio": 1.49,
            "account_receivable_turnover_ratio": null,
            "reinvestment_rate": null,
            "research_to_sale_ratio": null,
            "price_fair": 220.08,
            "eps_avg_yearly": 6.29,
            "eps_latest_yearly": 8.44,
            "eps_growth_yearly": 103.57
        },
        "20041": {
            "year_quarter": 20041,
            "year": 2004,
            "quarter": 1,
            "eps": 1.93,
            "eps_growth_year": 75.45,
            "eps_4q": 7.82,
            "eps_4q_growth_year": null,
            "roe": 10.08,
            "roe_4q": 48.89999999999999,
            "gross_profit": 96344,
            "gross_margin": 24.77,
            "gross_margin_4q_avg": 28.15,
            "net_income": 62335,
            "net_income_4q": null,
            "revenue": 388959,
            "revenue_4q": null,
            "common_shares": 322927,
            "book_valuer_per_share": 20.12,
            "book_valuer_per_share_4q_avg": 17.85,
            "equity": 649660,
            "current_ratio": 675.15,
            "debt_ratio": 55.09,
            "inventory_turnover_ratio": 1.61,
            "account_receivable_turnover_ratio": null,
            "reinvestment_rate": null,
            "research_to_sale_ratio": null,
            "price_fair": 228.43,
            "eps_avg_yearly": 6.53,
            "eps_latest_yearly": 7.72,
            "eps_growth_yearly": 80.62
        },
        "20042": {
            "year_quarter": 20042,
            "year": 2004,
            "quarter": 2,
            "eps": 2.22,
            "eps_growth_year": 22.65,
            "eps_4q": 6.71,
            "eps_4q_growth_year": 69.59,
            "roe": 14.7,
            "roe_4q": 50.15,
            "gross_profit": 139076,
            "gross_margin": 27.98,
            "gross_margin_4q_avg": 26.83,
            "net_income": 96074,
            "net_income_4q": null,
            "revenue": 497110,
            "revenue_4q": null,
            "common_shares": 322927,
            "book_valuer_per_share": 20.35,
            "book_valuer_per_share_4q_avg": 18.69,
            "equity": 657081,
            "current_ratio": 310.27,
            "debt_ratio": 60.17,
            "inventory_turnover_ratio": 1.85,
            "account_receivable_turnover_ratio": null,
            "reinvestment_rate": null,
            "research_to_sale_ratio": null,
            "price_fair": 240.2,
            "eps_avg_yearly": 6.86,
            "eps_latest_yearly": 8.88,
            "eps_growth_yearly": 77.69
        },
        "20043": {
            "year_quarter": 20043,
            "year": 2004,
            "quarter": 3,
            "eps": 3.93,
            "eps_growth_year": 99.49,
            "eps_4q": 9.11,
            "eps_4q_growth_year": 70.95,
            "roe": 20.57,
            "roe_4q": 57.63999999999999,
            "gross_profit": 207370,
            "gross_margin": 29.74,
            "gross_margin_4q_avg": 26.67,
            "net_income": 171734,
            "net_income_4q": null,
            "revenue": 697261,
            "revenue_4q": null,
            "common_shares": 435054,
            "book_valuer_per_share": 23.27,
            "book_valuer_per_share_4q_avg": 20.48,
            "equity": 1012463,
            "current_ratio": 333.59,
            "debt_ratio": 43.5,
            "inventory_turnover_ratio": 2.06,
            "account_receivable_turnover_ratio": null,
            "reinvestment_rate": null,
            "research_to_sale_ratio": null,
            "price_fair": 278.95,
            "eps_avg_yearly": 7.97,
            "eps_latest_yearly": 15.72,
            "eps_growth_yearly": 106.49
        },
        "20044": {
            "year_quarter": 20044,
            "year": 2004,
            "quarter": 4,
            "eps": 5.14,
            "eps_growth_year": 143.6,
            "eps_4q": 12.53,
            "eps_4q_growth_year": 83.9,
            "roe": 19.51,
            "roe_4q": 64.86,
            "gross_profit": 247360,
            "gross_margin": 28.53,
            "gross_margin_4q_avg": 27.76,
            "net_income": 229477,
            "net_income_4q": null,
            "revenue": 867044,
            "revenue_4q": null,
            "common_shares": 463857,
            "book_valuer_per_share": 28.9,
            "book_valuer_per_share_4q_avg": 23.16,
            "equity": 1340396,
            "current_ratio": 183.06,
            "debt_ratio": 36.06,
            "inventory_turnover_ratio": 2.52,
            "account_receivable_turnover_ratio": null,
            "reinvestment_rate": null,
            "research_to_sale_ratio": null,
            "price_fair": 327.91,
            "eps_avg_yearly": 9.37,
            "eps_latest_yearly": 20.56,
            "eps_growth_yearly": 108.34
        },
        "20051": {
            "year_quarter": 20051,
            "year": 2005,
            "quarter": 1,
            "eps": 4.09,
            "eps_growth_year": 111.92,
            "eps_4q": 14.19,
            "eps_4q_growth_year": 81.37,
            "roe": 13.61,
            "roe_4q": 68.39,
            "gross_profit": 240315,
            "gross_margin": 30.06,
            "gross_margin_4q_avg": 29.08,
            "net_income": 201450,
            "net_income_4q": null,
            "revenue": 799546,
            "revenue_4q": null,
            "common_shares": 498097,
            "book_valuer_per_share": 32.51,
            "book_valuer_per_share_4q_avg": 26.26,
            "equity": 1619334,
            "current_ratio": 262.48,
            "debt_ratio": 25.25,
            "inventory_turnover_ratio": 1.92,
            "account_receivable_turnover_ratio": null,
            "reinvestment_rate": null,
            "research_to_sale_ratio": null,
            "price_fair": 352.38,
            "eps_avg_yearly": 10.07,
            "eps_latest_yearly": 16.36,
            "eps_growth_yearly": 89.34
        },
        "20052": {
            "year_quarter": 20052,
            "year": 2005,
            "quarter": 2,
            "eps": 3.41,
            "eps_growth_year": 53.6,
            "eps_4q": 10.89,
            "eps_4q_growth_year": 62.43,
            "roe": 16.44,
            "roe_4q": 70.13,
            "gross_profit": 334299,
            "gross_margin": 32.75,
            "gross_margin_4q_avg": 30.27,
            "net_income": 274699,
            "net_income_4q": null,
            "revenue": 1020899,
            "revenue_4q": null,
            "common_shares": 502746,
            "book_valuer_per_share": 34.25,
            "book_valuer_per_share_4q_avg": 29.73,
            "equity": 1721784,
            "current_ratio": 234.93,
            "debt_ratio": 28.7,
            "inventory_turnover_ratio": 1.77,
            "account_receivable_turnover_ratio": null,
            "reinvestment_rate": null,
            "research_to_sale_ratio": null,
            "price_fair": 363.75,
            "eps_avg_yearly": 10.39,
            "eps_latest_yearly": 13.64,
            "eps_growth_yearly": 75.17
        },
        "20053": {
            "year_quarter": 20053,
            "year": 2005,
            "quarter": 3,
            "eps": 4.99,
            "eps_growth_year": 26.97,
            "eps_4q": 13.7,
            "eps_4q_growth_year": 50.34,
            "roe": 20.55,
            "roe_4q": 70.11,
            "gross_profit": 423053,
            "gross_margin": 30.3,
            "gross_margin_4q_avg": 30.41,
            "net_income": 404357,
            "net_income_4q": null,
            "revenue": 1396271,
            "revenue_4q": null,
            "common_shares": 834997,
            "book_valuer_per_share": 26.5,
            "book_valuer_per_share_4q_avg": 30.54,
            "equity": 2212718,
            "current_ratio": 334.76,
            "debt_ratio": 19.93,
            "inventory_turnover_ratio": 1.95,
            "account_receivable_turnover_ratio": null,
            "reinvestment_rate": null,
            "research_to_sale_ratio": null,
            "price_fair": 391.65,
            "eps_avg_yearly": 11.19,
            "eps_latest_yearly": 19.96,
            "eps_growth_yearly": 84.35
        },
        "20054": {
            "year_quarter": 20054,
            "year": 2005,
            "quarter": 4,
            "eps": 3.41,
            "eps_growth_year": -33.66,
            "eps_4q": 14.17,
            "eps_4q_growth_year": 13.08,
            "roe": 11.82,
            "roe_4q": 62.42,
            "gross_profit": 445824,
            "gross_margin": 40.99,
            "gross_margin_4q_avg": 33.53,
            "net_income": 278921,
            "net_income_4q": null,
            "revenue": 1087519,
            "revenue_4q": null,
            "common_shares": 838908,
            "book_valuer_per_share": 29.86,
            "book_valuer_per_share_4q_avg": 30.78,
            "equity": 2504907,
            "current_ratio": 327.68,
            "debt_ratio": 22.58,
            "inventory_turnover_ratio": 0.73,
            "account_receivable_turnover_ratio": null,
            "reinvestment_rate": null,
            "research_to_sale_ratio": null,
            "price_fair": 398.25,
            "eps_avg_yearly": 11.38,
            "eps_latest_yearly": 13.64,
            "eps_growth_yearly": 68.12
        },
        "20061": {
            "year_quarter": 20061,
            "year": 2006,
            "quarter": 1,
            "eps": 0.6,
            "eps_growth_year": -85.33,
            "eps_4q": 12.07,
            "eps_4q_growth_year": -14.95,
            "roe": 1.98,
            "roe_4q": 50.790000000000006,
            "gross_profit": 110639,
            "gross_margin": 15.58,
            "gross_margin_4q_avg": 29.91,
            "net_income": 50132,
            "net_income_4q": null,
            "revenue": 709985,
            "revenue_4q": null,
            "common_shares": 843784,
            "book_valuer_per_share": 30.35,
            "book_valuer_per_share_4q_avg": 30.24,
            "equity": 2560716,
            "current_ratio": 190.64,
            "debt_ratio": 37.04,
            "inventory_turnover_ratio": 0.44,
            "account_receivable_turnover_ratio": null,
            "reinvestment_rate": null,
            "research_to_sale_ratio": null,
            "price_fair": 375.8,
            "eps_avg_yearly": 10.74,
            "eps_latest_yearly": 2.4,
            "eps_growth_yearly": 39.71
        },
        "20062": {
            "year_quarter": 20062,
            "year": 2006,
            "quarter": 2,
            "eps": 7.54,
            "eps_growth_year": 121.11,
            "eps_4q": 16.25,
            "eps_4q_growth_year": 49.16,
            "roe": 24.07,
            "roe_4q": 58.42,
            "gross_profit": 698739,
            "gross_margin": 33.35,
            "gross_margin_4q_avg": 30.06,
            "net_income": 635243,
            "net_income_4q": null,
            "revenue": 2095043,
            "revenue_4q": null,
            "common_shares": 845084,
            "book_valuer_per_share": 32.15,
            "book_valuer_per_share_4q_avg": 29.72,
            "equity": 2717305,
            "current_ratio": 154.29,
            "debt_ratio": 43.27,
            "inventory_turnover_ratio": 0.88,
            "account_receivable_turnover_ratio": null,
            "reinvestment_rate": 59.1,
            "research_to_sale_ratio": null,
            "price_fair": 421.12,
            "eps_avg_yearly": 12.03,
            "eps_latest_yearly": 30.16,
            "eps_growth_yearly": 345.51
        },
        "20063": {
            "year_quarter": 20063,
            "year": 2006,
            "quarter": 3,
            "eps": 4.97,
            "eps_growth_year": -0.4,
            "eps_4q": 11.83,
            "eps_4q_growth_year": -13.63,
            "roe": 22.74,
            "roe_4q": 60.61,
            "gross_profit": 700205,
            "gross_margin": 31.6,
            "gross_margin_4q_avg": 30.38,
            "net_income": 698506,
            "net_income_4q": null,
            "revenue": 2216016,
            "revenue_4q": null,
            "common_shares": 1410285,
            "book_valuer_per_share": 24.29,
            "book_valuer_per_share_4q_avg": 29.16,
            "equity": 3425893,
            "current_ratio": 168.01,
            "debt_ratio": 50.46,
            "inventory_turnover_ratio": 1,
            "account_receivable_turnover_ratio": null,
            "reinvestment_rate": 58.04,
            "research_to_sale_ratio": null,
            "price_fair": 438.29,
            "eps_avg_yearly": 12.52,
            "eps_latest_yearly": 19.88,
            "eps_growth_yearly": 315.39
        },
        "20064": {
            "year_quarter": 20064,
            "year": 2006,
            "quarter": 4,
            "eps": 6.2,
            "eps_growth_year": 81.82,
            "eps_4q": 16.02,
            "eps_4q_growth_year": 12.99,
            "roe": 19.45,
            "roe_4q": 68.24,
            "gross_profit": 971437,
            "gross_margin": 31.56,
            "gross_margin_4q_avg": 28.02,
            "net_income": 874026,
            "net_income_4q": null,
            "revenue": 3078447,
            "revenue_4q": null,
            "common_shares": 1440403,
            "book_valuer_per_share": 38.6,
            "book_valuer_per_share_4q_avg": 31.35,
            "equity": 5559538,
            "current_ratio": 358.24,
            "debt_ratio": 38.65,
            "inventory_turnover_ratio": 1.57,
            "account_receivable_turnover_ratio": null,
            "reinvestment_rate": 56.21,
            "research_to_sale_ratio": null,
            "price_fair": 484.93,
            "eps_avg_yearly": 13.86,
            "eps_latest_yearly": 24.8,
            "eps_growth_yearly": 315.95
        },
        "20071": {
            "year_quarter": 20071,
            "year": 2007,
            "quarter": 1,
            "eps": 5.32,
            "eps_growth_year": 786.67,
            "eps_4q": 20.64,
            "eps_4q_growth_year": 71.08,
            "roe": 12.89,
            "roe_4q": 79.15,
            "gross_profit": 807999,
            "gross_margin": 24.42,
            "gross_margin_4q_avg": 30.23,
            "net_income": 766576,
            "net_income_4q": null,
            "revenue": 3308265,
            "revenue_4q": null,
            "common_shares": 1440403,
            "book_valuer_per_share": 43.97,
            "book_valuer_per_share_4q_avg": 34.75,
            "equity": 6333173,
            "current_ratio": 413.32,
            "debt_ratio": 38.63,
            "inventory_turnover_ratio": 1.8,
            "account_receivable_turnover_ratio": null,
            "reinvestment_rate": 51.59,
            "research_to_sale_ratio": null,
            "price_fair": 521.85,
            "eps_avg_yearly": 14.91,
            "eps_latest_yearly": 21.28,
            "eps_growth_yearly": 305.79
        },
        "20072": {
            "year_quarter": 20072,
            "year": 2007,
            "quarter": 2,
            "eps": 3.47,
            "eps_growth_year": -53.98,
            "eps_4q": 19.04,
            "eps_4q_growth_year": 17.18,
            "roe": 5.63,
            "roe_4q": 60.709999999999994,
            "gross_profit": 676130,
            "gross_margin": 18.39,
            "gross_margin_4q_avg": 26.49,
            "net_income": 521444,
            "net_income_4q": null,
            "revenue": 3675959,
            "revenue_4q": null,
            "common_shares": 1625892,
            "book_valuer_per_share": 74.96,
            "book_valuer_per_share_4q_avg": 45.46,
            "equity": 12186951,
            "current_ratio": 455.56,
            "debt_ratio": 31.12,
            "inventory_turnover_ratio": 1.79,
            "account_receivable_turnover_ratio": null,
            "reinvestment_rate": 48.49,
            "research_to_sale_ratio": null,
            "price_fair": 536.38,
            "eps_avg_yearly": 15.33,
            "eps_latest_yearly": 13.88,
            "eps_growth_yearly": 280.96
        },
        "20073": {
            "year_quarter": 20073,
            "year": 2007,
            "quarter": 3,
            "eps": 2.84,
            "eps_growth_year": -42.86,
            "eps_4q": 14.14,
            "eps_4q_growth_year": 19.53,
            "roe": 4.35,
            "roe_4q": 42.32,
            "gross_profit": 724757,
            "gross_margin": 17.54,
            "gross_margin_4q_avg": 22.98,
            "net_income": 543319,
            "net_income_4q": null,
            "revenue": 4131631,
            "revenue_4q": null,
            "common_shares": 2031689,
            "book_valuer_per_share": 62.88,
            "book_valuer_per_share_4q_avg": 55.1,
            "equity": 12775956,
            "current_ratio": 977.96,
            "debt_ratio": 23.59,
            "inventory_turnover_ratio": 1.79,
            "account_receivable_turnover_ratio": null,
            "reinvestment_rate": 44.52,
            "research_to_sale_ratio": null,
            "price_fair": 543.99,
            "eps_avg_yearly": 15.54,
            "eps_latest_yearly": 11.36,
            "eps_growth_yearly": 274.21
        },
        "20074": {
            "year_quarter": 20074,
            "year": 2007,
            "quarter": 4,
            "eps": 3.14,
            "eps_growth_year": -49.35,
            "eps_4q": 12.55,
            "eps_4q_growth_year": -21.62,
            "roe": 4.66,
            "roe_4q": 27.53,
            "gross_profit": 777049,
            "gross_margin": 17.42,
            "gross_margin_4q_avg": 19.44,
            "net_income": 610857,
            "net_income_4q": null,
            "revenue": 4461704,
            "revenue_4q": null,
            "common_shares": 2061476,
            "book_valuer_per_share": 65.07,
            "book_valuer_per_share_4q_avg": 61.72,
            "equity": 13444785,
            "current_ratio": 531.5,
            "debt_ratio": 23.9,
            "inventory_turnover_ratio": 1.5,
            "account_receivable_turnover_ratio": null,
            "reinvestment_rate": 42.7,
            "research_to_sale_ratio": null,
            "price_fair": 553,
            "eps_avg_yearly": 15.8,
            "eps_latest_yearly": 12.56,
            "eps_growth_yearly": 275.07
        },
        "20081": {
            "year_quarter": 20081,
            "year": 2008,
            "quarter": 1,
            "eps": 1.3,
            "eps_growth_year": -75.56,
            "eps_4q": 9.46,
            "eps_4q_growth_year": -54.17,
            "roe": 1.97,
            "roe_4q": 16.61,
            "gross_profit": 816964,
            "gross_margin": 16.66,
            "gross_margin_4q_avg": 17.5,
            "net_income": 267208,
            "net_income_4q": null,
            "revenue": 4904231,
            "revenue_4q": null,
            "common_shares": 2062516,
            "book_valuer_per_share": 66.3,
            "book_valuer_per_share_4q_avg": 67.3,
            "equity": 13703703,
            "current_ratio": 400.4,
            "debt_ratio": 23.31,
            "inventory_turnover_ratio": 1.42,
            "account_receivable_turnover_ratio": null,
            "reinvestment_rate": 45.84,
            "research_to_sale_ratio": null,
            "price_fair": 547.49,
            "eps_avg_yearly": 15.64,
            "eps_latest_yearly": 5.2,
            "eps_growth_yearly": 262.56
        },
        "20082": {
            "year_quarter": 20082,
            "year": 2008,
            "quarter": 2,
            "eps": 2.44,
            "eps_growth_year": -29.68,
            "eps_4q": 8.17,
            "eps_4q_growth_year": -57.07,
            "roe": 4.59,
            "roe_4q": 15.569999999999999,
            "gross_profit": 878799,
            "gross_margin": 14.41,
            "gross_margin_4q_avg": 16.51,
            "net_income": 606585,
            "net_income_4q": null,
            "revenue": 6100549,
            "revenue_4q": null,
            "common_shares": 2064832,
            "book_valuer_per_share": 61.39,
            "book_valuer_per_share_4q_avg": 63.91,
            "equity": 12703757,
            "current_ratio": 176.89,
            "debt_ratio": 37.6,
            "inventory_turnover_ratio": 1.5,
            "account_receivable_turnover_ratio": null,
            "reinvestment_rate": 46.82,
            "research_to_sale_ratio": null,
            "price_fair": 549.41,
            "eps_avg_yearly": 15.7,
            "eps_latest_yearly": 9.76,
            "eps_growth_yearly": 280.72
        },
        "20083": {
            "year_quarter": 20083,
            "year": 2008,
            "quarter": 3,
            "eps": 3.67,
            "eps_growth_year": 29.23,
            "eps_4q": 9.67,
            "eps_4q_growth_year": -31.6,
            "roe": 6.92,
            "roe_4q": 18.14,
            "gross_profit": 1051538,
            "gross_margin": 15.8,
            "gross_margin_4q_avg": 16.07,
            "net_income": 912080,
            "net_income_4q": null,
            "revenue": 6655134,
            "revenue_4q": null,
            "common_shares": 2495051,
            "book_valuer_per_share": 54.6,
            "book_valuer_per_share_4q_avg": 61.84,
            "equity": 13647546,
            "current_ratio": 174.95,
            "debt_ratio": 29.94,
            "inventory_turnover_ratio": 1.53,
            "account_receivable_turnover_ratio": null,
            "reinvestment_rate": 51.26,
            "research_to_sale_ratio": null,
            "price_fair": 547.14,
            "eps_avg_yearly": 15.63,
            "eps_latest_yearly": 14.68,
            "eps_growth_yearly": 274.07
        },
        "20084": {
            "year_quarter": 20084,
            "year": 2008,
            "quarter": 4,
            "eps": 2.04,
            "eps_growth_year": -35.03,
            "eps_4q": 9.3,
            "eps_4q_growth_year": -25.94,
            "roe": 3.67,
            "roe_4q": 17.15,
            "gross_profit": 591520,
            "gross_margin": 11.46,
            "gross_margin_4q_avg": 14.58,
            "net_income": 505191,
            "net_income_4q": null,
            "revenue": 5161906,
            "revenue_4q": null,
            "common_shares": 2495401,
            "book_valuer_per_share": 55.49,
            "book_valuer_per_share_4q_avg": 59.45,
            "equity": 13902989,
            "current_ratio": 369.36,
            "debt_ratio": 36.23,
            "inventory_turnover_ratio": 1.43,
            "account_receivable_turnover_ratio": 7.04,
            "reinvestment_rate": 51.8,
            "research_to_sale_ratio": null,
            "price_fair": 520.01,
            "eps_avg_yearly": 14.86,
            "eps_latest_yearly": 8.16,
            "eps_growth_yearly": 255.27
        },
        "20091": {
            "year_quarter": 20091,
            "year": 2009,
            "quarter": 1,
            "eps": 0.2,
            "eps_growth_year": -84.62,
            "eps_4q": 8.7,
            "eps_4q_growth_year": -8.07,
            "roe": 0.34,
            "roe_4q": 15.52,
            "gross_profit": 144767,
            "gross_margin": 3.47,
            "gross_margin_4q_avg": 11.29,
            "net_income": 47935,
            "net_income_4q": null,
            "revenue": 4167311,
            "revenue_4q": null,
            "common_shares": 2497237,
            "book_valuer_per_share": 55.81,
            "book_valuer_per_share_4q_avg": 56.82,
            "equity": 13988441,
            "current_ratio": 348.93,
            "debt_ratio": 36.29,
            "inventory_turnover_ratio": 1.25,
            "account_receivable_turnover_ratio": 2.26,
            "reinvestment_rate": 52.51,
            "research_to_sale_ratio": null,
            "price_fair": 485.98,
            "eps_avg_yearly": 13.89,
            "eps_latest_yearly": 0.8,
            "eps_growth_yearly": 237.83
        },
        "20092": {
            "year_quarter": 20092,
            "year": 2009,
            "quarter": 2,
            "eps": -0.84,
            "eps_growth_year": -134.43,
            "eps_4q": 5.07,
            "eps_4q_growth_year": -37.91,
            "roe": -1.68,
            "roe_4q": 9.25,
            "gross_profit": -24854,
            "gross_margin": -0.76,
            "gross_margin_4q_avg": 7.49,
            "net_income": -234130,
            "net_income_4q": null,
            "revenue": 3258665,
            "revenue_4q": null,
            "common_shares": 2498087,
            "book_valuer_per_share": 51.08,
            "book_valuer_per_share_4q_avg": 54.25,
            "equity": 13954391,
            "current_ratio": 256.23,
            "debt_ratio": 40.26,
            "inventory_turnover_ratio": 1.14,
            "account_receivable_turnover_ratio": 1.46,
            "reinvestment_rate": 101.21,
            "research_to_sale_ratio": null,
            "price_fair": 486.55,
            "eps_avg_yearly": 13.9,
            "eps_latest_yearly": 0.8,
            "eps_growth_yearly": 258.11
        },
        "20093": {
            "year_quarter": 20093,
            "year": 2009,
            "quarter": 3,
            "eps": -0.59,
            "eps_growth_year": -116.08,
            "eps_4q": 0.58,
            "eps_4q_growth_year": -93.99,
            "roe": -1.46,
            "roe_4q": 0.8700000000000001,
            "gross_profit": 80771,
            "gross_margin": 1.81,
            "gross_margin_4q_avg": 4,
            "net_income": -201277,
            "net_income_4q": null,
            "revenue": 4462260,
            "revenue_4q": null,
            "common_shares": 3011173,
            "book_valuer_per_share": 40.91,
            "book_valuer_per_share_4q_avg": 50.82,
            "equity": 13640196,
            "current_ratio": 231.93,
            "debt_ratio": 40.67,
            "inventory_turnover_ratio": 1.71,
            "account_receivable_turnover_ratio": 1.84,
            "reinvestment_rate": 116.52,
            "research_to_sale_ratio": null,
            "price_fair": 471.4,
            "eps_avg_yearly": 13.47,
            "eps_latest_yearly": 0.8,
            "eps_growth_yearly": 263.31
        },
        "20094": {
            "year_quarter": 20094,
            "year": 2009,
            "quarter": 4,
            "eps": 1.55,
            "eps_growth_year": -24.02,
            "eps_4q": 0.44,
            "eps_4q_growth_year": -95.3,
            "roe": 3.03,
            "roe_4q": 0.22999999999999993,
            "gross_profit": 801779,
            "gross_margin": 12.81,
            "gross_margin_4q_avg": 4.33,
            "net_income": 420658,
            "net_income_4q": null,
            "revenue": 6261236,
            "revenue_4q": null,
            "common_shares": 3011473,
            "book_valuer_per_share": 42.44,
            "book_valuer_per_share_4q_avg": 47.56,
            "equity": 14129508,
            "current_ratio": 229.14,
            "debt_ratio": 42.66,
            "inventory_turnover_ratio": 2.16,
            "account_receivable_turnover_ratio": 4.53,
            "reinvestment_rate": 121.47,
            "research_to_sale_ratio": null,
            "price_fair": 470.94,
            "eps_avg_yearly": 13.46,
            "eps_latest_yearly": 0.8,
            "eps_growth_yearly": 293.31
        },
        "20101": {
            "year_quarter": 20101,
            "year": 2010,
            "quarter": 1,
            "eps": 0.88,
            "eps_growth_year": 340,
            "eps_4q": 1.03,
            "eps_4q_growth_year": -88.14,
            "roe": 1.48,
            "roe_4q": 1.3699999999999999,
            "gross_profit": 899086,
            "gross_margin": 14.7,
            "gross_margin_4q_avg": 7.14,
            "net_income": 256456,
            "net_income_4q": null,
            "revenue": 6114696,
            "revenue_4q": null,
            "common_shares": 3765237,
            "book_valuer_per_share": 51.31,
            "book_valuer_per_share_4q_avg": 46.44,
            "equity": 20616915,
            "current_ratio": 456.19,
            "debt_ratio": 30.97,
            "inventory_turnover_ratio": 2.16,
            "account_receivable_turnover_ratio": 2.15,
            "reinvestment_rate": 122.61,
            "research_to_sale_ratio": 1.51,
            "price_fair": 473.95,
            "eps_avg_yearly": 13.54,
            "eps_latest_yearly": 3.52,
            "eps_growth_yearly": 305.37
        },
        "20102": {
            "year_quarter": 20102,
            "year": 2010,
            "quarter": 2,
            "eps": 2.18,
            "eps_growth_year": null,
            "eps_4q": 3.75,
            "eps_4q_growth_year": -26.05,
            "roe": 3.53,
            "roe_4q": 6.579999999999999,
            "gross_profit": 1491851,
            "gross_margin": 17.98,
            "gross_margin_4q_avg": 11.83,
            "net_income": 764681,
            "net_income_4q": null,
            "revenue": 8296547,
            "revenue_4q": null,
            "common_shares": 3765817,
            "book_valuer_per_share": 53.34,
            "book_valuer_per_share_4q_avg": 47,
            "equity": 22737842,
            "current_ratio": 345.6,
            "debt_ratio": 31.37,
            "inventory_turnover_ratio": 2.77,
            "account_receivable_turnover_ratio": 2.57,
            "reinvestment_rate": 131.6,
            "research_to_sale_ratio": 0.89,
            "price_fair": 35.68,
            "eps_avg_yearly": 11.89,
            "eps_latest_yearly": 8.72,
            "eps_growth_yearly": -5.08
        },
        "20103": {
            "year_quarter": 20103,
            "year": 2010,
            "quarter": 3,
            "eps": 4.9,
            "eps_growth_year": null,
            "eps_4q": 9.12,
            "eps_4q_growth_year": 1468.88,
            "roe": 7.54,
            "roe_4q": 15.58,
            "gross_profit": 2838058,
            "gross_margin": 24.19,
            "gross_margin_4q_avg": 17.42,
            "net_income": 1777031,
            "net_income_4q": null,
            "revenue": 11730490,
            "revenue_4q": null,
            "common_shares": 3803469,
            "book_valuer_per_share": 57.61,
            "book_valuer_per_share_4q_avg": 51.18,
            "equity": 24407898,
            "current_ratio": 294.62,
            "debt_ratio": 32.82,
            "inventory_turnover_ratio": 3.21,
            "account_receivable_turnover_ratio": 3.07,
            "reinvestment_rate": 166.07,
            "research_to_sale_ratio": 1.55,
            "price_fair": 415.48,
            "eps_avg_yearly": 11.87,
            "eps_latest_yearly": 19.6,
            "eps_growth_yearly": 43.8
        },
        "20104": {
            "year_quarter": 20104,
            "year": 2010,
            "quarter": 4,
            "eps": 4.08,
            "eps_growth_year": 163.48,
            "eps_4q": 11.97,
            "eps_4q_growth_year": 2639.24,
            "roe": 6.12,
            "roe_4q": 18.67,
            "gross_profit": 2543627,
            "gross_margin": 19.9,
            "gross_margin_4q_avg": 19.19,
            "net_income": 1461306,
            "net_income_4q": null,
            "revenue": 12785073,
            "revenue_4q": null,
            "common_shares": 3803469,
            "book_valuer_per_share": 61.1,
            "book_valuer_per_share_4q_avg": 55.84,
            "equity": 23334258,
            "current_ratio": 249.43,
            "debt_ratio": 34.48,
            "inventory_turnover_ratio": 3.52,
            "account_receivable_turnover_ratio": 3.33,
            "reinvestment_rate": 81.64,
            "research_to_sale_ratio": 1.2,
            "price_fair": 392.65,
            "eps_avg_yearly": 11.22,
            "eps_latest_yearly": 16.32,
            "eps_growth_yearly": 31.04
        },
        "20111": {
            "year_quarter": 20111,
            "year": 2011,
            "quarter": 1,
            "eps": 1.8,
            "eps_growth_year": 104.55,
            "eps_4q": 12.97,
            "eps_4q_growth_year": 1156.72,
            "roe": 2.87,
            "roe_4q": 20.060000000000002,
            "gross_profit": 1282479,
            "gross_margin": 12.52,
            "gross_margin_4q_avg": 18.65,
            "net_income": 679503,
            "net_income_4q": null,
            "revenue": 10243991,
            "revenue_4q": null,
            "common_shares": 3803469,
            "book_valuer_per_share": 63.09,
            "book_valuer_per_share_4q_avg": 58.79,
            "equity": 24088826,
            "current_ratio": 236.43,
            "debt_ratio": 35.55,
            "inventory_turnover_ratio": 2.74,
            "account_receivable_turnover_ratio": 2.52,
            "reinvestment_rate": 94.92,
            "research_to_sale_ratio": 0.89,
            "price_fair": 285.92,
            "eps_avg_yearly": 10.14,
            "eps_latest_yearly": 7.2,
            "eps_growth_yearly": 18.21
        },
        "20112": {
            "year_quarter": 20112,
            "year": 2011,
            "quarter": 2,
            "eps": -1.46,
            "eps_growth_year": -166.74,
            "eps_4q": 7.92,
            "eps_4q_growth_year": 111.16,
            "roe": -2.84,
            "roe_4q": 13.690000000000001,
            "gross_profit": -420375,
            "gross_margin": -6.51,
            "gross_margin_4q_avg": 12.53,
            "net_income": -644819,
            "net_income_4q": null,
            "revenue": 6459429,
            "revenue_4q": null,
            "common_shares": 3803469,
            "book_valuer_per_share": 55.85,
            "book_valuer_per_share_4q_avg": 59.41,
            "equity": 21392349,
            "current_ratio": 184.3,
            "debt_ratio": 42.4,
            "inventory_turnover_ratio": 1.9,
            "account_receivable_turnover_ratio": 1.44,
            "reinvestment_rate": 118.51,
            "research_to_sale_ratio": 1.07,
            "price_fair": 343.82,
            "eps_avg_yearly": 9.82,
            "eps_latest_yearly": 7.2,
            "eps_growth_yearly": 31.32
        },
        "20113": {
            "year_quarter": 20113,
            "year": 2011,
            "quarter": 3,
            "eps": -1.29,
            "eps_growth_year": -126.43,
            "eps_4q": 2.37,
            "eps_4q_growth_year": -74.03,
            "roe": -2.7,
            "roe_4q": 3.45,
            "gross_profit": -296354,
            "gross_margin": -3.92,
            "gross_margin_4q_avg": 5.5,
            "net_income": -574317,
            "net_income_4q": null,
            "revenue": 7565472,
            "revenue_4q": null,
            "common_shares": 4373989,
            "book_valuer_per_share": 47.92,
            "book_valuer_per_share_4q_avg": 56.99,
            "equity": 21103189,
            "current_ratio": 236.44,
            "debt_ratio": 40.58,
            "inventory_turnover_ratio": 2.3,
            "account_receivable_turnover_ratio": 1.59,
            "reinvestment_rate": 152.52,
            "research_to_sale_ratio": 1.15,
            "price_fair": 338.93,
            "eps_avg_yearly": 9.68,
            "eps_latest_yearly": 7.2,
            "eps_growth_yearly": 40.77
        },
        "20114": {
            "year_quarter": 20114,
            "year": 2011,
            "quarter": 4,
            "eps": -4.43,
            "eps_growth_year": -208.47,
            "eps_4q": -5.61,
            "eps_4q_growth_year": -146.88,
            "roe": -9.69,
            "roe_4q": -12.36,
            "gross_profit": -1846746,
            "gross_margin": -47.09,
            "gross_margin_4q_avg": -11.25,
            "net_income": -1948062,
            "net_income_4q": null,
            "revenue": 3921792,
            "revenue_4q": null,
            "common_shares": 4373989,
            "book_valuer_per_share": 43.4,
            "book_valuer_per_share_4q_avg": 52.57,
            "equity": 19116935,
            "current_ratio": 114.3,
            "debt_ratio": 43.6,
            "inventory_turnover_ratio": 2.21,
            "account_receivable_turnover_ratio": 0.92,
            "reinvestment_rate": 226.72,
            "research_to_sale_ratio": 2.02,
            "price_fair": 328.86,
            "eps_avg_yearly": 9.4,
            "eps_latest_yearly": 7.2,
            "eps_growth_yearly": 40.62
        },
        "20121": {
            "year_quarter": 20121,
            "year": 2012,
            "quarter": 1,
            "eps": -2.24,
            "eps_growth_year": -224.44,
            "eps_4q": -9.42,
            "eps_4q_growth_year": -172.68,
            "roe": -5.33,
            "roe_4q": -20.56,
            "gross_profit": -638581,
            "gross_margin": -16.42,
            "gross_margin_4q_avg": -18.49,
            "net_income": -989874,
            "net_income_4q": null,
            "revenue": 3890116,
            "revenue_4q": null,
            "common_shares": 4373989,
            "book_valuer_per_share": 40.91,
            "book_valuer_per_share_4q_avg": 47.02,
            "equity": 18015630,
            "current_ratio": 259.48,
            "debt_ratio": 46.35,
            "inventory_turnover_ratio": 2.02,
            "account_receivable_turnover_ratio": 1.03,
            "reinvestment_rate": 279.32,
            "research_to_sale_ratio": 1.9,
            "price_fair": 345.18,
            "eps_avg_yearly": 9.86,
            "eps_latest_yearly": 7.2,
            "eps_growth_yearly": 71.18
        },
        "20122": {
            "year_quarter": 20122,
            "year": 2012,
            "quarter": 2,
            "eps": -5.09,
            "eps_growth_year": null,
            "eps_4q": -13.06,
            "eps_4q_growth_year": -264.86,
            "roe": -13.22,
            "roe_4q": -30.94,
            "gross_profit": -1146303,
            "gross_margin": -25.71,
            "gross_margin_4q_avg": -23.29,
            "net_income": -2234685,
            "net_income_4q": null,
            "revenue": 4457766,
            "revenue_4q": null,
            "common_shares": 4373989,
            "book_valuer_per_share": 35.87,
            "book_valuer_per_share_4q_avg": 42.03,
            "equity": 15803940,
            "current_ratio": 281.21,
            "debt_ratio": 50.94,
            "inventory_turnover_ratio": 2.45,
            "account_receivable_turnover_ratio": 1.06,
            "reinvestment_rate": 1695.59,
            "research_to_sale_ratio": 2.2,
            "price_fair": 345.63,
            "eps_avg_yearly": 9.88,
            "eps_latest_yearly": 7.2,
            "eps_growth_yearly": 36.23
        },
        "20123": {
            "year_quarter": 20123,
            "year": 2012,
            "quarter": 3,
            "eps": -1.8,
            "eps_growth_year": null,
            "eps_4q": -13.56,
            "eps_4q_growth_year": -672.86,
            "roe": -5.17,
            "roe_4q": -33.41,
            "gross_profit": -543126,
            "gross_margin": -16.64,
            "gross_margin_4q_avg": -26.47,
            "net_income": -795268,
            "net_income_4q": null,
            "revenue": 3262991,
            "revenue_4q": null,
            "common_shares": 4373989,
            "book_valuer_per_share": 34.02,
            "book_valuer_per_share_4q_avg": 38.55,
            "equity": 14986263,
            "current_ratio": 287.33,
            "debt_ratio": 51.58,
            "inventory_turnover_ratio": 1.85,
            "account_receivable_turnover_ratio": 0.85,
            "reinvestment_rate": null,
            "research_to_sale_ratio": 2.04,
            "price_fair": 207.63,
            "eps_avg_yearly": 9.19,
            "eps_latest_yearly": 7.2,
            "eps_growth_yearly": 12.6
        },
        "20124": {
            "year_quarter": 20124,
            "year": 2012,
            "quarter": 4,
            "eps": -2.38,
            "eps_growth_year": null,
            "eps_4q": -11.52,
            "eps_4q_growth_year": null,
            "roe": -7.28,
            "roe_4q": -31,
            "gross_profit": -517706,
            "gross_margin": -15.68,
            "gross_margin_4q_avg": -18.61,
            "net_income": -1051987,
            "net_income_4q": null,
            "revenue": 3302278,
            "revenue_4q": null,
            "common_shares": 4373989,
            "book_valuer_per_share": 31.57,
            "book_valuer_per_share_4q_avg": 35.59,
            "equity": 13903647,
            "current_ratio": 254.63,
            "debt_ratio": 49.47,
            "inventory_turnover_ratio": 2.09,
            "account_receivable_turnover_ratio": 1.02,
            "reinvestment_rate": null,
            "research_to_sale_ratio": 1.98,
            "price_fair": 327.6,
            "eps_avg_yearly": 9.36,
            "eps_latest_yearly": 7.2,
            "eps_growth_yearly": 44.31
        },
        "20131": {
            "year_quarter": 20131,
            "year": 2013,
            "quarter": 1,
            "eps": -1.45,
            "eps_growth_year": null,
            "eps_4q": -10.7,
            "eps_4q_growth_year": null,
            "roe": -4.75,
            "roe_4q": -30.42,
            "gross_profit": -294517,
            "gross_margin": -8.03,
            "gross_margin_4q_avg": -16.52,
            "net_income": -646222,
            "net_income_4q": null,
            "revenue": 3666944,
            "revenue_4q": null,
            "common_shares": 4386709,
            "book_valuer_per_share": 30.19,
            "book_valuer_per_share_4q_avg": 32.91,
            "equity": 13328744,
            "current_ratio": 214.61,
            "debt_ratio": 55.3,
            "inventory_turnover_ratio": 2.39,
            "account_receivable_turnover_ratio": 1.08,
            "reinvestment_rate": null,
            "research_to_sale_ratio": 1.84,
            "price_fair": 387.52,
            "eps_avg_yearly": 11.07,
            "eps_latest_yearly": 7.2,
            "eps_growth_yearly": 125.32
        },
        "20132": {
            "year_quarter": 20132,
            "year": 2013,
            "quarter": 2,
            "eps": 0.24,
            "eps_growth_year": null,
            "eps_4q": -5.38,
            "eps_4q_growth_year": null,
            "roe": 0.77,
            "roe_4q": -16.43,
            "gross_profit": 376871,
            "gross_margin": 7.38,
            "gross_margin_4q_avg": -8.24,
            "net_income": 102358,
            "net_income_4q": null,
            "revenue": 5107122,
            "revenue_4q": null,
            "common_shares": 4386709,
            "book_valuer_per_share": 30.55,
            "book_valuer_per_share_4q_avg": 31.58,
            "equity": 13406199,
            "current_ratio": 224.78,
            "debt_ratio": 54.01,
            "inventory_turnover_ratio": 2.8,
            "account_receivable_turnover_ratio": 1.44,
            "reinvestment_rate": null,
            "research_to_sale_ratio": 1.28,
            "price_fair": 387.52,
            "eps_avg_yearly": 11.07,
            "eps_latest_yearly": 7.2,
            "eps_growth_yearly": 125.32
        },
        "20133": {
            "year_quarter": 20133,
            "year": 2013,
            "quarter": 3,
            "eps": 0.9,
            "eps_growth_year": null,
            "eps_4q": -2.69,
            "eps_4q_growth_year": null,
            "roe": 2.91,
            "roe_4q": -8.35,
            "gross_profit": 771061,
            "gross_margin": 12.15,
            "gross_margin_4q_avg": -1.05,
            "net_income": 395322,
            "net_income_4q": null,
            "revenue": 6345895,
            "revenue_4q": null,
            "common_shares": 4384919,
            "book_valuer_per_share": 31.38,
            "book_valuer_per_share_4q_avg": 30.92,
            "equity": 13765019,
            "current_ratio": 208.09,
            "debt_ratio": 54.05,
            "inventory_turnover_ratio": 3.33,
            "account_receivable_turnover_ratio": 1.72,
            "reinvestment_rate": null,
            "research_to_sale_ratio": 0.87,
            "price_fair": 343.93,
            "eps_avg_yearly": 9.83,
            "eps_latest_yearly": 3.6,
            "eps_growth_yearly": 287.77
        },
        "20134": {
            "year_quarter": 20134,
            "year": 2013,
            "quarter": 4,
            "eps": 0.89,
            "eps_growth_year": null,
            "eps_4q": 0.57,
            "eps_4q_growth_year": null,
            "roe": 2.78,
            "roe_4q": 1.709999999999999,
            "gross_profit": 779053,
            "gross_margin": 12.51,
            "gross_margin_4q_avg": 6,
            "net_income": 388988,
            "net_income_4q": null,
            "revenue": 6229730,
            "revenue_4q": null,
            "common_shares": 4384589,
            "book_valuer_per_share": 32.43,
            "book_valuer_per_share_4q_avg": 31.14,
            "equity": 14225192,
            "current_ratio": 192.17,
            "debt_ratio": 52.09,
            "inventory_turnover_ratio": 2.56,
            "account_receivable_turnover_ratio": 1.72,
            "reinvestment_rate": null,
            "research_to_sale_ratio": 0.73,
            "price_fair": 312.6,
            "eps_avg_yearly": 8.93,
            "eps_latest_yearly": 3.56,
            "eps_growth_yearly": 246.03
        },
        "20141": {
            "year_quarter": 20141,
            "year": 2014,
            "quarter": 1,
            "eps": 0.35,
            "eps_growth_year": null,
            "eps_4q": 2.37,
            "eps_4q_growth_year": null,
            "roe": 1.08,
            "roe_4q": 7.539999999999999,
            "gross_profit": 518212,
            "gross_margin": 8.66,
            "gross_margin_4q_avg": 10.18,
            "net_income": 153716,
            "net_income_4q": null,
            "revenue": 5983527,
            "revenue_4q": null,
            "common_shares": 4399069,
            "book_valuer_per_share": 32.64,
            "book_valuer_per_share_4q_avg": 31.75,
            "equity": 14361438,
            "current_ratio": 205.56,
            "debt_ratio": 47.52,
            "inventory_turnover_ratio": 2.14,
            "account_receivable_turnover_ratio": 1.88,
            "reinvestment_rate": null,
            "research_to_sale_ratio": 0.95,
            "price_fair": 302,
            "eps_avg_yearly": 8.63,
            "eps_latest_yearly": 1.4,
            "eps_growth_yearly": 236.05
        },
        "20142": {
            "year_quarter": 20142,
            "year": 2014,
            "quarter": 2,
            "eps": 0.06,
            "eps_growth_year": -75,
            "eps_4q": 2.19,
            "eps_4q_growth_year": null,
            "roe": 0.19,
            "roe_4q": 6.96,
            "gross_profit": 291080,
            "gross_margin": 5.53,
            "gross_margin_4q_avg": 9.71,
            "net_income": 26717,
            "net_income_4q": null,
            "revenue": 5267533,
            "revenue_4q": null,
            "common_shares": 4398709,
            "book_valuer_per_share": 32.1,
            "book_valuer_per_share_4q_avg": 32.14,
            "equity": 14123674,
            "current_ratio": 201.23,
            "debt_ratio": 47.93,
            "inventory_turnover_ratio": 1.94,
            "account_receivable_turnover_ratio": 1.73,
            "reinvestment_rate": null,
            "research_to_sale_ratio": 1.16,
            "price_fair": 259.6,
            "eps_avg_yearly": 7.42,
            "eps_latest_yearly": 0.24,
            "eps_growth_yearly": 104.29
        },
        "20143": {
            "year_quarter": 20143,
            "year": 2014,
            "quarter": 3,
            "eps": -1.69,
            "eps_growth_year": -287.78,
            "eps_4q": -0.39,
            "eps_4q_growth_year": null,
            "roe": -5.36,
            "roe_4q": -1.31,
            "gross_profit": -531866,
            "gross_margin": -13.76,
            "gross_margin_4q_avg": 3.24,
            "net_income": -739462,
            "net_income_4q": null,
            "revenue": 3864709,
            "revenue_4q": null,
            "common_shares": 4398394,
            "book_valuer_per_share": 30.65,
            "book_valuer_per_share_4q_avg": 31.96,
            "equity": 13481994,
            "current_ratio": 183.97,
            "debt_ratio": 48.51,
            "inventory_turnover_ratio": 1.77,
            "account_receivable_turnover_ratio": 1.25,
            "reinvestment_rate": null,
            "research_to_sale_ratio": 1.77,
            "price_fair": 188.53,
            "eps_avg_yearly": 5.39,
            "eps_latest_yearly": 0.24,
            "eps_growth_yearly": 38.49
        },
        "20144": {
            "year_quarter": 20144,
            "year": 2014,
            "quarter": 4,
            "eps": -1.13,
            "eps_growth_year": -227.42,
            "eps_4q": -2.4,
            "eps_4q_growth_year": -517.89,
            "roe": -3.74,
            "roe_4q": -7.830000000000002,
            "gross_profit": -107306,
            "gross_margin": -2.21,
            "gross_margin_4q_avg": -0.44,
            "net_income": -496934,
            "net_income_4q": null,
            "revenue": 4863073,
            "revenue_4q": null,
            "common_shares": 4397564,
            "book_valuer_per_share": 29.81,
            "book_valuer_per_share_4q_avg": 31.3,
            "equity": 13111786,
            "current_ratio": 113.1,
            "debt_ratio": 52.04,
            "inventory_turnover_ratio": 2.11,
            "account_receivable_turnover_ratio": 1.22,
            "reinvestment_rate": null,
            "research_to_sale_ratio": 1.96,
            "price_fair": 112,
            "eps_avg_yearly": 3.2,
            "eps_latest_yearly": 0.24,
            "eps_growth_yearly": 59.58
        },
        "20151": {
            "year_quarter": 20151,
            "year": 2015,
            "quarter": 1,
            "eps": -1.11,
            "eps_growth_year": -417.14,
            "eps_4q": -3.84,
            "eps_4q_growth_year": -262.44,
            "roe": -3.8,
            "roe_4q": -12.71,
            "gross_profit": -121696,
            "gross_margin": -2.91,
            "gross_margin_4q_avg": -3.34,
            "net_income": -487839,
            "net_income_4q": null,
            "revenue": 4187249,
            "revenue_4q": null,
            "common_shares": 4412564,
            "book_valuer_per_share": 28.53,
            "book_valuer_per_share_4q_avg": 30.27,
            "equity": 12592225,
            "current_ratio": 115.23,
            "debt_ratio": 50.11,
            "inventory_turnover_ratio": 1.99,
            "account_receivable_turnover_ratio": 0.86,
            "reinvestment_rate": null,
            "research_to_sale_ratio": 2.22,
            "price_fair": 77,
            "eps_avg_yearly": 2.2,
            "eps_latest_yearly": 0.24,
            "eps_growth_yearly": 130.36
        },
        "20152": {
            "year_quarter": 20152,
            "year": 2015,
            "quarter": 2,
            "eps": -1.21,
            "eps_growth_year": -2116.67,
            "eps_4q": -4.67,
            "eps_4q_growth_year": -313.26,
            "roe": -4.19,
            "roe_4q": -17.09,
            "gross_profit": 89915,
            "gross_margin": 1.75,
            "gross_margin_4q_avg": -4.28,
            "net_income": -549322,
            "net_income_4q": null,
            "revenue": 5138644,
            "revenue_4q": null,
            "common_shares": 4869054,
            "book_valuer_per_share": 28,
            "book_valuer_per_share_4q_avg": 29.25,
            "equity": 13637242,
            "current_ratio": 105.04,
            "debt_ratio": 59,
            "inventory_turnover_ratio": 2.08,
            "account_receivable_turnover_ratio": 0.96,
            "reinvestment_rate": null,
            "research_to_sale_ratio": 2.6,
            "price_fair": 77,
            "eps_avg_yearly": 2.2,
            "eps_latest_yearly": 0.24,
            "eps_growth_yearly": 130.36
        },
        "20153": {
            "year_quarter": 20153,
            "year": 2015,
            "quarter": 3,
            "eps": 0.09,
            "eps_growth_year": null,
            "eps_4q": -3.06,
            "eps_4q_growth_year": null,
            "roe": 0.32,
            "roe_4q": -11.41,
            "gross_profit": 515906,
            "gross_margin": 7.27,
            "gross_margin_4q_avg": 0.98,
            "net_income": 44061,
            "net_income_4q": null,
            "revenue": 7097505,
            "revenue_4q": null,
            "common_shares": 4868754,
            "book_valuer_per_share": 28.48,
            "book_valuer_per_share_4q_avg": 28.71,
            "equity": 13863756,
            "current_ratio": 150.42,
            "debt_ratio": 57,
            "inventory_turnover_ratio": 2.41,
            "account_receivable_turnover_ratio": 1.21,
            "reinvestment_rate": null,
            "research_to_sale_ratio": 1.58,
            "price_fair": 77,
            "eps_avg_yearly": 2.2,
            "eps_latest_yearly": 0.24,
            "eps_growth_yearly": 130.36
        },
        "20154": {
            "year_quarter": 20154,
            "year": 2015,
            "quarter": 4,
            "eps": 0.73,
            "eps_growth_year": null,
            "eps_4q": -1.31,
            "eps_4q_growth_year": null,
            "roe": 2.56,
            "roe_4q": -5.11,
            "gross_profit": 1162671,
            "gross_margin": 13.96,
            "gross_margin_4q_avg": 5.02,
            "net_income": 363414,
            "net_income_4q": null,
            "revenue": 8330757,
            "revenue_4q": null,
            "common_shares": 4866924,
            "book_valuer_per_share": 29.38,
            "book_valuer_per_share_4q_avg": 28.6,
            "equity": 14522803,
            "current_ratio": 150.09,
            "debt_ratio": 56.63,
            "inventory_turnover_ratio": 2.6,
            "account_receivable_turnover_ratio": 1.28,
            "reinvestment_rate": null,
            "research_to_sale_ratio": 1.53,
            "price_fair": 82.04,
            "eps_avg_yearly": 2.34,
            "eps_latest_yearly": 2.92,
            "eps_growth_yearly": 673.17
        },
        "20161": {
            "year_quarter": 20161,
            "year": 2016,
            "quarter": 1,
            "eps": 1.68,
            "eps_growth_year": null,
            "eps_4q": 1.36,
            "eps_4q_growth_year": null,
            "roe": 5.53,
            "roe_4q": 4.22,
            "gross_profit": 1384117,
            "gross_margin": 14.39,
            "gross_margin_4q_avg": 9.34,
            "net_income": 825151,
            "net_income_4q": null,
            "revenue": 9620161,
            "revenue_4q": null,
            "common_shares": 4884589,
            "book_valuer_per_share": 30.87,
            "book_valuer_per_share_4q_avg": 29.18,
            "equity": 15311141,
            "current_ratio": 148.71,
            "debt_ratio": 55.81,
            "inventory_turnover_ratio": 3.03,
            "account_receivable_turnover_ratio": 1.27,
            "reinvestment_rate": null,
            "research_to_sale_ratio": 1.18,
            "price_fair": 107.57,
            "eps_avg_yearly": 3.07,
            "eps_latest_yearly": 6.72,
            "eps_growth_yearly": 647.74
        },
        "20162": {
            "year_quarter": 20162,
            "year": 2016,
            "quarter": 2,
            "eps": 0.62,
            "eps_growth_year": null,
            "eps_4q": 3.11,
            "eps_4q_growth_year": null,
            "roe": 2,
            "roe_4q": 10.41,
            "gross_profit": 857297,
            "gross_margin": 9.69,
            "gross_margin_4q_avg": 11.33,
            "net_income": 307815,
            "net_income_4q": null,
            "revenue": 8843609,
            "revenue_4q": null,
            "common_shares": 4886219,
            "book_valuer_per_share": 31.29,
            "book_valuer_per_share_4q_avg": 30.01,
            "equity": 15514905,
            "current_ratio": 145.21,
            "debt_ratio": 54.92,
            "inventory_turnover_ratio": 3.29,
            "account_receivable_turnover_ratio": 1.01,
            "reinvestment_rate": null,
            "research_to_sale_ratio": 1.4,
            "price_fair": 104.6,
            "eps_avg_yearly": 2.99,
            "eps_latest_yearly": 2.48,
            "eps_growth_yearly": 519.15
        },
        "20163": {
            "year_quarter": 20163,
            "year": 2016,
            "quarter": 3,
            "eps": -2.05,
            "eps_growth_year": -2377.78,
            "eps_4q": 0.97,
            "eps_4q_growth_year": null,
            "roe": -6.77,
            "roe_4q": 3.3200000000000007,
            "gross_profit": -921838,
            "gross_margin": -18.06,
            "gross_margin_4q_avg": 5,
            "net_income": -1011344,
            "net_income_4q": null,
            "revenue": 5103749,
            "revenue_4q": null,
            "common_shares": 4884959,
            "book_valuer_per_share": 29.01,
            "book_valuer_per_share_4q_avg": 30.14,
            "equity": 14378399,
            "current_ratio": 139.21,
            "debt_ratio": 54.68,
            "inventory_turnover_ratio": 3.06,
            "account_receivable_turnover_ratio": 0.61,
            "reinvestment_rate": null,
            "research_to_sale_ratio": 1.8,
            "price_fair": 104.6,
            "eps_avg_yearly": 2.99,
            "eps_latest_yearly": 2.48,
            "eps_growth_yearly": 519.15
        },
        "20164": {
            "year_quarter": 20164,
            "year": 2016,
            "quarter": 4,
            "eps": -2.1,
            "eps_growth_year": -389.21,
            "eps_4q": -1.85,
            "eps_4q_growth_year": null,
            "roe": -7.47,
            "roe_4q": -6.709999999999998,
            "gross_profit": -105145,
            "gross_margin": -1.95,
            "gross_margin_4q_avg": 1.02,
            "net_income": -1034386,
            "net_income_4q": null,
            "revenue": 5395373,
            "revenue_4q": null,
            "common_shares": 4883199,
            "book_valuer_per_share": 26.84,
            "book_valuer_per_share_4q_avg": 29.5,
            "equity": 13301604,
            "current_ratio": 139.08,
            "debt_ratio": 56.8,
            "inventory_turnover_ratio": 2.95,
            "account_receivable_turnover_ratio": 0.77,
            "reinvestment_rate": null,
            "research_to_sale_ratio": 3.39,
            "price_fair": 104.6,
            "eps_avg_yearly": 2.99,
            "eps_latest_yearly": 2.48,
            "eps_growth_yearly": 519.15
        },
        "20171": {
            "year_quarter": 20171,
            "year": 2017,
            "quarter": 1,
            "eps": -2.07,
            "eps_growth_year": -223.21,
            "eps_4q": -5.58,
            "eps_4q_growth_year": -509.23,
            "roe": -8.02,
            "roe_4q": -20.259999999999998,
            "gross_profit": -593443,
            "gross_margin": -11.71,
            "gross_margin_4q_avg": -5.51,
            "net_income": -1018355,
            "net_income_4q": null,
            "revenue": 5069141,
            "revenue_4q": null,
            "common_shares": 4900349,
            "book_valuer_per_share": 24.32,
            "book_valuer_per_share_4q_avg": 27.87,
            "equity": 12108154,
            "current_ratio": 130.61,
            "debt_ratio": 58.35,
            "inventory_turnover_ratio": 3.05,
            "account_receivable_turnover_ratio": 0.75,
            "reinvestment_rate": null,
            "research_to_sale_ratio": 3.18,
            "price_fair": 104.6,
            "eps_avg_yearly": 2.99,
            "eps_latest_yearly": 2.48,
            "eps_growth_yearly": 519.15
        },
        "20172": {
            "year_quarter": 20172,
            "year": 2017,
            "quarter": 2,
            "eps": -1.43,
            "eps_growth_year": -330.65,
            "eps_4q": -7.61,
            "eps_4q_growth_year": -344.85,
            "roe": -5.88,
            "roe_4q": -28.139999999999997,
            "gross_profit": -266504,
            "gross_margin": -4.76,
            "gross_margin_4q_avg": -9.12,
            "net_income": -692828,
            "net_income_4q": null,
            "revenue": 5597967,
            "revenue_4q": null,
            "common_shares": 4901439,
            "book_valuer_per_share": 23,
            "book_valuer_per_share_4q_avg": 25.79,
            "equity": 11464460,
            "current_ratio": 125.59,
            "debt_ratio": 62.11,
            "inventory_turnover_ratio": 4.08,
            "account_receivable_turnover_ratio": 0.76,
            "reinvestment_rate": null,
            "research_to_sale_ratio": 2.82,
            "price_fair": 104.6,
            "eps_avg_yearly": 2.99,
            "eps_latest_yearly": 2.48,
            "eps_growth_yearly": 519.15
        },
        "20173": {
            "year_quarter": 20173,
            "year": 2017,
            "quarter": 3,
            "eps": -0.55,
            "eps_growth_year": null,
            "eps_4q": -5.68,
            "eps_4q_growth_year": -685.87,
            "roe": -2.82,
            "roe_4q": -24.189999999999998,
            "gross_profit": 151977,
            "gross_margin": 2.42,
            "gross_margin_4q_avg": -4,
            "net_income": -336712,
            "net_income_4q": null,
            "revenue": 6267798,
            "revenue_4q": null,
            "common_shares": 5400334,
            "book_valuer_per_share": 22.55,
            "book_valuer_per_share_4q_avg": 24.18,
            "equity": 12373945,
            "current_ratio": 113.68,
            "debt_ratio": 59.64,
            "inventory_turnover_ratio": 3.78,
            "account_receivable_turnover_ratio": 0.78,
            "reinvestment_rate": null,
            "research_to_sale_ratio": 2.65,
            "price_fair": 101.03,
            "eps_avg_yearly": 2.89,
            "eps_latest_yearly": 2.48,
            "eps_growth_yearly": 422.34
        },
        "20174": {
            "year_quarter": 20174,
            "year": 2017,
            "quarter": 4,
            "eps": -1.83,
            "eps_growth_year": null,
            "eps_4q": -5.62,
            "eps_4q_growth_year": null,
            "roe": -8.33,
            "roe_4q": -25.05,
            "gross_profit": 99746,
            "gross_margin": 1.6,
            "gross_margin_4q_avg": -3.11,
            "net_income": -991014,
            "net_income_4q": null,
            "revenue": 6253708,
            "revenue_4q": null,
            "common_shares": 5397909,
            "book_valuer_per_share": 20.76,
            "book_valuer_per_share_4q_avg": 22.66,
            "equity": 11419598,
            "current_ratio": 111.54,
            "debt_ratio": 62.48,
            "inventory_turnover_ratio": 3.07,
            "account_receivable_turnover_ratio": 0.78,
            "reinvestment_rate": null,
            "research_to_sale_ratio": 2.98,
            "price_fair": 96.32,
            "eps_avg_yearly": 2.75,
            "eps_latest_yearly": 2.48,
            "eps_growth_yearly": 507.7
        },
        "20181": {
            "year_quarter": 20181,
            "year": 2018,
            "quarter": 1,
            "eps": -1.99,
            "eps_growth_year": null,
            "eps_4q": -5.71,
            "eps_4q_growth_year": null,
            "roe": -9.96,
            "roe_4q": -26.99,
            "gross_profit": -559099,
            "gross_margin": -11.39,
            "gross_margin_4q_avg": -3.03,
            "net_income": -1085992,
            "net_income_4q": null,
            "revenue": 4909442,
            "revenue_4q": null,
            "common_shares": 5413004,
            "book_valuer_per_share": 18.82,
            "book_valuer_per_share_4q_avg": 21.28,
            "equity": 10385215,
            "current_ratio": 144.45,
            "debt_ratio": 61.56,
            "inventory_turnover_ratio": 2.79,
            "account_receivable_turnover_ratio": 0.67,
            "reinvestment_rate": null,
            "research_to_sale_ratio": 3.06,
            "price_fair": 108.15,
            "eps_avg_yearly": 3.09,
            "eps_latest_yearly": 2.48,
            "eps_growth_yearly": 695.3
        },
        "20182": {
            "year_quarter": 20182,
            "year": 2018,
            "quarter": 2,
            "eps": -3.85,
            "eps_growth_year": null,
            "eps_4q": -8.26,
            "eps_4q_growth_year": null,
            "roe": -22.48,
            "roe_4q": -43.589999999999996,
            "gross_profit": -693366,
            "gross_margin": -15.69,
            "gross_margin_4q_avg": -5.77,
            "net_income": -2097326,
            "net_income_4q": null,
            "revenue": 4419820,
            "revenue_4q": null,
            "common_shares": 5410434,
            "book_valuer_per_share": 14.96,
            "book_valuer_per_share_4q_avg": 19.27,
            "equity": 8272174,
            "current_ratio": 138.81,
            "debt_ratio": 69.16,
            "inventory_turnover_ratio": 3.33,
            "account_receivable_turnover_ratio": 0.67,
            "reinvestment_rate": null,
            "research_to_sale_ratio": 3.39,
            "price_fair": 141.4,
            "eps_avg_yearly": 4.04,
            "eps_latest_yearly": 2.48,
            "eps_growth_yearly": 1037.54
        },
        "20183": {
            "year_quarter": 20183,
            "year": 2018,
            "quarter": 3,
            "eps": -2.42,
            "eps_growth_year": null,
            "eps_4q": -10.05,
            "eps_4q_growth_year": null,
            "roe": -17.53,
            "roe_4q": -58.300000000000004,
            "gross_profit": -560288,
            "gross_margin": -22.31,
            "gross_margin_4q_avg": -11.95,
            "net_income": -1325764,
            "net_income_4q": null,
            "revenue": 2511731,
            "revenue_4q": null,
            "common_shares": 5407604,
            "book_valuer_per_share": 12.4,
            "book_valuer_per_share_4q_avg": 16.74,
            "equity": 6852630,
            "current_ratio": 149.33,
            "debt_ratio": 67.26,
            "inventory_turnover_ratio": 3.41,
            "account_receivable_turnover_ratio": 0.48,
            "reinvestment_rate": null,
            "research_to_sale_ratio": 3.92,
            "price_fair": 141.4,
            "eps_avg_yearly": 4.04,
            "eps_latest_yearly": 2.48,
            "eps_growth_yearly": 1037.54
        },
        "20184": {
            "year_quarter": 20184,
            "year": 2018,
            "quarter": 4,
            "eps": -4.34,
            "eps_growth_year": null,
            "eps_4q": -12.57,
            "eps_4q_growth_year": null,
            "roe": -41.58,
            "roe_4q": -91.55000000000001,
            "gross_profit": -587053,
            "gross_margin": -25.02,
            "gross_margin_4q_avg": -18.6,
            "net_income": -2366924,
            "net_income_4q": null,
            "revenue": 2346122,
            "revenue_4q": null,
            "common_shares": 5406559,
            "book_valuer_per_share": 8.14,
            "book_valuer_per_share_4q_avg": 13.58,
            "equity": 4532740,
            "current_ratio": 152.98,
            "debt_ratio": 71.22,
            "inventory_turnover_ratio": 5.29,
            "account_receivable_turnover_ratio": 0.67,
            "reinvestment_rate": null,
            "research_to_sale_ratio": 2.45,
            "price_fair": 141.4,
            "eps_avg_yearly": 4.04,
            "eps_latest_yearly": 2.48,
            "eps_growth_yearly": 1037.54
        },
        "20191": {
            "year_quarter": 20191,
            "year": 2019,
            "quarter": 1,
            "eps": -0.7,
            "eps_growth_year": null,
            "eps_4q": -11.29,
            "eps_4q_growth_year": null,
            "roe": -8.84,
            "roe_4q": -90.43,
            "gross_profit": -109600,
            "gross_margin": -8.9,
            "gross_margin_4q_avg": -17.98,
            "net_income": -385962,
            "net_income_4q": null,
            "revenue": 1230790,
            "revenue_4q": null,
            "common_shares": 5404954,
            "book_valuer_per_share": 7.54,
            "book_valuer_per_share_4q_avg": 10.76,
            "equity": 4197076,
            "current_ratio": 164.98,
            "debt_ratio": 69.82,
            "inventory_turnover_ratio": 2.75,
            "account_receivable_turnover_ratio": 0.59,
            "reinvestment_rate": null,
            "research_to_sale_ratio": 2.62,
            "price_fair": 141.4,
            "eps_avg_yearly": 4.04,
            "eps_latest_yearly": 2.48,
            "eps_growth_yearly": 1037.54
        },
        "20192": {
            "year_quarter": 20192,
            "year": 2019,
            "quarter": 2,
            "eps": -0.39,
            "eps_growth_year": null,
            "eps_4q": -7.84,
            "eps_4q_growth_year": null,
            "roe": -5.2,
            "roe_4q": -73.15,
            "gross_profit": 5230,
            "gross_margin": 0.33,
            "gross_margin_4q_avg": -13.98,
            "net_income": -211970,
            "net_income_4q": null,
            "revenue": 1577722,
            "revenue_4q": null,
            "common_shares": 5404954,
            "book_valuer_per_share": 7.1,
            "book_valuer_per_share_4q_avg": 8.8,
            "equity": 3959761,
            "current_ratio": 159.86,
            "debt_ratio": 69.36,
            "inventory_turnover_ratio": 2.98,
            "account_receivable_turnover_ratio": 1.07,
            "reinvestment_rate": null,
            "research_to_sale_ratio": 2.79,
            "price_fair": 141.4,
            "eps_avg_yearly": 4.04,
            "eps_latest_yearly": 2.48,
            "eps_growth_yearly": 1037.54
        },
        "20193": {
            "year_quarter": 20193,
            "year": 2019,
            "quarter": 3,
            "eps": 0.01,
            "eps_growth_year": null,
            "eps_4q": -5.43,
            "eps_4q_growth_year": null,
            "roe": 0.36,
            "roe_4q": -55.26,
            "gross_profit": 23665,
            "gross_margin": 1.65,
            "gross_margin_4q_avg": -7.99,
            "net_income": 14152,
            "net_income_4q": null,
            "revenue": 1430141,
            "revenue_4q": null,
            "common_shares": 5404954,
            "book_valuer_per_share": 6.95,
            "book_valuer_per_share_4q_avg": 7.43,
            "equity": 3872764,
            "current_ratio": 164.53,
            "debt_ratio": 65.15,
            "inventory_turnover_ratio": 2.21,
            "account_receivable_turnover_ratio": 0.94,
            "reinvestment_rate": null,
            "research_to_sale_ratio": 4.13,
            "price_fair": 141.4,
            "eps_avg_yearly": 4.04,
            "eps_latest_yearly": 2.48,
            "eps_growth_yearly": 1037.54
        },
        "20194": {
            "year_quarter": 20194,
            "year": 2019,
            "quarter": 4,
            "eps": -1.36,
            "eps_growth_year": null,
            "eps_4q": -2.44,
            "eps_4q_growth_year": null,
            "roe": -21.87,
            "roe_4q": -35.55,
            "gross_profit": -53216,
            "gross_margin": -5.03,
            "gross_margin_4q_avg": -2.99,
            "net_income": -763175,
            "net_income_4q": null,
            "revenue": 1058423,
            "revenue_4q": null,
            "common_shares": 5404704,
            "book_valuer_per_share": 5.56,
            "book_valuer_per_share_4q_avg": 6.79,
            "equity": 3106797,
            "current_ratio": 165.09,
            "debt_ratio": 67.67,
            "inventory_turnover_ratio": 2.06,
            "account_receivable_turnover_ratio": 0.83,
            "reinvestment_rate": null,
            "research_to_sale_ratio": 4.3,
            "price_fair": 161,
            "eps_avg_yearly": 4.6,
            "eps_latest_yearly": 2.48,
            "eps_growth_yearly": 134.08
        },
        "20201": {
            "year_quarter": 20201,
            "year": 2020,
            "quarter": 1,
            "eps": -0.17,
            "eps_growth_year": null,
            "eps_4q": -1.91,
            "eps_4q_growth_year": null,
            "roe": -3.08,
            "roe_4q": -29.790000000000003,
            "gross_profit": 14382,
            "gross_margin": 1.93,
            "gross_margin_4q_avg": -0.28,
            "net_income": -94055,
            "net_income_4q": null,
            "revenue": 745713,
            "revenue_4q": null,
            "common_shares": 5404514,
            "book_valuer_per_share": 5.38,
            "book_valuer_per_share_4q_avg": 6.25,
            "equity": 3004313,
            "current_ratio": 111.04,
            "debt_ratio": 64.62,
            "inventory_turnover_ratio": 1.59,
            "account_receivable_turnover_ratio": 0.92,
            "reinvestment_rate": null,
            "research_to_sale_ratio": 2.26,
            "price_fair": 7.44,
            "eps_avg_yearly": 2.48,
            "eps_latest_yearly": 2.48,
            "eps_growth_yearly": -252.38
        },
        "20202": {
            "year_quarter": 20202,
            "year": 2020,
            "quarter": 2,
            "eps": 0.51,
            "eps_growth_year": null,
            "eps_4q": -1.19,
            "eps_4q_growth_year": null,
            "roe": 5.93,
            "roe_4q": -18.660000000000004,
            "gross_profit": 162529,
            "gross_margin": 15.92,
            "gross_margin_4q_avg": 3.62,
            "net_income": 182665,
            "net_income_4q": null,
            "revenue": 1020848,
            "revenue_4q": null,
            "common_shares": 5404514,
            "book_valuer_per_share": 5.67,
            "book_valuer_per_share_4q_avg": 5.89,
            "equity": 3159933,
            "current_ratio": 119.55,
            "debt_ratio": 62.32,
            "inventory_turnover_ratio": 1.61,
            "account_receivable_turnover_ratio": 1.96,
            "reinvestment_rate": null,
            "research_to_sale_ratio": 2.14,
            "price_fair": 0,
            "eps_avg_yearly": 0,
            "eps_latest_yearly": 0,
            "eps_growth_yearly": 0
        },
        "20203": {
            "year_quarter": 20203,
            "year": 2020,
            "quarter": 3,
            "eps": 0.29,
            "eps_growth_year": 2800,
            "eps_4q": -1.53,
            "eps_4q_growth_year": null,
            "roe": 3.2,
            "roe_4q": -15.820000000000002,
            "gross_profit": 189204,
            "gross_margin": 18.19,
            "gross_margin_4q_avg": 7.75,
            "net_income": 103526,
            "net_income_4q": null,
            "revenue": 1039911,
            "revenue_4q": null,
            "common_shares": 3550419,
            "book_valuer_per_share": 9.06,
            "book_valuer_per_share_4q_avg": 6.42,
            "equity": 3311925,
            "current_ratio": 134.01,
            "debt_ratio": 58.27,
            "inventory_turnover_ratio": 1.36,
            "account_receivable_turnover_ratio": 2.35,
            "reinvestment_rate": null,
            "research_to_sale_ratio": 1.85,
            "price_fair": 3.48,
            "eps_avg_yearly": 1.16,
            "eps_latest_yearly": 1.16,
            "eps_growth_yearly": -172.55
        },
        "20204": {
            "year_quarter": 20204,
            "year": 2020,
            "quarter": 4,
            "eps": -0.22,
            "eps_growth_year": null,
            "eps_4q": 0.31,
            "eps_4q_growth_year": null,
            "roe": -2.45,
            "roe_4q": 3.5999999999999996,
            "gross_profit": 42018,
            "gross_margin": 4.82,
            "gross_margin_4q_avg": 10.22,
            "net_income": -80194,
            "net_income_4q": null,
            "revenue": 871923,
            "revenue_4q": null,
            "common_shares": 3550419,
            "book_valuer_per_share": 8.92,
            "book_valuer_per_share_4q_avg": 7.26,
            "equity": 3242065,
            "current_ratio": 248.87,
            "debt_ratio": 57.44,
            "inventory_turnover_ratio": 1.16,
            "account_receivable_turnover_ratio": 1.84,
            "reinvestment_rate": null,
            "research_to_sale_ratio": 3.6,
            "price_fair": 3.48,
            "eps_avg_yearly": 1.16,
            "eps_latest_yearly": 1.16,
            "eps_growth_yearly": -172.55
        },
        "20211": {
            "year_quarter": 20211,
            "year": 2021,
            "quarter": 1,
            "eps": -0.07,
            "eps_growth_year": null,
            "eps_4q": 0.51,
            "eps_4q_growth_year": null,
            "roe": -0.77,
            "roe_4q": 5.91,
            "gross_profit": 65157,
            "gross_margin": 5.88,
            "gross_margin_4q_avg": 11.2,
            "net_income": -24909,
            "net_income_4q": null,
            "revenue": 1108807,
            "revenue_4q": null,
            "common_shares": 3550419,
            "book_valuer_per_share": 8.91,
            "book_valuer_per_share_4q_avg": 8.14,
            "equity": 3234821,
            "current_ratio": 249.26,
            "debt_ratio": 57.47,
            "inventory_turnover_ratio": 1.47,
            "account_receivable_turnover_ratio": 2.23,
            "reinvestment_rate": null,
            "research_to_sale_ratio": 1.12,
            "price_fair": 3.48,
            "eps_avg_yearly": 1.16,
            "eps_latest_yearly": 1.16,
            "eps_growth_yearly": -172.55
        },
        "20212": {
            "year_quarter": 20212,
            "year": 2021,
            "quarter": 2,
            "eps": 0.11,
            "eps_growth_year": -78.43,
            "eps_4q": 0.11,
            "eps_4q_growth_year": null,
            "roe": 1.28,
            "roe_4q": 1.26,
            "gross_profit": 127370,
            "gross_margin": 7.82,
            "gross_margin_4q_avg": 9.18,
            "net_income": 41577,
            "net_income_4q": null,
            "revenue": 1628219,
            "revenue_4q": null,
            "common_shares": 3550419,
            "book_valuer_per_share": 8.97,
            "book_valuer_per_share_4q_avg": 8.97,
            "equity": 3256172,
            "current_ratio": 214.73,
            "debt_ratio": 60.29,
            "inventory_turnover_ratio": 2.26,
            "account_receivable_turnover_ratio": 2.8,
            "reinvestment_rate": null,
            "research_to_sale_ratio": 0.87,
            "price_fair": 3.48,
            "eps_avg_yearly": 1.16,
            "eps_latest_yearly": 1.16,
            "eps_growth_yearly": -172.55
        },
        "20213": {
            "year_quarter": 20213,
            "year": 2021,
            "quarter": 3,
            "eps": 0.25,
            "eps_growth_year": -13.79,
            "eps_4q": 0.07,
            "eps_4q_growth_year": null,
            "roe": 2.8,
            "roe_4q": 0.8599999999999999,
            "gross_profit": 184383,
            "gross_margin": 11.72,
            "gross_margin_4q_avg": 7.56,
            "net_income": 91265,
            "net_income_4q": null,
            "revenue": 1572746,
            "revenue_4q": null,
            "common_shares": 3550419,
            "book_valuer_per_share": 9.01,
            "book_valuer_per_share_4q_avg": 8.95,
            "equity": 3274022,
            "current_ratio": 192.97,
            "debt_ratio": 62.97,
            "inventory_turnover_ratio": 1.87,
            "account_receivable_turnover_ratio": 2.4,
            "reinvestment_rate": null,
            "research_to_sale_ratio": 0.62,
            "price_fair": 37.8,
            "eps_avg_yearly": 1.08,
            "eps_latest_yearly": 1,
            "eps_growth_yearly": 168.27
        },
        "20214": {
            "year_quarter": 20214,
            "year": 2021,
            "quarter": 4,
            "eps": 0.01,
            "eps_growth_year": null,
            "eps_4q": 0.3,
            "eps_4q_growth_year": -2.96,
            "roe": -0.02,
            "roe_4q": 3.2899999999999996,
            "gross_profit": 173835,
            "gross_margin": 11.12,
            "gross_margin_4q_avg": 9.14,
            "net_income": -654,
            "net_income_4q": null,
            "revenue": 1563217,
            "revenue_4q": null,
            "common_shares": 3550419,
            "book_valuer_per_share": 9.05,
            "book_valuer_per_share_4q_avg": 8.99,
            "equity": 3286297,
            "current_ratio": 189.08,
            "debt_ratio": 62.37,
            "inventory_turnover_ratio": 1.71,
            "account_receivable_turnover_ratio": 2.67,
            "reinvestment_rate": null,
            "research_to_sale_ratio": 0.96,
            "price_fair": 2.2,
            "eps_avg_yearly": 0.73,
            "eps_latest_yearly": 0.04,
            "eps_growth_yearly": -15.82
        },
        "20221": {
            "year_quarter": 20221,
            "year": 2022,
            "quarter": 1,
            "eps": 0.12,
            "eps_growth_year": null,
            "eps_4q": 0.49,
            "eps_4q_growth_year": -3.86,
            "roe": 1.24,
            "roe_4q": 5.3,
            "gross_profit": 85254,
            "gross_margin": 7.76,
            "gross_margin_4q_avg": 9.61,
            "net_income": 42076,
            "net_income_4q": null,
            "revenue": 1099343,
            "revenue_4q": null,
            "common_shares": 3550419,
            "book_valuer_per_share": 9.6,
            "book_valuer_per_share_4q_avg": 9.16,
            "equity": 3485443,
            "current_ratio": 191.64,
            "debt_ratio": 60.68,
            "inventory_turnover_ratio": 1.14,
            "account_receivable_turnover_ratio": 2.22,
            "reinvestment_rate": null,
            "research_to_sale_ratio": 0.92,
            "price_fair": 23.45,
            "eps_avg_yearly": 0.67,
            "eps_latest_yearly": 0.48,
            "eps_growth_yearly": 1088.14
        },
        "20222": {
            "year_quarter": 20222,
            "year": 2022,
            "quarter": 2,
            "eps": 0.16,
            "eps_growth_year": 45.45,
            "eps_4q": 0.54,
            "eps_4q_growth_year": 391.71,
            "roe": 1.75,
            "roe_4q": 5.77,
            "gross_profit": 137605,
            "gross_margin": 11.83,
            "gross_margin_4q_avg": 10.61,
            "net_income": 60621,
            "net_income_4q": null,
            "revenue": 1162945,
            "revenue_4q": null,
            "common_shares": 3550419,
            "book_valuer_per_share": 9.47,
            "book_valuer_per_share_4q_avg": 9.28,
            "equity": 3439243,
            "current_ratio": 174.14,
            "debt_ratio": 62.05,
            "inventory_turnover_ratio": 0.93,
            "account_receivable_turnover_ratio": 2.83,
            "reinvestment_rate": null,
            "research_to_sale_ratio": 1.31,
            "price_fair": 23.24,
            "eps_avg_yearly": 0.66,
            "eps_latest_yearly": 0.64,
            "eps_growth_yearly": 897.18
        },
        "20223": {
            "year_quarter": 20223,
            "year": 2022,
            "quarter": 3,
            "eps": 0.25,
            "eps_growth_year": 0,
            "eps_4q": 0.51,
            "eps_4q_growth_year": 622.22,
            "roe": 2.51,
            "roe_4q": 5.48,
            "gross_profit": 190636,
            "gross_margin": 13.74,
            "gross_margin_4q_avg": 11.11,
            "net_income": 96680,
            "net_income_4q": null,
            "revenue": 1387700,
            "revenue_4q": null,
            "common_shares": 3870419,
            "book_valuer_per_share": 10.84,
            "book_valuer_per_share_4q_avg": 9.74,
            "equity": 4273676,
            "current_ratio": 197.83,
            "debt_ratio": 55.72,
            "inventory_turnover_ratio": 1,
            "account_receivable_turnover_ratio": 2.84,
            "reinvestment_rate": null,
            "research_to_sale_ratio": 1,
            "price_fair": 25.2,
            "eps_avg_yearly": 0.72,
            "eps_latest_yearly": 1,
            "eps_growth_yearly": 785.15
        },
        "20224": {
            "year_quarter": 20224,
            "year": 2022,
            "quarter": 4,
            "eps": 0.19,
            "eps_growth_year": 2844.08,
            "eps_4q": 0.69,
            "eps_4q_growth_year": 130.21,
            "roe": 1.7,
            "roe_4q": 7.2,
            "gross_profit": 280412,
            "gross_margin": 16.4,
            "gross_margin_4q_avg": 12.43,
            "net_income": 72940,
            "net_income_4q": null,
            "revenue": 1709990,
            "revenue_4q": null,
            "common_shares": 3870419,
            "book_valuer_per_share": 10.99,
            "book_valuer_per_share_4q_avg": 10.23,
            "equity": 4332040,
            "current_ratio": 153.73,
            "debt_ratio": 54.73,
            "inventory_turnover_ratio": 1.34,
            "account_receivable_turnover_ratio": 2.54,
            "reinvestment_rate": null,
            "research_to_sale_ratio": 0.77,
            "price_fair": 25.4,
            "eps_avg_yearly": 0.73,
            "eps_latest_yearly": 0.76,
            "eps_growth_yearly": 659.27
        },
        "20231": {
            "year_quarter": 20231,
            "year": 2023,
            "quarter": 1,
            "eps": 0.4,
            "eps_growth_year": 233.33,
            "eps_4q": 0.99,
            "eps_4q_growth_year": 103.26,
            "roe": 3.58,
            "roe_4q": 9.54,
            "gross_profit": 254928,
            "gross_margin": 18.82,
            "gross_margin_4q_avg": 15.2,
            "net_income": 158120,
            "net_income_4q": null,
            "revenue": 1354554,
            "revenue_4q": null,
            "common_shares": 3870419,
            "book_valuer_per_share": 11.41,
            "book_valuer_per_share_4q_avg": 10.68,
            "equity": 4494044,
            "current_ratio": 161.41,
            "debt_ratio": 52,
            "inventory_turnover_ratio": 1.14,
            "account_receivable_turnover_ratio": 2.18,
            "reinvestment_rate": null,
            "research_to_sale_ratio": 0.92,
            "price_fair": 29.23,
            "eps_avg_yearly": 0.84,
            "eps_latest_yearly": 1.6,
            "eps_growth_yearly": 632.12
        },
        "20232": {
            "year_quarter": 20232,
            "year": 2023,
            "quarter": 2,
            "eps": 0.06,
            "eps_growth_year": -62.5,
            "eps_4q": 0.9,
            "eps_4q_growth_year": 66.25,
            "roe": 0.55,
            "roe_4q": 8.34,
            "gross_profit": 110156,
            "gross_margin": 13.32,
            "gross_margin_4q_avg": 15.57,
            "net_income": 24384,
            "net_income_4q": null,
            "revenue": 826802,
            "revenue_4q": null,
            "common_shares": 3870419,
            "book_valuer_per_share": 10.91,
            "book_valuer_per_share_4q_avg": 11.04,
            "equity": 4301268,
            "current_ratio": 219.16,
            "debt_ratio": 52.77,
            "inventory_turnover_ratio": 0.76,
            "account_receivable_turnover_ratio": 2.05,
            "reinvestment_rate": null,
            "research_to_sale_ratio": 2.07,
            "price_fair": 26.91,
            "eps_avg_yearly": 0.77,
            "eps_latest_yearly": 0.24,
            "eps_growth_yearly": 524.11
        },
        "20233": {
            "year_quarter": 20233,
            "year": 2023,
            "quarter": 3,
            "eps": 0.2,
            "eps_growth_year": -20,
            "eps_4q": 0.85,
            "eps_4q_growth_year": 67.48,
            "roe": 1.78,
            "roe_4q": 7.61,
            "gross_profit": 149079,
            "gross_margin": 15.62,
            "gross_margin_4q_avg": 16.04,
            "net_income": 77747,
            "net_income_4q": null,
            "revenue": 954523,
            "revenue_4q": null,
            "common_shares": 3870419,
            "book_valuer_per_share": 11.2,
            "book_valuer_per_share_4q_avg": 11.13,
            "equity": 4416511,
            "current_ratio": 248.09,
            "debt_ratio": 49.13,
            "inventory_turnover_ratio": 0.97,
            "account_receivable_turnover_ratio": 2.56,
            "reinvestment_rate": 4016.59,
            "research_to_sale_ratio": 0.81,
            "price_fair": 27.02,
            "eps_avg_yearly": 0.77,
            "eps_latest_yearly": 0.8,
            "eps_growth_yearly": 565.03
        },
        "20234": {
            "year_quarter": 20234,
            "year": 2023,
            "quarter": 4,
            "eps": -0.1,
            "eps_growth_year": -149.84,
            "eps_4q": 0.56,
            "eps_4q_growth_year": -18.56,
            "roe": -0.82,
            "roe_4q": 5.09,
            "gross_profit": 163261,
            "gross_margin": 17.55,
            "gross_margin_4q_avg": 16.33,
            "net_income": -35934,
            "net_income_4q": null,
            "revenue": 930102,
            "revenue_4q": null,
            "common_shares": 3870419,
            "book_valuer_per_share": 11.06,
            "book_valuer_per_share_4q_avg": 11.15,
            "equity": 4354640,
            "current_ratio": 235.04,
            "debt_ratio": 49.31,
            "inventory_turnover_ratio": 1.15,
            "account_receivable_turnover_ratio": 2.18,
            "reinvestment_rate": 85.05,
            "research_to_sale_ratio": 1.84,
            "price_fair": 27.02,
            "eps_avg_yearly": 0.77,
            "eps_latest_yearly": 0.8,
            "eps_growth_yearly": 565.03
        }
    },
    "months": {
        "2003-05": {
            "month": "2003-05",
            "price": "43.27",
            "revenue": 80234
        },
        "2003-06": {
            "month": "2003-06",
            "price": "55.20",
            "revenue": 88408
        },
        "2003-07": {
            "month": "2003-07",
            "price": "72.24",
            "revenue": 100835
        },
        "2003-08": {
            "month": "2003-08",
            "price": "80.19",
            "revenue": 96670
        },
        "2003-09": {
            "month": "2003-09",
            "price": "74.50",
            "revenue": 109218
        },
        "2003-10": {
            "month": "2003-10",
            "price": "77.64",
            "revenue": 148197
        },
        "2003-11": {
            "month": "2003-11",
            "price": "85.85",
            "revenue": 113560
        },
        "2003-12": {
            "month": "2003-12",
            "price": "88.70",
            "revenue": 123206
        },
        "2004-01": {
            "month": "2004-01",
            "price": "82.83",
            "revenue": 103583
        },
        "2004-02": {
            "month": "2004-02",
            "price": "83.00",
            "revenue": 124440
        },
        "2004-03": {
            "month": "2004-03",
            "price": "81.09",
            "revenue": 160936
        },
        "2004-04": {
            "month": "2004-04",
            "price": "85.61",
            "revenue": 135494
        },
        "2004-05": {
            "month": "2004-05",
            "price": "79.40",
            "revenue": 168407
        },
        "2004-06": {
            "month": "2004-06",
            "price": "83.74",
            "revenue": 193209
        },
        "2004-07": {
            "month": "2004-07",
            "price": "87.23",
            "revenue": 210970
        },
        "2004-08": {
            "month": "2004-08",
            "price": "80.60",
            "revenue": 262366
        },
        "2004-09": {
            "month": "2004-09",
            "price": "112.38",
            "revenue": 223926
        },
        "2004-10": {
            "month": "2004-10",
            "price": "139.05",
            "revenue": 252911
        },
        "2004-11": {
            "month": "2004-11",
            "price": "168.09",
            "revenue": 320700
        },
        "2004-12": {
            "month": "2004-12",
            "price": "173.61",
            "revenue": 300123
        },
        "2005-01": {
            "month": "2005-01",
            "price": "218.71",
            "revenue": 273821
        },
        "2005-02": {
            "month": "2005-02",
            "price": "314.77",
            "revenue": 252750
        },
        "2005-03": {
            "month": "2005-03",
            "price": "368.98",
            "revenue": 272975
        },
        "2005-04": {
            "month": "2005-04",
            "price": "371.38",
            "revenue": 311493
        },
        "2005-05": {
            "month": "2005-05",
            "price": "419.10",
            "revenue": 331112
        },
        "2005-06": {
            "month": "2005-06",
            "price": "436.82",
            "revenue": 378294
        },
        "2005-07": {
            "month": "2005-07",
            "price": "482.02",
            "revenue": 409540
        },
        "2005-08": {
            "month": "2005-08",
            "price": "484.95",
            "revenue": 464494
        },
        "2005-09": {
            "month": "2005-09",
            "price": "393.67",
            "revenue": 522237
        },
        "2005-10": {
            "month": "2005-10",
            "price": "433.35",
            "revenue": 554343
        },
        "2005-11": {
            "month": "2005-11",
            "price": "413.43",
            "revenue": 297345
        },
        "2005-12": {
            "month": "2005-12",
            "price": "445.57",
            "revenue": 235831
        },
        "2006-01": {
            "month": "2006-01",
            "price": "551.69",
            "revenue": 105652
        },
        "2006-02": {
            "month": "2006-02",
            "price": "664.65",
            "revenue": 157944
        },
        "2006-03": {
            "month": "2006-03",
            "price": "798.74",
            "revenue": 446388
        },
        "2006-04": {
            "month": "2006-04",
            "price": "830.74",
            "revenue": 613588
        },
        "2006-05": {
            "month": "2006-05",
            "price": "841.14",
            "revenue": 717442
        },
        "2006-06": {
            "month": "2006-06",
            "price": "729.23",
            "revenue": 764194
        },
        "2006-07": {
            "month": "2006-07",
            "price": "707.52",
            "revenue": 747688
        },
        "2006-08": {
            "month": "2006-08",
            "price": "785.00",
            "revenue": 760308
        },
        "2006-09": {
            "month": "2006-09",
            "price": "492.17",
            "revenue": 708021
        },
        "2006-10": {
            "month": "2006-10",
            "price": "429.82",
            "revenue": 923255
        },
        "2006-11": {
            "month": "2006-11",
            "price": "487.02",
            "revenue": 997025
        },
        "2006-12": {
            "month": "2006-12",
            "price": "406.10",
            "revenue": 1158167
        },
        "2007-01": {
            "month": "2007-01",
            "price": "422.18",
            "revenue": 1260893
        },
        "2007-02": {
            "month": "2007-02",
            "price": "495.42",
            "revenue": 1018371
        },
        "2007-03": {
            "month": "2007-03",
            "price": "453.54",
            "revenue": 1029001
        },
        "2007-04": {
            "month": "2007-04",
            "price": "418.28",
            "revenue": 1193533
        },
        "2007-05": {
            "month": "2007-05",
            "price": "409.80",
            "revenue": 1201364
        },
        "2007-06": {
            "month": "2007-06",
            "price": "428.30",
            "revenue": 1281061
        },
        "2007-07": {
            "month": "2007-07",
            "price": "432.75",
            "revenue": 1338640
        },
        "2007-08": {
            "month": "2007-08",
            "price": "310.09",
            "revenue": 1384223
        },
        "2007-09": {
            "month": "2007-09",
            "price": "311.67",
            "revenue": 1408767
        },
        "2007-10": {
            "month": "2007-10",
            "price": "354.41",
            "revenue": 1436667
        },
        "2007-11": {
            "month": "2007-11",
            "price": "294.73",
            "revenue": 1480957
        },
        "2007-12": {
            "month": "2007-12",
            "price": "270.52",
            "revenue": 1544080
        },
        "2008-01": {
            "month": "2008-01",
            "price": "244.05",
            "revenue": 1588707
        },
        "2008-02": {
            "month": "2008-02",
            "price": "191.21",
            "revenue": 1645456
        },
        "2008-03": {
            "month": "2008-03",
            "price": "207.29",
            "revenue": 1670068
        },
        "2008-04": {
            "month": "2008-04",
            "price": "229.12",
            "revenue": 1939565
        },
        "2008-05": {
            "month": "2008-05",
            "price": "270.02",
            "revenue": 2022043
        },
        "2008-06": {
            "month": "2008-06",
            "price": "244.17",
            "revenue": 2139212
        },
        "2008-07": {
            "month": "2008-07",
            "price": "227.48",
            "revenue": 2177293
        },
        "2008-08": {
            "month": "2008-08",
            "price": "166.02",
            "revenue": 2212462
        },
        "2008-09": {
            "month": "2008-09",
            "price": "157.76",
            "revenue": 2265108
        },
        "2008-10": {
            "month": "2008-10",
            "price": "125.17",
            "revenue": 2126196
        },
        "2008-11": {
            "month": "2008-11",
            "price": "72.72",
            "revenue": 1806785
        },
        "2008-12": {
            "month": "2008-12",
            "price": "64.97",
            "revenue": 1407555
        },
        "2009-01": {
            "month": "2009-01",
            "price": "75.66",
            "revenue": 1353418
        },
        "2009-02": {
            "month": "2009-02",
            "price": "79.46",
            "revenue": 1496962
        },
        "2009-03": {
            "month": "2009-03",
            "price": "79.65",
            "revenue": 1329947
        },
        "2009-04": {
            "month": "2009-04",
            "price": "97.69",
            "revenue": 1240999
        },
        "2009-05": {
            "month": "2009-05",
            "price": "103.16",
            "revenue": 983838
        },
        "2009-06": {
            "month": "2009-06",
            "price": "118.33",
            "revenue": 1145578
        },
        "2009-07": {
            "month": "2009-07",
            "price": "127.35",
            "revenue": 1429060
        },
        "2009-08": {
            "month": "2009-08",
            "price": "102.46",
            "revenue": 1292224
        },
        "2009-09": {
            "month": "2009-09",
            "price": "89.72",
            "revenue": 1742009
        },
        "2009-10": {
            "month": "2009-10",
            "price": "92.73",
            "revenue": 2035486
        },
        "2009-11": {
            "month": "2009-11",
            "price": "105.57",
            "revenue": 2058180
        },
        "2009-12": {
            "month": "2009-12",
            "price": "134.78",
            "revenue": 1791870
        },
        "2010-01": {
            "month": "2010-01",
            "price": "133.82",
            "revenue": 2092070
        },
        "2010-02": {
            "month": "2010-02",
            "price": "121.68",
            "revenue": 1899862
        },
        "2010-03": {
            "month": "2010-03",
            "price": "122.89",
            "revenue": 2124225
        },
        "2010-04": {
            "month": "2010-04",
            "price": "125.67",
            "revenue": 2140592
        },
        "2010-05": {
            "month": "2010-05",
            "price": "96.25",
            "revenue": 2920558
        },
        "2010-06": {
            "month": "2010-06",
            "price": "96.59",
            "revenue": 3242116
        },
        "2010-07": {
            "month": "2010-07",
            "price": "115.50",
            "revenue": 3763792
        },
        "2010-08": {
            "month": "2010-08",
            "price": "126.45",
            "revenue": 4019621
        },
        "2010-09": {
            "month": "2010-09",
            "price": "125.86",
            "revenue": 3947078
        },
        "2010-10": {
            "month": "2010-10",
            "price": "112.38",
            "revenue": 4286854
        },
        "2010-11": {
            "month": "2010-11",
            "price": "118.07",
            "revenue": 4064079
        },
        "2010-12": {
            "month": "2010-12",
            "price": "110.54",
            "revenue": 4448699
        },
        "2011-01": {
            "month": "2011-01",
            "price": "114.70",
            "revenue": 3099455
        },
        "2011-02": {
            "month": "2011-02",
            "price": "122.43",
            "revenue": 3856225
        },
        "2011-03": {
            "month": "2011-03",
            "price": "126.63",
            "revenue": 3288877
        },
        "2011-04": {
            "month": "2011-04",
            "price": "119.39",
            "revenue": 1876771
        },
        "2011-05": {
            "month": "2011-05",
            "price": "101.51",
            "revenue": 2149555
        },
        "2011-06": {
            "month": "2011-06",
            "price": "102.00",
            "revenue": 2432985
        },
        "2011-07": {
            "month": "2011-07",
            "price": "97.03",
            "revenue": 2638945
        },
        "2011-08": {
            "month": "2011-08",
            "price": "68.91",
            "revenue": 2734739
        },
        "2011-09": {
            "month": "2011-09",
            "price": "53.97",
            "revenue": 2195284
        },
        "2011-10": {
            "month": "2011-10",
            "price": "55.92",
            "revenue": 1783375
        },
        "2011-11": {
            "month": "2011-11",
            "price": "51.07",
            "revenue": 1236428
        },
        "2011-12": {
            "month": "2011-12",
            "price": "50.38",
            "revenue": 930839
        },
        "2012-01": {
            "month": "2012-01",
            "price": "58.03",
            "revenue": 998505
        },
        "2012-02": {
            "month": "2012-02",
            "price": "63.68",
            "revenue": 1368813
        },
        "2012-03": {
            "month": "2012-03",
            "price": "57.71",
            "revenue": 1522798
        },
        "2012-04": {
            "month": "2012-04",
            "price": "46.56",
            "revenue": 1645624
        },
        "2012-05": {
            "month": "2012-05",
            "price": "45.71",
            "revenue": 1579615
        },
        "2012-06": {
            "month": "2012-06",
            "price": "41.35",
            "revenue": 1227587
        },
        "2012-07": {
            "month": "2012-07",
            "price": "36.16",
            "revenue": 1086135
        },
        "2012-08": {
            "month": "2012-08",
            "price": "28.83",
            "revenue": 1147488
        },
        "2012-09": {
            "month": "2012-09",
            "price": "31.17",
            "revenue": 1030053
        },
        "2012-10": {
            "month": "2012-10",
            "price": "27.87",
            "revenue": 988545
        },
        "2012-11": {
            "month": "2012-11",
            "price": "23.87",
            "revenue": 1186377
        },
        "2012-12": {
            "month": "2012-12",
            "price": "25.97",
            "revenue": 1133208
        },
        "2013-01": {
            "month": "2013-01",
            "price": "33.43",
            "revenue": 1063280
        },
        "2013-02": {
            "month": "2013-02",
            "price": "31.23",
            "revenue": 997401
        },
        "2013-03": {
            "month": "2013-03",
            "price": "31.23",
            "revenue": 1606263
        },
        "2013-04": {
            "month": "2013-04",
            "price": "30.10",
            "revenue": 1624542
        },
        "2013-05": {
            "month": "2013-05",
            "price": "39.39",
            "revenue": 1790359
        },
        "2013-06": {
            "month": "2013-06",
            "price": "39.39",
            "revenue": 1686047
        },
        "2013-07": {
            "month": "2013-07",
            "price": "39.91",
            "revenue": 1804908
        },
        "2013-08": {
            "month": "2013-08",
            "price": "38.76",
            "revenue": 2239781
        },
        "2013-09": {
            "month": "2013-09",
            "price": "45.48",
            "revenue": 2307380
        },
        "2013-10": {
            "month": "2013-10",
            "price": "53.85",
            "revenue": 2089781
        },
        "2013-11": {
            "month": "2013-11",
            "price": "56.83",
            "revenue": 2044936
        },
        "2013-12": {
            "month": "2013-12",
            "price": "55.24",
            "revenue": 2095014
        },
        "2014-01": {
            "month": "2014-01",
            "price": "59.12",
            "revenue": 2078404
        },
        "2014-02": {
            "month": "2014-02",
            "price": "51.77",
            "revenue": 1903350
        },
        "2014-03": {
            "month": "2014-03",
            "price": "54.13",
            "revenue": 2001774
        },
        "2014-04": {
            "month": "2014-04",
            "price": "51.98",
            "revenue": 1943352
        },
        "2014-05": {
            "month": "2014-05",
            "price": "49.18",
            "revenue": 1820674
        },
        "2014-06": {
            "month": "2014-06",
            "price": "49.58",
            "revenue": 1503507
        },
        "2014-07": {
            "month": "2014-07",
            "price": "45.06",
            "revenue": 1195728
        },
        "2014-08": {
            "month": "2014-08",
            "price": "38.50",
            "revenue": 1116451
        },
        "2014-09": {
            "month": "2014-09",
            "price": "40.15",
            "revenue": 1552530
        },
        "2014-10": {
            "month": "2014-10",
            "price": "38.05",
            "revenue": 1549830
        },
        "2014-11": {
            "month": "2014-11",
            "price": "34.96",
            "revenue": 1805373
        },
        "2014-12": {
            "month": "2014-12",
            "price": "38.71",
            "revenue": 1507870
        },
        "2015-01": {
            "month": "2015-01",
            "price": "42.82",
            "revenue": 1709985
        },
        "2015-02": {
            "month": "2015-02",
            "price": "41.09",
            "revenue": 1381555
        },
        "2015-03": {
            "month": "2015-03",
            "price": "42.86",
            "revenue": 1095709
        },
        "2015-04": {
            "month": "2015-04",
            "price": "42.08",
            "revenue": 1346425
        },
        "2015-05": {
            "month": "2015-05",
            "price": "34.96",
            "revenue": 1656681
        },
        "2015-06": {
            "month": "2015-06",
            "price": "35.00",
            "revenue": 2135538
        },
        "2015-07": {
            "month": "2015-07",
            "price": "42.15",
            "revenue": 2286172
        },
        "2015-08": {
            "month": "2015-08",
            "price": "31.87",
            "revenue": 2271925
        },
        "2015-09": {
            "month": "2015-09",
            "price": "32.54",
            "revenue": 2539408
        },
        "2015-10": {
            "month": "2015-10",
            "price": "42.25",
            "revenue": 2584126
        },
        "2015-11": {
            "month": "2015-11",
            "price": "43.48",
            "revenue": 2805492
        },
        "2015-12": {
            "month": "2015-12",
            "price": "44.93",
            "revenue": 2941138
        },
        "2016-01": {
            "month": "2016-01",
            "price": "39.66",
            "revenue": 3211483
        },
        "2016-02": {
            "month": "2016-02",
            "price": "40.82",
            "revenue": 3166098
        },
        "2016-03": {
            "month": "2016-03",
            "price": "37.54",
            "revenue": 3242580
        },
        "2016-04": {
            "month": "2016-04",
            "price": "33.61",
            "revenue": 3051264
        },
        "2016-05": {
            "month": "2016-05",
            "price": "32.33",
            "revenue": 2967606
        },
        "2016-06": {
            "month": "2016-06",
            "price": "32.32",
            "revenue": 2824739
        },
        "2016-07": {
            "month": "2016-07",
            "price": "33.26",
            "revenue": 1956083
        },
        "2016-08": {
            "month": "2016-08",
            "price": "31.60",
            "revenue": 1774393
        },
        "2016-09": {
            "month": "2016-09",
            "price": "30.92",
            "revenue": 1373273
        },
        "2016-10": {
            "month": "2016-10",
            "price": "32.15",
            "revenue": 1529820
        },
        "2016-11": {
            "month": "2016-11",
            "price": "27.65",
            "revenue": 1935030
        },
        "2016-12": {
            "month": "2016-12",
            "price": "27.61",
            "revenue": 1930523
        },
        "2017-01": {
            "month": "2017-01",
            "price": "28.88",
            "revenue": 1728293
        },
        "2017-02": {
            "month": "2017-02",
            "price": "29.71",
            "revenue": 1486984
        },
        "2017-03": {
            "month": "2017-03",
            "price": "29.37",
            "revenue": 1853864
        },
        "2017-04": {
            "month": "2017-04",
            "price": "26.68",
            "revenue": 1685371
        },
        "2017-05": {
            "month": "2017-05",
            "price": "25.57",
            "revenue": 1879869
        },
        "2017-06": {
            "month": "2017-06",
            "price": "26.08",
            "revenue": 2032727
        },
        "2017-07": {
            "month": "2017-07",
            "price": "24.38",
            "revenue": 1987400
        },
        "2017-08": {
            "month": "2017-08",
            "price": "22.19",
            "revenue": 2096367
        },
        "2017-09": {
            "month": "2017-09",
            "price": "23.59",
            "revenue": 2184031
        },
        "2017-10": {
            "month": "2017-10",
            "price": "24.16",
            "revenue": 2099274
        },
        "2017-11": {
            "month": "2017-11",
            "price": "22.96",
            "revenue": 2055525
        },
        "2017-12": {
            "month": "2017-12",
            "price": "21.94",
            "revenue": 2098909
        },
        "2018-01": {
            "month": "2018-01",
            "price": "22.83",
            "revenue": 1917283
        },
        "2018-02": {
            "month": "2018-02",
            "price": "21.20",
            "revenue": 1149176
        },
        "2018-03": {
            "month": "2018-03",
            "price": "22.70",
            "revenue": 1866486
        },
        "2018-04": {
            "month": "2018-04",
            "price": "22.16",
            "revenue": 1638041
        },
        "2018-05": {
            "month": "2018-05",
            "price": "19.95",
            "revenue": 1571165
        },
        "2018-06": {
            "month": "2018-06",
            "price": "17.70",
            "revenue": 1187111
        },
        "2018-07": {
            "month": "2018-07",
            "price": "13.59",
            "revenue": 1120378
        },
        "2018-08": {
            "month": "2018-08",
            "price": "11.17",
            "revenue": 774687
        },
        "2018-09": {
            "month": "2018-09",
            "price": "10.11",
            "revenue": 616666
        },
        "2018-10": {
            "month": "2018-10",
            "price": "7.63",
            "revenue": 523603
        },
        "2018-11": {
            "month": "2018-11",
            "price": "7.94",
            "revenue": 892102
        },
        "2018-12": {
            "month": "2018-12",
            "price": "8.02",
            "revenue": 930417
        },
        "2019-01": {
            "month": "2019-01",
            "price": "8.70",
            "revenue": 439442
        },
        "2019-02": {
            "month": "2019-02",
            "price": "9.11",
            "revenue": 304022
        },
        "2019-03": {
            "month": "2019-03",
            "price": "8.87",
            "revenue": 487326
        },
        "2019-04": {
            "month": "2019-04",
            "price": "8.84",
            "revenue": 412685
        },
        "2019-05": {
            "month": "2019-05",
            "price": "8.23",
            "revenue": 560608
        },
        "2019-06": {
            "month": "2019-06",
            "price": "8.39",
            "revenue": 604429
        },
        "2019-07": {
            "month": "2019-07",
            "price": "9.14",
            "revenue": 460343
        },
        "2019-08": {
            "month": "2019-08",
            "price": "10.74",
            "revenue": 488912
        },
        "2019-09": {
            "month": "2019-09",
            "price": "9.65",
            "revenue": 480886
        },
        "2019-10": {
            "month": "2019-10",
            "price": "9.34",
            "revenue": 403145
        },
        "2019-11": {
            "month": "2019-11",
            "price": "8.93",
            "revenue": 331783
        },
        "2019-12": {
            "month": "2019-12",
            "price": "8.14",
            "revenue": 323495
        },
        "2020-01": {
            "month": "2020-01",
            "price": "8.03",
            "revenue": 183913
        },
        "2020-02": {
            "month": "2020-02",
            "price": "7.29",
            "revenue": 259052
        },
        "2020-03": {
            "month": "2020-03",
            "price": "5.41",
            "revenue": 302748
        },
        "2020-04": {
            "month": "2020-04",
            "price": "5.28",
            "revenue": 326898
        },
        "2020-05": {
            "month": "2020-05",
            "price": "6.66",
            "revenue": 341988
        },
        "2020-06": {
            "month": "2020-06",
            "price": "7.35",
            "revenue": 351962
        },
        "2020-07": {
            "month": "2020-07",
            "price": "8.71",
            "revenue": 358888
        },
        "2020-08": {
            "month": "2020-08",
            "price": "15.51",
            "revenue": 366188
        },
        "2020-09": {
            "month": "2020-09",
            "price": "27.34",
            "revenue": 314835
        },
        "2020-10": {
            "month": "2020-10",
            "price": "39.31",
            "revenue": 283720
        },
        "2020-11": {
            "month": "2020-11",
            "price": "34.76",
            "revenue": 258626
        },
        "2020-12": {
            "month": "2020-12",
            "price": "34.10",
            "revenue": 329577
        },
        "2021-01": {
            "month": "2021-01",
            "price": "31.88",
            "revenue": 301182
        },
        "2021-02": {
            "month": "2021-02",
            "price": "29.82",
            "revenue": 338195
        },
        "2021-03": {
            "month": "2021-03",
            "price": "36.21",
            "revenue": 469430
        },
        "2021-04": {
            "month": "2021-04",
            "price": "38.31",
            "revenue": 481837
        },
        "2021-05": {
            "month": "2021-05",
            "price": "31.26",
            "revenue": 489721
        },
        "2021-06": {
            "month": "2021-06",
            "price": "31.58",
            "revenue": 656661
        },
        "2021-07": {
            "month": "2021-07",
            "price": "33.30",
            "revenue": 447325
        },
        "2021-08": {
            "month": "2021-08",
            "price": "30.25",
            "revenue": 469305
        },
        "2021-09": {
            "month": "2021-09",
            "price": "29.02",
            "revenue": 656116
        },
        "2021-10": {
            "month": "2021-10",
            "price": "30.15",
            "revenue": 526176
        },
        "2021-11": {
            "month": "2021-11",
            "price": "33.72",
            "revenue": 500233
        },
        "2021-12": {
            "month": "2021-12",
            "price": "35.97",
            "revenue": 536808
        },
        "2022-01": {
            "month": "2022-01",
            "price": "33.08",
            "revenue": 448456
        },
        "2022-02": {
            "month": "2022-02",
            "price": "31.41",
            "revenue": 272691
        },
        "2022-03": {
            "month": "2022-03",
            "price": "33.27",
            "revenue": 378196
        },
        "2022-04": {
            "month": "2022-04",
            "price": "33.11",
            "revenue": 400985
        },
        "2022-05": {
            "month": "2022-05",
            "price": "28.95",
            "revenue": 364995
        },
        "2022-06": {
            "month": "2022-06",
            "price": "29.27",
            "revenue": 396965
        },
        "2022-07": {
            "month": "2022-07",
            "price": "28.63",
            "revenue": 348145
        },
        "2022-08": {
            "month": "2022-08",
            "price": "28.56",
            "revenue": 510730
        },
        "2022-09": {
            "month": "2022-09",
            "price": "27.58",
            "revenue": 528825
        },
        "2022-10": {
            "month": "2022-10",
            "price": "24.83",
            "revenue": 471995
        },
        "2022-11": {
            "month": "2022-11",
            "price": "25.19",
            "revenue": 602139
        },
        "2022-12": {
            "month": "2022-12",
            "price": "28.12",
            "revenue": 635856
        },
        "2023-01": {
            "month": "2023-01",
            "price": "28.38",
            "revenue": 363097
        },
        "2023-02": {
            "month": "2023-02",
            "price": "28.93",
            "revenue": 480081
        },
        "2023-03": {
            "month": "2023-03",
            "price": "32.65",
            "revenue": 511376
        },
        "2023-04": {
            "month": "2023-04",
            "price": "37.80",
            "revenue": 297286
        },
        "2023-05": {
            "month": "2023-05",
            "price": "35.62",
            "revenue": 265133
        },
        "2023-06": {
            "month": "2023-06",
            "price": "33.60",
            "revenue": 264383
        },
        "2023-07": {
            "month": "2023-07",
            "price": "32.12",
            "revenue": 308035
        },
        "2023-08": {
            "month": "2023-08",
            "price": "28.70",
            "revenue": 322950
        },
        "2023-09": {
            "month": "2023-09",
            "price": "27.35",
            "revenue": 323538
        },
        "2023-10": {
            "month": "2023-10",
            "price": "28.36",
            "revenue": 221673
        },
        "2023-11": {
            "month": "2023-11",
            "price": "28.10",
            "revenue": 343876
        },
        "2023-12": {
            "month": "2023-12",
            "price": "28.22",
            "revenue": 364553
        }
    }
}
