{
    "summary": {
        "stock_name": "立端",
        "stock_id": "6245",
        "category": "通信網路",
        "main_business": "電腦及其週邊設備及電子零件材料之製造加工買賣.<br>電腦軟體設計開發買賣業務.<br>企業電腦化顧問業務及有關資訊處理服務業務.",
        "website_url": "http://www.lannerinc.com",
        "ceo": "周逸文",
        "pe_ratio": 13,
        "report_year_from": 2001,
        "report_year_to": 2023,
        "age": 22,
        "eps_negative_percentage": 0,
        "eps_growth_avg": {
            "last_all": 12.39,
            "last_2y": 30.6,
            "last_4y": 23.9,
            "last_8y": 11.85,
            "last_12y": 13.2,
            "last_16y": 8.27,
            "last_20y": 12.39,
            "at_2006_last_3y": 17.94,
            "at_2007_last_3y": 17.94,
            "at_2008_last_3y": -7.09,
            "at_2009_last_3y": -7.77,
            "at_2010_last_3y": -36.71,
            "at_2011_last_3y": -36.71,
            "at_2012_last_3y": -7.92,
            "at_2013_last_3y": 16.25,
            "at_2014_last_3y": 37.11,
            "at_2015_last_3y": 11.03,
            "at_2016_last_3y": 2.43,
            "at_2017_last_3y": -3.22,
            "at_2018_last_3y": 3.94,
            "at_2019_last_3y": 7.36,
            "at_2020_last_3y": 8.07,
            "at_2021_last_3y": 9.28,
            "at_2022_last_3y": 25.3,
            "at_2023_last_3y": 25.3,
            "at_2006_last_all": 28.35,
            "at_2007_last_all": 40.29,
            "at_2008_last_all": 25.01,
            "at_2009_last_all": 11.08,
            "at_2010_last_all": -0.57,
            "at_2011_last_all": 9.49,
            "at_2012_last_all": 13.04,
            "at_2013_last_all": 12.8,
            "at_2014_last_all": 11.03,
            "at_2015_last_all": 9.93,
            "at_2016_last_all": 10.21,
            "at_2017_last_all": 8.8,
            "at_2018_last_all": 9.36,
            "at_2019_last_all": 9.36,
            "at_2020_last_all": 9.76,
            "at_2021_last_all": 8.89,
            "at_2022_last_all": 12.39,
            "at_2023_last_all": 12.39
        },
        "latest_eps": 9.68,
        "latest_price": 128,
        "latest_roe": 27.7,
        "latest_gross_margin": 33.3,
        "latest_equity": 4550769,
        "latest_revenue": 2206539,
        "latest_gross_profit": 734831,
        "latest_net_income": 255052,
        "latest_debt_ratio": 48.02,
        "latest_current_ratio": 189.2,
        "latest_account_receivable_turnover_ratio": 1.45,
        "latest_inventory_turnover_ratio": 0.56,
        "latest_reinvestment_rate": 7.41,
        "latest_research_to_sale_ratio": 7.22
    },
    "eps_dividends": {
        "2001": {
            "cash": 1,
            "stock": 0,
            "eps": 0.7
        },
        "2002": {
            "cash": 0,
            "stock": 2,
            "eps": 1.19
        },
        "2003": {
            "cash": 0,
            "stock": 2,
            "eps": 2.72
        },
        "2004": {
            "cash": 0,
            "stock": 2,
            "eps": 3.63
        },
        "2005": {
            "cash": 1,
            "stock": 1,
            "eps": 0.59
        },
        "2006": {
            "cash": 0,
            "stock": 0,
            "eps": 0.72
        },
        "2007": {
            "cash": 0,
            "stock": 0,
            "eps": 3.54
        },
        "2008": {
            "cash": 1,
            "stock": 1,
            "eps": 1.18
        },
        "2009": {
            "cash": 0,
            "stock": 0,
            "eps": 0.16
        },
        "2010": {
            "cash": 0,
            "stock": 0,
            "eps": 0.01
        },
        "2011": {
            "cash": 0,
            "stock": 0,
            "eps": 2.37
        },
        "2012": {
            "cash": 1,
            "stock": 1,
            "eps": 3.52
        },
        "2013": {
            "cash": 1,
            "stock": 1,
            "eps": 3.88
        },
        "2014": {
            "cash": 1,
            "stock": 1,
            "eps": 3.48
        },
        "2015": {
            "cash": 2,
            "stock": 1,
            "eps": 3.33
        },
        "2016": {
            "cash": 2,
            "stock": 0,
            "eps": 3.8
        },
        "2017": {
            "cash": 3,
            "stock": 0,
            "eps": 3.33
        },
        "2018": {
            "cash": 2,
            "stock": 0,
            "eps": 3.94
        },
        "2019": {
            "cash": 2,
            "stock": 1,
            "eps": 4.31
        },
        "2020": {
            "cash": 3,
            "stock": 0,
            "eps": 5.04
        },
        "2021": {
            "cash": 3,
            "stock": 0,
            "eps": 4.66
        },
        "2022": {
            "cash": 3,
            "stock": 0,
            "eps": 8.5
        },
        "2023": {
            "cash": 4,
            "stock": 1,
            "eps": 2.16
        }
    },
    "dividends": {
        "2001-06-26": {
            "cash": 0.6,
            "stock": 0
        },
        "2002-05-29": {
            "cash": 0.12,
            "stock": 2
        },
        "2003-06-17": {
            "cash": 0.12,
            "stock": 2
        },
        "2004-03-15": {
            "cash": 0.2,
            "stock": 2
        },
        "2005-03-10": {
            "cash": 1.1,
            "stock": 1.1
        },
        "2006-03-31": {
            "cash": 0.24,
            "stock": 0.24
        },
        "2007-03-30": {
            "cash": 0.23,
            "stock": 0.23
        },
        "2008-03-25": {
            "cash": 1,
            "stock": 1
        },
        "2009-03-25": {
            "cash": 0.31,
            "stock": 0.31
        },
        "2010-03-24": {
            "cash": 0.1,
            "stock": 0.15
        },
        "2011-03-28": {
            "cash": 0.1,
            "stock": 0.15
        },
        "2012-06-21": {
            "cash": 0.6,
            "stock": 0.7
        },
        "2013-06-28": {
            "cash": 0.99,
            "stock": 0.99
        },
        "2014-09-23": {
            "cash": 1.46,
            "stock": 0.68
        },
        "2015-09-24": {
            "cash": 1.5,
            "stock": 0.5
        },
        "2016-09-23": {
            "cash": 1.97,
            "stock": 0
        },
        "2017-09-15": {
            "cash": 3,
            "stock": 0
        },
        "2018-09-17": {
            "cash": 2,
            "stock": 0.2
        },
        "2019-09-17": {
            "cash": 2,
            "stock": 0.8
        },
        "2020-09-17": {
            "cash": 2.8,
            "stock": 0
        },
        "2021-09-30": {
            "cash": 3.3,
            "stock": 0
        },
        "2022-09-30": {
            "cash": 3,
            "stock": 0
        },
        "2023-05-04": {
            "cash": 4,
            "stock": 0.6
        }
    },
    "prices": {
        "200101": "無",
        "200102": "無",
        "200103": "無",
        "200104": "無",
        "200105": "無",
        "200106": "無",
        "200107": "無",
        "200108": "無",
        "200109": "無",
        "200110": "無",
        "200111": "無",
        "200112": "無",
        "200201": "無",
        "200202": "無",
        "200203": "無",
        "200204": "無",
        "200205": "無",
        "200206": "無",
        "200207": "無",
        "200208": "無",
        "200209": "無",
        "200210": "無",
        "200211": "無",
        "200212": "無",
        "200301": "無",
        "200302": "無",
        "200303": "無",
        "200304": "無",
        "200305": "29.57",
        "200306": "32.85",
        "200307": "29.75",
        "200308": "24.07",
        "200309": "23.11",
        "200310": "24.44",
        "200311": "30.40",
        "200312": "37.01",
        "200401": "42.75",
        "200402": "41.94",
        "200403": "51.55",
        "200404": "60.41",
        "200405": "49.44",
        "200406": "43.07",
        "200407": "35.15",
        "200408": "29.00",
        "200409": "30.58",
        "200410": "27.84",
        "200411": "26.38",
        "200412": "26.80",
        "200501": "25.50",
        "200502": "26.90",
        "200503": "30.08",
        "200504": "27.62",
        "200505": "19.72",
        "200506": "21.51",
        "200507": "23.65",
        "200508": "25.54",
        "200509": "26.51",
        "200510": "28.24",
        "200511": "29.80",
        "200512": "32.76",
        "200601": "37.88",
        "200602": "37.11",
        "200603": "37.43",
        "200604": "37.08",
        "200605": "34.65",
        "200606": "31.21",
        "200607": "30.90",
        "200608": "30.92",
        "200609": "29.72",
        "200610": "27.60",
        "200611": "28.74",
        "200612": "30.58",
        "200701": "29.40",
        "200702": "26.12",
        "200703": "28.91",
        "200704": "38.24",
        "200705": "42.45",
        "200706": "46.85",
        "200707": "52.92",
        "200708": "44.85",
        "200709": "46.56",
        "200710": "44.05",
        "200711": "40.76",
        "200712": "38.38",
        "200801": "32.59",
        "200802": "35.36",
        "200803": "36.52",
        "200804": "34.65",
        "200805": "32.36",
        "200806": "26.39",
        "200807": "20.59",
        "200808": "18.33",
        "200809": "14.38",
        "200810": "12.01",
        "200811": "9.43",
        "200812": "9.54",
        "200901": "10.41",
        "200902": "10.24",
        "200903": "11.53",
        "200904": "12.37",
        "200905": "12.37",
        "200906": "11.80",
        "200907": "12.84",
        "200908": "13.54",
        "200909": "13.86",
        "200910": "18.88",
        "200911": "22.27",
        "200912": "29.96",
        "201001": "28.68",
        "201002": "23.43",
        "201003": "26.38",
        "201004": "27.22",
        "201005": "23.04",
        "201006": "22.74",
        "201007": "22.02",
        "201008": "21.20",
        "201009": "20.65",
        "201010": "19.31",
        "201011": "15.50",
        "201012": "18.09",
        "201101": "17.32",
        "201102": "18.28",
        "201103": "18.03",
        "201104": "18.16",
        "201105": "19.08",
        "201106": "21.80",
        "201107": "23.60",
        "201108": "21.42",
        "201109": "24.34",
        "201110": "23.97",
        "201111": "21.70",
        "201112": "19.41",
        "201201": "24.56",
        "201202": "29.31",
        "201203": "36.03",
        "201204": "36.20",
        "201205": "33.13",
        "201206": "28.10",
        "201207": "30.30",
        "201208": "32.85",
        "201209": "32.25",
        "201210": "31.72",
        "201211": "31.95",
        "201212": "34.85",
        "201301": "35.40",
        "201302": "34.71",
        "201303": "33.85",
        "201304": "33.78",
        "201305": "35.86",
        "201306": "38.73",
        "201307": "43.87",
        "201308": "50.22",
        "201309": "47.02",
        "201310": "50.71",
        "201311": "50.96",
        "201312": "56.58",
        "201401": "53.08",
        "201402": "54.38",
        "201403": "59.56",
        "201404": "54.04",
        "201405": "48.10",
        "201406": "48.55",
        "201407": "46.03",
        "201408": "36.32",
        "201409": "34.23",
        "201410": "36.42",
        "201411": "36.58",
        "201412": "41.81",
        "201501": "44.36",
        "201502": "45.21",
        "201503": "48.21",
        "201504": "48.46",
        "201505": "42.58",
        "201506": "45.84",
        "201507": "40.81",
        "201508": "32.09",
        "201509": "36.00",
        "201510": "40.11",
        "201511": "42.34",
        "201512": "41.90",
        "201601": "37.91",
        "201602": "39.16",
        "201603": "40.42",
        "201604": "39.58",
        "201605": "39.16",
        "201606": "43.34",
        "201607": "46.72",
        "201608": "43.03",
        "201609": "42.59",
        "201610": "44.12",
        "201611": "43.26",
        "201612": "42.52",
        "201701": "43.15",
        "201702": "44.04",
        "201703": "45.51",
        "201704": "47.40",
        "201705": "44.54",
        "201706": "44.63",
        "201707": "44.50",
        "201708": "41.74",
        "201709": "42.14",
        "201710": "43.42",
        "201711": "44.78",
        "201712": "47.41",
        "201801": "45.88",
        "201802": "41.69",
        "201803": "43.79",
        "201804": "45.41",
        "201805": "45.85",
        "201806": "47.58",
        "201807": "45.45",
        "201808": "43.84",
        "201809": "45.96",
        "201810": "42.49",
        "201811": "40.95",
        "201812": "44.14",
        "201901": "53.09",
        "201902": "64.69",
        "201903": "74.77",
        "201904": "81.37",
        "201905": "70.60",
        "201906": "70.78",
        "201907": "75.23",
        "201908": "71.10",
        "201909": "71.38",
        "201910": "70.55",
        "201911": "65.55",
        "201912": "65.35",
        "202001": "63.37",
        "202002": "59.33",
        "202003": "49.00",
        "202004": "52.72",
        "202005": "56.50",
        "202006": "59.70",
        "202007": "60.51",
        "202008": "57.02",
        "202009": "57.15",
        "202010": "60.64",
        "202011": "67.30",
        "202012": "67.00",
        "202101": "69.00",
        "202102": "66.25",
        "202103": "66.39",
        "202104": "67.48",
        "202105": "59.04",
        "202106": "59.85",
        "202107": "58.60",
        "202108": "54.47",
        "202109": "48.48",
        "202110": "48.15",
        "202111": "50.44",
        "202112": "53.03",
        "202201": "54.51",
        "202202": "53.65",
        "202203": "54.17",
        "202204": "58.16",
        "202205": "53.43",
        "202206": "60.70",
        "202207": "65.08",
        "202208": "70.26",
        "202209": "67.22",
        "202210": "60.03",
        "202211": "76.92",
        "202212": "99.68",
        "202301": "93.75",
        "202302": "105.18",
        "202303": "116.87",
        "202304": "108.22",
        "202305": "120.24"
    },
    "quarters": {
        "20011": {
            "year_quarter": 20011,
            "year": 2001,
            "quarter": 1,
            "eps": null,
            "eps_growth_year": null,
            "eps_4q": null,
            "eps_4q_growth_year": null,
            "roe": null,
            "roe_4q": 0,
            "gross_profit": null,
            "gross_margin": null,
            "gross_margin_4q_avg": 0,
            "net_income": null,
            "revenue": null,
            "common_shares": null,
            "book_valuer_per_share": null,
            "book_valuer_per_share_4q_avg": 0,
            "equity": null,
            "current_ratio": null,
            "debt_ratio": null,
            "inventory_turnover_ratio": null,
            "account_receivable_turnover_ratio": null,
            "reinvestment_rate": null,
            "research_to_sale_ratio": null,
            "price_fair": 0,
            "eps_avg_yearly": 0,
            "eps_latest_yearly": 0,
            "eps_growth_yearly": 0
        },
        "20012": {
            "year_quarter": 20012,
            "year": 2001,
            "quarter": 2,
            "eps": null,
            "eps_growth_year": null,
            "eps_4q": null,
            "eps_4q_growth_year": null,
            "roe": null,
            "roe_4q": 0,
            "gross_profit": null,
            "gross_margin": null,
            "gross_margin_4q_avg": 0,
            "net_income": null,
            "revenue": null,
            "common_shares": null,
            "book_valuer_per_share": null,
            "book_valuer_per_share_4q_avg": 0,
            "equity": null,
            "current_ratio": null,
            "debt_ratio": null,
            "inventory_turnover_ratio": null,
            "account_receivable_turnover_ratio": null,
            "reinvestment_rate": null,
            "research_to_sale_ratio": null,
            "price_fair": 0,
            "eps_avg_yearly": 0,
            "eps_latest_yearly": 0,
            "eps_growth_yearly": 0
        },
        "20013": {
            "year_quarter": 20013,
            "year": 2001,
            "quarter": 3,
            "eps": null,
            "eps_growth_year": null,
            "eps_4q": null,
            "eps_4q_growth_year": null,
            "roe": null,
            "roe_4q": 0,
            "gross_profit": null,
            "gross_margin": null,
            "gross_margin_4q_avg": 0,
            "net_income": null,
            "revenue": null,
            "common_shares": null,
            "book_valuer_per_share": null,
            "book_valuer_per_share_4q_avg": 0,
            "equity": null,
            "current_ratio": null,
            "debt_ratio": null,
            "inventory_turnover_ratio": null,
            "account_receivable_turnover_ratio": null,
            "reinvestment_rate": null,
            "research_to_sale_ratio": null,
            "price_fair": 0,
            "eps_avg_yearly": 0,
            "eps_latest_yearly": 0,
            "eps_growth_yearly": 0
        },
        "20014": {
            "year_quarter": 20014,
            "year": 2001,
            "quarter": 4,
            "eps": 0.7,
            "eps_growth_year": null,
            "eps_4q": null,
            "eps_4q_growth_year": null,
            "roe": 4.61,
            "roe_4q": 4.61,
            "gross_profit": 37309,
            "gross_margin": 34.15,
            "gross_margin_4q_avg": 8.54,
            "net_income": 12201,
            "revenue": 109252,
            "common_shares": 175000,
            "book_valuer_per_share": 15.04,
            "book_valuer_per_share_4q_avg": 3.76,
            "equity": 264482,
            "current_ratio": 239.39,
            "debt_ratio": 39.17,
            "inventory_turnover_ratio": 0.72,
            "account_receivable_turnover_ratio": null,
            "reinvestment_rate": null,
            "research_to_sale_ratio": null,
            "price_fair": 0,
            "eps_avg_yearly": 0,
            "eps_latest_yearly": 0,
            "eps_growth_yearly": 0
        },
        "20021": {
            "year_quarter": 20021,
            "year": 2002,
            "quarter": 1,
            "eps": null,
            "eps_growth_year": null,
            "eps_4q": null,
            "eps_4q_growth_year": null,
            "roe": null,
            "roe_4q": 4.61,
            "gross_profit": null,
            "gross_margin": null,
            "gross_margin_4q_avg": 8.54,
            "net_income": null,
            "revenue": null,
            "common_shares": null,
            "book_valuer_per_share": null,
            "book_valuer_per_share_4q_avg": 3.76,
            "equity": null,
            "current_ratio": null,
            "debt_ratio": null,
            "inventory_turnover_ratio": null,
            "account_receivable_turnover_ratio": null,
            "reinvestment_rate": null,
            "research_to_sale_ratio": null,
            "price_fair": 0,
            "eps_avg_yearly": 0,
            "eps_latest_yearly": 0,
            "eps_growth_yearly": 0
        },
        "20022": {
            "year_quarter": 20022,
            "year": 2002,
            "quarter": 2,
            "eps": null,
            "eps_growth_year": null,
            "eps_4q": null,
            "eps_4q_growth_year": null,
            "roe": null,
            "roe_4q": 4.61,
            "gross_profit": null,
            "gross_margin": null,
            "gross_margin_4q_avg": 8.54,
            "net_income": null,
            "revenue": null,
            "common_shares": null,
            "book_valuer_per_share": null,
            "book_valuer_per_share_4q_avg": 3.76,
            "equity": null,
            "current_ratio": null,
            "debt_ratio": null,
            "inventory_turnover_ratio": null,
            "account_receivable_turnover_ratio": null,
            "reinvestment_rate": null,
            "research_to_sale_ratio": null,
            "price_fair": 0,
            "eps_avg_yearly": 0,
            "eps_latest_yearly": 0,
            "eps_growth_yearly": 0
        },
        "20023": {
            "year_quarter": 20023,
            "year": 2002,
            "quarter": 3,
            "eps": 0.51,
            "eps_growth_year": null,
            "eps_4q": null,
            "eps_4q_growth_year": null,
            "roe": 3.55,
            "roe_4q": 8.16,
            "gross_profit": 42340,
            "gross_margin": 28.85,
            "gross_margin_4q_avg": 15.75,
            "net_income": 10889,
            "revenue": 146750,
            "common_shares": 215000,
            "book_valuer_per_share": 14.26,
            "book_valuer_per_share_4q_avg": 7.33,
            "equity": 306540,
            "current_ratio": 181.75,
            "debt_ratio": 45.14,
            "inventory_turnover_ratio": 0.73,
            "account_receivable_turnover_ratio": null,
            "reinvestment_rate": null,
            "research_to_sale_ratio": null,
            "price_fair": 0,
            "eps_avg_yearly": 0,
            "eps_latest_yearly": 0,
            "eps_growth_yearly": 0
        },
        "20024": {
            "year_quarter": 20024,
            "year": 2002,
            "quarter": 4,
            "eps": 0.68,
            "eps_growth_year": -2.86,
            "eps_4q": null,
            "eps_4q_growth_year": null,
            "roe": 4.68,
            "roe_4q": 8.23,
            "gross_profit": 46390,
            "gross_margin": 29.92,
            "gross_margin_4q_avg": 14.69,
            "net_income": 14715,
            "revenue": 155047,
            "common_shares": 215000,
            "book_valuer_per_share": 14.93,
            "book_valuer_per_share_4q_avg": 7.3,
            "equity": 322427,
            "current_ratio": 203.68,
            "debt_ratio": 42.53,
            "inventory_turnover_ratio": 0.76,
            "account_receivable_turnover_ratio": null,
            "reinvestment_rate": null,
            "research_to_sale_ratio": null,
            "price_fair": 95.2,
            "eps_avg_yearly": 2.72,
            "eps_latest_yearly": 2.72,
            "eps_growth_yearly": 133.33
        },
        "20031": {
            "year_quarter": 20031,
            "year": 2003,
            "quarter": 1,
            "eps": 0.59,
            "eps_growth_year": null,
            "eps_4q": null,
            "eps_4q_growth_year": null,
            "roe": 3.89,
            "roe_4q": 12.120000000000001,
            "gross_profit": 43230,
            "gross_margin": 29.19,
            "gross_margin_4q_avg": 21.99,
            "net_income": 12761,
            "revenue": 148076,
            "common_shares": 215000,
            "book_valuer_per_share": 15.53,
            "book_valuer_per_share_4q_avg": 11.18,
            "equity": 333798,
            "current_ratio": 216.52,
            "debt_ratio": 36.97,
            "inventory_turnover_ratio": 0.79,
            "account_receivable_turnover_ratio": null,
            "reinvestment_rate": null,
            "research_to_sale_ratio": null,
            "price_fair": 88.9,
            "eps_avg_yearly": 2.54,
            "eps_latest_yearly": 2.36,
            "eps_growth_yearly": 40.2
        },
        "20032": {
            "year_quarter": 20032,
            "year": 2003,
            "quarter": 2,
            "eps": 0.51,
            "eps_growth_year": null,
            "eps_4q": 1.94,
            "eps_4q_growth_year": null,
            "roe": 4.03,
            "roe_4q": 16.15,
            "gross_profit": 50507,
            "gross_margin": 29.21,
            "gross_margin_4q_avg": 29.29,
            "net_income": 13662,
            "revenue": 172901,
            "common_shares": 215000,
            "book_valuer_per_share": 15.98,
            "book_valuer_per_share_4q_avg": 15.18,
            "equity": 343623,
            "current_ratio": 184.77,
            "debt_ratio": 42.49,
            "inventory_turnover_ratio": 1.01,
            "account_receivable_turnover_ratio": null,
            "reinvestment_rate": null,
            "research_to_sale_ratio": null,
            "price_fair": 44.42,
            "eps_avg_yearly": 2.37,
            "eps_latest_yearly": 2.04,
            "eps_growth_yearly": 8.72
        },
        "20033": {
            "year_quarter": 20033,
            "year": 2003,
            "quarter": 3,
            "eps": 0.42,
            "eps_growth_year": -17.65,
            "eps_4q": 1.96,
            "eps_4q_growth_year": null,
            "roe": 3.22,
            "roe_4q": 15.82,
            "gross_profit": 46231,
            "gross_margin": 25.66,
            "gross_margin_4q_avg": 28.5,
            "net_income": 11240,
            "revenue": 180138,
            "common_shares": 268000,
            "book_valuer_per_share": 13.2,
            "book_valuer_per_share_4q_avg": 14.91,
            "equity": 353731,
            "current_ratio": 185.44,
            "debt_ratio": 42.06,
            "inventory_turnover_ratio": 0.94,
            "account_receivable_turnover_ratio": null,
            "reinvestment_rate": null,
            "research_to_sale_ratio": null,
            "price_fair": 6.6,
            "eps_avg_yearly": 2.2,
            "eps_latest_yearly": 1.68,
            "eps_growth_yearly": -11.11
        },
        "20034": {
            "year_quarter": 20034,
            "year": 2003,
            "quarter": 4,
            "eps": 1.2,
            "eps_growth_year": 76.47,
            "eps_4q": 2.6,
            "eps_4q_growth_year": null,
            "roe": 8.7,
            "roe_4q": 19.84,
            "gross_profit": 65740,
            "gross_margin": 26.54,
            "gross_margin_4q_avg": 27.65,
            "net_income": 32255,
            "revenue": 247703,
            "common_shares": 268000,
            "book_valuer_per_share": 14.41,
            "book_valuer_per_share_4q_avg": 14.78,
            "equity": 387543,
            "current_ratio": 173.13,
            "debt_ratio": 47.09,
            "inventory_turnover_ratio": 0.91,
            "account_receivable_turnover_ratio": null,
            "reinvestment_rate": null,
            "research_to_sale_ratio": null,
            "price_fair": 95.2,
            "eps_avg_yearly": 2.72,
            "eps_latest_yearly": 4.8,
            "eps_growth_yearly": 139.68
        },
        "20041": {
            "year_quarter": 20041,
            "year": 2004,
            "quarter": 1,
            "eps": 1.55,
            "eps_growth_year": 162.71,
            "eps_4q": 3.69,
            "eps_4q_growth_year": null,
            "roe": 10.18,
            "roe_4q": 26.13,
            "gross_profit": 86436,
            "gross_margin": 27.51,
            "gross_margin_4q_avg": 27.23,
            "net_income": 41426,
            "revenue": 314156,
            "common_shares": 268000,
            "book_valuer_per_share": 15.91,
            "book_valuer_per_share_4q_avg": 14.88,
            "equity": 426432,
            "current_ratio": 163.85,
            "debt_ratio": 49.22,
            "inventory_turnover_ratio": 0.92,
            "account_receivable_turnover_ratio": null,
            "reinvestment_rate": null,
            "research_to_sale_ratio": null,
            "price_fair": 115.5,
            "eps_avg_yearly": 3.3,
            "eps_latest_yearly": 6.2,
            "eps_growth_yearly": 135.85
        },
        "20042": {
            "year_quarter": 20042,
            "year": 2004,
            "quarter": 2,
            "eps": 1.28,
            "eps_growth_year": 150.98,
            "eps_4q": 3.83,
            "eps_4q_growth_year": 97.07,
            "roe": 9.59,
            "roe_4q": 31.689999999999998,
            "gross_profit": 83938,
            "gross_margin": 26.14,
            "gross_margin_4q_avg": 26.46,
            "net_income": 42671,
            "revenue": 321059,
            "common_shares": 268000,
            "book_valuer_per_share": 17.3,
            "book_valuer_per_share_4q_avg": 15.21,
            "equity": 463512,
            "current_ratio": 193.35,
            "debt_ratio": 40.84,
            "inventory_turnover_ratio": 0.99,
            "account_receivable_turnover_ratio": null,
            "reinvestment_rate": null,
            "research_to_sale_ratio": null,
            "price_fair": 124.6,
            "eps_avg_yearly": 3.56,
            "eps_latest_yearly": 5.12,
            "eps_growth_yearly": 106.49
        },
        "20043": {
            "year_quarter": 20043,
            "year": 2004,
            "quarter": 3,
            "eps": 0.83,
            "eps_growth_year": 97.62,
            "eps_4q": 4.32,
            "eps_4q_growth_year": 120.8,
            "roe": 5.79,
            "roe_4q": 34.26,
            "gross_profit": 70936,
            "gross_margin": 26.37,
            "gross_margin_4q_avg": 26.64,
            "net_income": 27659,
            "revenue": 268967,
            "common_shares": 333000,
            "book_valuer_per_share": 14.76,
            "book_valuer_per_share_4q_avg": 15.6,
            "equity": 491560,
            "current_ratio": 197.96,
            "debt_ratio": 40.06,
            "inventory_turnover_ratio": 0.94,
            "account_receivable_turnover_ratio": null,
            "reinvestment_rate": null,
            "research_to_sale_ratio": null,
            "price_fair": 123.55,
            "eps_avg_yearly": 3.53,
            "eps_latest_yearly": 3.32,
            "eps_growth_yearly": 75.6
        },
        "20044": {
            "year_quarter": 20044,
            "year": 2004,
            "quarter": 4,
            "eps": -0.03,
            "eps_growth_year": -102.5,
            "eps_4q": 3.32,
            "eps_4q_growth_year": 27.63,
            "roe": -0.21,
            "roe_4q": 25.35,
            "gross_profit": 54053,
            "gross_margin": 23.56,
            "gross_margin_4q_avg": 25.9,
            "net_income": -1036,
            "revenue": 229427,
            "common_shares": 333000,
            "book_valuer_per_share": 14.62,
            "book_valuer_per_share_4q_avg": 15.65,
            "equity": 486874,
            "current_ratio": 266.45,
            "debt_ratio": 50.38,
            "inventory_turnover_ratio": 0.89,
            "account_receivable_turnover_ratio": null,
            "reinvestment_rate": null,
            "research_to_sale_ratio": null,
            "price_fair": 123.55,
            "eps_avg_yearly": 3.53,
            "eps_latest_yearly": 3.32,
            "eps_growth_yearly": 75.6
        },
        "20051": {
            "year_quarter": 20051,
            "year": 2005,
            "quarter": 1,
            "eps": 0.12,
            "eps_growth_year": -92.26,
            "eps_4q": 2.08,
            "eps_4q_growth_year": -43.54,
            "roe": 0.79,
            "roe_4q": 15.96,
            "gross_profit": 46475,
            "gross_margin": 19.77,
            "gross_margin_4q_avg": 23.96,
            "net_income": 4237,
            "revenue": 235028,
            "common_shares": 374876,
            "book_valuer_per_share": 15.72,
            "book_valuer_per_share_4q_avg": 15.6,
            "equity": 589210,
            "current_ratio": 365.38,
            "debt_ratio": 32.77,
            "inventory_turnover_ratio": 1.08,
            "account_receivable_turnover_ratio": null,
            "reinvestment_rate": null,
            "research_to_sale_ratio": null,
            "price_fair": 123.55,
            "eps_avg_yearly": 3.53,
            "eps_latest_yearly": 3.32,
            "eps_growth_yearly": 75.6
        },
        "20052": {
            "year_quarter": 20052,
            "year": 2005,
            "quarter": 2,
            "eps": 0.07,
            "eps_growth_year": -94.53,
            "eps_4q": 0.85,
            "eps_4q_growth_year": -77.78,
            "roe": 0.48,
            "roe_4q": 6.85,
            "gross_profit": 43706,
            "gross_margin": 20.18,
            "gross_margin_4q_avg": 22.47,
            "net_income": 2768,
            "revenue": 216554,
            "common_shares": 380127,
            "book_valuer_per_share": 14.57,
            "book_valuer_per_share_4q_avg": 14.92,
            "equity": 553851,
            "current_ratio": 250.13,
            "debt_ratio": 41.44,
            "inventory_turnover_ratio": 1.01,
            "account_receivable_turnover_ratio": null,
            "reinvestment_rate": null,
            "research_to_sale_ratio": null,
            "price_fair": 110.91,
            "eps_avg_yearly": 3.17,
            "eps_latest_yearly": 0.28,
            "eps_growth_yearly": 48.68
        },
        "20053": {
            "year_quarter": 20053,
            "year": 2005,
            "quarter": 3,
            "eps": 0.25,
            "eps_growth_year": -69.88,
            "eps_4q": 0.39,
            "eps_4q_growth_year": -90.91,
            "roe": 1.84,
            "roe_4q": 2.9000000000000004,
            "gross_profit": 52264,
            "gross_margin": 24.31,
            "gross_margin_4q_avg": 21.96,
            "net_income": 10451,
            "revenue": 214999,
            "common_shares": 439386,
            "book_valuer_per_share": 13.23,
            "book_valuer_per_share_4q_avg": 14.54,
            "equity": 581097,
            "current_ratio": 276.69,
            "debt_ratio": 37.13,
            "inventory_turnover_ratio": 0.9,
            "account_receivable_turnover_ratio": null,
            "reinvestment_rate": null,
            "research_to_sale_ratio": null,
            "price_fair": 103.32,
            "eps_avg_yearly": 2.95,
            "eps_latest_yearly": 1,
            "eps_growth_yearly": 146.67
        },
        "20054": {
            "year_quarter": 20054,
            "year": 2005,
            "quarter": 4,
            "eps": 0.15,
            "eps_growth_year": null,
            "eps_4q": 0.57,
            "eps_4q_growth_year": -82.91,
            "roe": 1.07,
            "roe_4q": 4.18,
            "gross_profit": 52723,
            "gross_margin": 24.51,
            "gross_margin_4q_avg": 22.19,
            "net_income": 6272,
            "revenue": 215116,
            "common_shares": 440894,
            "book_valuer_per_share": 13.39,
            "book_valuer_per_share_4q_avg": 14.23,
            "equity": 590284,
            "current_ratio": 342.41,
            "debt_ratio": 34.12,
            "inventory_turnover_ratio": 0.89,
            "account_receivable_turnover_ratio": null,
            "reinvestment_rate": null,
            "research_to_sale_ratio": null,
            "price_fair": 95.84,
            "eps_avg_yearly": 2.74,
            "eps_latest_yearly": 0.6,
            "eps_growth_yearly": 118.79
        },
        "20061": {
            "year_quarter": 20061,
            "year": 2006,
            "quarter": 1,
            "eps": 0.2,
            "eps_growth_year": 66.67,
            "eps_4q": 0.63,
            "eps_4q_growth_year": -69.77,
            "roe": 1.48,
            "roe_4q": 4.869999999999999,
            "gross_profit": 51979,
            "gross_margin": 19.96,
            "gross_margin_4q_avg": 22.24,
            "net_income": 9076,
            "revenue": 260427,
            "common_shares": 457934,
            "book_valuer_per_share": 13.86,
            "book_valuer_per_share_4q_avg": 13.76,
            "equity": 634571,
            "current_ratio": 162.8,
            "debt_ratio": 38.06,
            "inventory_turnover_ratio": 1.19,
            "account_receivable_turnover_ratio": null,
            "reinvestment_rate": null,
            "research_to_sale_ratio": null,
            "price_fair": 90.18,
            "eps_avg_yearly": 2.58,
            "eps_latest_yearly": 0.8,
            "eps_growth_yearly": 120
        },
        "20062": {
            "year_quarter": 20062,
            "year": 2006,
            "quarter": 2,
            "eps": 0.15,
            "eps_growth_year": 114.29,
            "eps_4q": 0.73,
            "eps_4q_growth_year": -14.27,
            "roe": 1.06,
            "roe_4q": 5.45,
            "gross_profit": 57878,
            "gross_margin": 19.85,
            "gross_margin_4q_avg": 22.16,
            "net_income": 6683,
            "revenue": 291554,
            "common_shares": 458106,
            "book_valuer_per_share": 13.76,
            "book_valuer_per_share_4q_avg": 13.56,
            "equity": 630211,
            "current_ratio": 140.06,
            "debt_ratio": 44.26,
            "inventory_turnover_ratio": 1.2,
            "account_receivable_turnover_ratio": null,
            "reinvestment_rate": 128.82,
            "research_to_sale_ratio": null,
            "price_fair": 84.86,
            "eps_avg_yearly": 2.42,
            "eps_latest_yearly": 0.6,
            "eps_growth_yearly": 103.08
        },
        "20063": {
            "year_quarter": 20063,
            "year": 2006,
            "quarter": 3,
            "eps": 0.38,
            "eps_growth_year": 52,
            "eps_4q": 0.84,
            "eps_4q_growth_year": 114.51,
            "roe": 2.82,
            "roe_4q": 6.43,
            "gross_profit": 64079,
            "gross_margin": 22.33,
            "gross_margin_4q_avg": 21.66,
            "net_income": 18098,
            "revenue": 286939,
            "common_shares": 474053,
            "book_valuer_per_share": 13.77,
            "book_valuer_per_share_4q_avg": 13.7,
            "equity": 652802,
            "current_ratio": 130.96,
            "debt_ratio": 44.86,
            "inventory_turnover_ratio": 0.97,
            "account_receivable_turnover_ratio": null,
            "reinvestment_rate": 73.67,
            "research_to_sale_ratio": null,
            "price_fair": 82.6,
            "eps_avg_yearly": 2.36,
            "eps_latest_yearly": 1.52,
            "eps_growth_yearly": 139.53
        },
        "20064": {
            "year_quarter": 20064,
            "year": 2006,
            "quarter": 4,
            "eps": -0.01,
            "eps_growth_year": -106.67,
            "eps_4q": 0.71,
            "eps_4q_growth_year": 25.12,
            "roe": -0.05,
            "roe_4q": 5.3100000000000005,
            "gross_profit": 63103,
            "gross_margin": 20.95,
            "gross_margin_4q_avg": 20.77,
            "net_income": -332,
            "revenue": 301212,
            "common_shares": 474098,
            "book_valuer_per_share": 13.74,
            "book_valuer_per_share_4q_avg": 13.78,
            "equity": 651187,
            "current_ratio": 145.44,
            "debt_ratio": 48.48,
            "inventory_turnover_ratio": 0.93,
            "account_receivable_turnover_ratio": null,
            "reinvestment_rate": 71.31,
            "research_to_sale_ratio": null,
            "price_fair": 81.63,
            "eps_avg_yearly": 2.33,
            "eps_latest_yearly": 1.52,
            "eps_growth_yearly": 140
        },
        "20071": {
            "year_quarter": 20071,
            "year": 2007,
            "quarter": 1,
            "eps": 0.4,
            "eps_growth_year": 100,
            "eps_4q": 0.91,
            "eps_4q_growth_year": 45.08,
            "roe": 2.86,
            "roe_4q": 6.6899999999999995,
            "gross_profit": 73867,
            "gross_margin": 23.48,
            "gross_margin_4q_avg": 21.65,
            "net_income": 19053,
            "revenue": 314534,
            "common_shares": 483587,
            "book_valuer_per_share": 14.09,
            "book_valuer_per_share_4q_avg": 13.84,
            "equity": 681533,
            "current_ratio": 134.94,
            "debt_ratio": 46.43,
            "inventory_turnover_ratio": 0.91,
            "account_receivable_turnover_ratio": null,
            "reinvestment_rate": 70.2,
            "research_to_sale_ratio": null,
            "price_fair": 81.55,
            "eps_avg_yearly": 2.33,
            "eps_latest_yearly": 1.52,
            "eps_growth_yearly": 156.08
        },
        "20072": {
            "year_quarter": 20072,
            "year": 2007,
            "quarter": 2,
            "eps": 1.27,
            "eps_growth_year": 746.67,
            "eps_4q": 2.04,
            "eps_4q_growth_year": 179.46,
            "roe": 8.27,
            "roe_4q": 13.899999999999999,
            "gross_profit": 129611,
            "gross_margin": 25.6,
            "gross_margin_4q_avg": 23.09,
            "net_income": 60933,
            "revenue": 506352,
            "common_shares": 510565,
            "book_valuer_per_share": 15.52,
            "book_valuer_per_share_4q_avg": 14.28,
            "equity": 792599,
            "current_ratio": 150.27,
            "debt_ratio": 43.79,
            "inventory_turnover_ratio": 1.52,
            "account_receivable_turnover_ratio": null,
            "reinvestment_rate": 58.42,
            "research_to_sale_ratio": null,
            "price_fair": 90.42,
            "eps_avg_yearly": 2.58,
            "eps_latest_yearly": 5.08,
            "eps_growth_yearly": 233.1
        },
        "20073": {
            "year_quarter": 20073,
            "year": 2007,
            "quarter": 3,
            "eps": 0.85,
            "eps_growth_year": 123.68,
            "eps_4q": 2.44,
            "eps_4q_growth_year": 189.84,
            "roe": 5.21,
            "roe_4q": 16.29,
            "gross_profit": 108106,
            "gross_margin": 26.82,
            "gross_margin_4q_avg": 24.21,
            "net_income": 42526,
            "revenue": 403084,
            "common_shares": 531179,
            "book_valuer_per_share": 15.8,
            "book_valuer_per_share_4q_avg": 14.79,
            "equity": 839431,
            "current_ratio": 170.76,
            "debt_ratio": 38.17,
            "inventory_turnover_ratio": 1.16,
            "account_receivable_turnover_ratio": null,
            "reinvestment_rate": 52.36,
            "research_to_sale_ratio": null,
            "price_fair": 95.43,
            "eps_avg_yearly": 2.73,
            "eps_latest_yearly": 3.4,
            "eps_growth_yearly": 227.96
        },
        "20074": {
            "year_quarter": 20074,
            "year": 2007,
            "quarter": 4,
            "eps": 1.02,
            "eps_growth_year": null,
            "eps_4q": 3.45,
            "eps_4q_growth_year": 385.97,
            "roe": 5.93,
            "roe_4q": 22.27,
            "gross_profit": 118145,
            "gross_margin": 24.8,
            "gross_margin_4q_avg": 25.18,
            "net_income": 51416,
            "revenue": 476428,
            "common_shares": 531179,
            "book_valuer_per_share": 16.82,
            "book_valuer_per_share_4q_avg": 15.56,
            "equity": 893545,
            "current_ratio": 180.97,
            "debt_ratio": 42.69,
            "inventory_turnover_ratio": 1.08,
            "account_receivable_turnover_ratio": null,
            "reinvestment_rate": 51.33,
            "research_to_sale_ratio": null,
            "price_fair": 93.33,
            "eps_avg_yearly": 2.67,
            "eps_latest_yearly": 4.08,
            "eps_growth_yearly": 172.72
        },
        "20081": {
            "year_quarter": 20081,
            "year": 2008,
            "quarter": 1,
            "eps": 0.47,
            "eps_growth_year": 17.5,
            "eps_4q": 3.39,
            "eps_4q_growth_year": 271.1,
            "roe": 2.75,
            "roe_4q": 22.16,
            "gross_profit": 150302,
            "gross_margin": 22.8,
            "gross_margin_4q_avg": 25.01,
            "net_income": 24935,
            "revenue": 659127,
            "common_shares": 537735,
            "book_valuer_per_share": 17.16,
            "book_valuer_per_share_4q_avg": 16.33,
            "equity": 922956,
            "current_ratio": 210.22,
            "debt_ratio": 36.07,
            "inventory_turnover_ratio": 1.35,
            "account_receivable_turnover_ratio": null,
            "reinvestment_rate": 53.82,
            "research_to_sale_ratio": null,
            "price_fair": 80.73,
            "eps_avg_yearly": 2.31,
            "eps_latest_yearly": 1.88,
            "eps_growth_yearly": 145.02
        },
        "20082": {
            "year_quarter": 20082,
            "year": 2008,
            "quarter": 2,
            "eps": 0.62,
            "eps_growth_year": -51.18,
            "eps_4q": 2.57,
            "eps_4q_growth_year": 26.27,
            "roe": 4.13,
            "roe_4q": 18.02,
            "gross_profit": 141019,
            "gross_margin": 29.52,
            "gross_margin_4q_avg": 25.99,
            "net_income": 37745,
            "revenue": 477663,
            "common_shares": 537735,
            "book_valuer_per_share": 16.82,
            "book_valuer_per_share_4q_avg": 16.65,
            "equity": 904536,
            "current_ratio": 180.04,
            "debt_ratio": 40.57,
            "inventory_turnover_ratio": 0.97,
            "account_receivable_turnover_ratio": null,
            "reinvestment_rate": 75.4,
            "research_to_sale_ratio": null,
            "price_fair": 73.03,
            "eps_avg_yearly": 2.09,
            "eps_latest_yearly": 2.48,
            "eps_growth_yearly": 161.47
        },
        "20083": {
            "year_quarter": 20083,
            "year": 2008,
            "quarter": 3,
            "eps": 0.44,
            "eps_growth_year": -48.24,
            "eps_4q": 2.3,
            "eps_4q_growth_year": -5.81,
            "roe": 2.92,
            "roe_4q": 15.73,
            "gross_profit": 124779,
            "gross_margin": 28.44,
            "gross_margin_4q_avg": 26.39,
            "net_income": 26988,
            "revenue": 438784,
            "common_shares": 613555,
            "book_valuer_per_share": 15.41,
            "book_valuer_per_share_4q_avg": 16.55,
            "equity": 945714,
            "current_ratio": 208.46,
            "debt_ratio": 34.48,
            "inventory_turnover_ratio": 0.95,
            "account_receivable_turnover_ratio": null,
            "reinvestment_rate": 75.68,
            "research_to_sale_ratio": null,
            "price_fair": 68.48,
            "eps_avg_yearly": 1.96,
            "eps_latest_yearly": 1.76,
            "eps_growth_yearly": 163.51
        },
        "20084": {
            "year_quarter": 20084,
            "year": 2008,
            "quarter": 4,
            "eps": -0.35,
            "eps_growth_year": -134.31,
            "eps_4q": 1.12,
            "eps_4q_growth_year": -67.54,
            "roe": -2.28,
            "roe_4q": 7.52,
            "gross_profit": 96169,
            "gross_margin": 33.12,
            "gross_margin_4q_avg": 28.47,
            "net_income": -21322,
            "revenue": 290327,
            "common_shares": 613555,
            "book_valuer_per_share": 15.07,
            "book_valuer_per_share_4q_avg": 16.12,
            "equity": 924325,
            "current_ratio": 223.8,
            "debt_ratio": 31.63,
            "inventory_turnover_ratio": 0.67,
            "account_receivable_turnover_ratio": 2,
            "reinvestment_rate": 79.82,
            "research_to_sale_ratio": null,
            "price_fair": 68.48,
            "eps_avg_yearly": 1.96,
            "eps_latest_yearly": 1.76,
            "eps_growth_yearly": 163.51
        },
        "20091": {
            "year_quarter": 20091,
            "year": 2009,
            "quarter": 1,
            "eps": -0.04,
            "eps_growth_year": -108.51,
            "eps_4q": 0.67,
            "eps_4q_growth_year": -80.22,
            "roe": -0.25,
            "roe_4q": 4.52,
            "gross_profit": 85764,
            "gross_margin": 29.95,
            "gross_margin_4q_avg": 30.26,
            "net_income": -2275,
            "revenue": 286363,
            "common_shares": 613555,
            "book_valuer_per_share": 14.88,
            "book_valuer_per_share_4q_avg": 15.55,
            "equity": 912806,
            "current_ratio": 225.82,
            "debt_ratio": 30.74,
            "inventory_turnover_ratio": 0.79,
            "account_receivable_turnover_ratio": 1.08,
            "reinvestment_rate": 84.51,
            "research_to_sale_ratio": null,
            "price_fair": 68.48,
            "eps_avg_yearly": 1.96,
            "eps_latest_yearly": 1.76,
            "eps_growth_yearly": 163.51
        },
        "20092": {
            "year_quarter": 20092,
            "year": 2009,
            "quarter": 2,
            "eps": -0.29,
            "eps_growth_year": -146.77,
            "eps_4q": -0.23,
            "eps_4q_growth_year": -108.81,
            "roe": -1.93,
            "roe_4q": -1.5399999999999991,
            "gross_profit": 92293,
            "gross_margin": 27.11,
            "gross_margin_4q_avg": 29.66,
            "net_income": -17301,
            "revenue": 340485,
            "common_shares": 613555,
            "book_valuer_per_share": 14.35,
            "book_valuer_per_share_4q_avg": 14.93,
            "equity": 880279,
            "current_ratio": 209.96,
            "debt_ratio": 33.04,
            "inventory_turnover_ratio": 1.01,
            "account_receivable_turnover_ratio": 1.44,
            "reinvestment_rate": 89.5,
            "research_to_sale_ratio": null,
            "price_fair": 73.82,
            "eps_avg_yearly": 2.11,
            "eps_latest_yearly": 1.76,
            "eps_growth_yearly": 193.53
        },
        "20093": {
            "year_quarter": 20093,
            "year": 2009,
            "quarter": 3,
            "eps": 0.32,
            "eps_growth_year": -27.27,
            "eps_4q": -0.33,
            "eps_4q_growth_year": -114.24,
            "roe": 2.27,
            "roe_4q": -2.1899999999999995,
            "gross_profit": 127449,
            "gross_margin": 31.31,
            "gross_margin_4q_avg": 30.37,
            "net_income": 20213,
            "revenue": 407057,
            "common_shares": 643406,
            "book_valuer_per_share": 13.96,
            "book_valuer_per_share_4q_avg": 14.57,
            "equity": 898130,
            "current_ratio": 193.42,
            "debt_ratio": 36.91,
            "inventory_turnover_ratio": 1.04,
            "account_receivable_turnover_ratio": 1.58,
            "reinvestment_rate": 83.47,
            "research_to_sale_ratio": null,
            "price_fair": 77.7,
            "eps_avg_yearly": 2.22,
            "eps_latest_yearly": 1.76,
            "eps_growth_yearly": 110.02
        },
        "20094": {
            "year_quarter": 20094,
            "year": 2009,
            "quarter": 4,
            "eps": 0.17,
            "eps_growth_year": null,
            "eps_4q": 0.17,
            "eps_4q_growth_year": -84.76,
            "roe": 1.13,
            "roe_4q": 1.22,
            "gross_profit": 139103,
            "gross_margin": 25.16,
            "gross_margin_4q_avg": 28.38,
            "net_income": 10342,
            "revenue": 552863,
            "common_shares": 643405,
            "book_valuer_per_share": 14.37,
            "book_valuer_per_share_4q_avg": 14.39,
            "equity": 924500,
            "current_ratio": 180.18,
            "debt_ratio": 40.41,
            "inventory_turnover_ratio": 1.24,
            "account_receivable_turnover_ratio": 3.76,
            "reinvestment_rate": 165.44,
            "research_to_sale_ratio": null,
            "price_fair": 77.98,
            "eps_avg_yearly": 2.23,
            "eps_latest_yearly": 0.68,
            "eps_growth_yearly": 107.27
        },
        "20101": {
            "year_quarter": 20101,
            "year": 2010,
            "quarter": 1,
            "eps": 0.26,
            "eps_growth_year": null,
            "eps_4q": 0.46,
            "eps_4q_growth_year": -31.19,
            "roe": 1.76,
            "roe_4q": 3.2300000000000004,
            "gross_profit": 132665,
            "gross_margin": 26.29,
            "gross_margin_4q_avg": 27.47,
            "net_income": 16466,
            "revenue": 504596,
            "common_shares": 644184,
            "book_valuer_per_share": 14.64,
            "book_valuer_per_share_4q_avg": 14.33,
            "equity": 942832,
            "current_ratio": 180.9,
            "debt_ratio": 39.59,
            "inventory_turnover_ratio": 0.88,
            "account_receivable_turnover_ratio": 1.63,
            "reinvestment_rate": 133.63,
            "research_to_sale_ratio": 9.72,
            "price_fair": 78.82,
            "eps_avg_yearly": 2.25,
            "eps_latest_yearly": 1.04,
            "eps_growth_yearly": 115.12
        },
        "20102": {
            "year_quarter": 20102,
            "year": 2010,
            "quarter": 2,
            "eps": -0.11,
            "eps_growth_year": null,
            "eps_4q": 0.6,
            "eps_4q_growth_year": null,
            "roe": -0.79,
            "roe_4q": 4.369999999999999,
            "gross_profit": 101703,
            "gross_margin": 20.59,
            "gross_margin_4q_avg": 25.84,
            "net_income": -7460,
            "revenue": 493846,
            "common_shares": 644184,
            "book_valuer_per_share": 14.55,
            "book_valuer_per_share_4q_avg": 14.38,
            "equity": 937320,
            "current_ratio": 166.42,
            "debt_ratio": 41.96,
            "inventory_turnover_ratio": 0.82,
            "account_receivable_turnover_ratio": 1.52,
            "reinvestment_rate": 142.21,
            "research_to_sale_ratio": 9.55,
            "price_fair": 85.24,
            "eps_avg_yearly": 2.44,
            "eps_latest_yearly": 1.04,
            "eps_growth_yearly": 139.02
        },
        "20103": {
            "year_quarter": 20103,
            "year": 2010,
            "quarter": 3,
            "eps": -0.11,
            "eps_growth_year": -134.6,
            "eps_4q": 0.18,
            "eps_4q_growth_year": null,
            "roe": -0.78,
            "roe_4q": 1.3199999999999998,
            "gross_profit": 116545,
            "gross_margin": 25.15,
            "gross_margin_4q_avg": 24.3,
            "net_income": -7248,
            "revenue": 463458,
            "common_shares": 654675,
            "book_valuer_per_share": 14.15,
            "book_valuer_per_share_4q_avg": 14.43,
            "equity": 926686,
            "current_ratio": 159.38,
            "debt_ratio": 44.75,
            "inventory_turnover_ratio": 0.66,
            "account_receivable_turnover_ratio": 1.38,
            "reinvestment_rate": 153.47,
            "research_to_sale_ratio": 9.78,
            "price_fair": 89.25,
            "eps_avg_yearly": 2.55,
            "eps_latest_yearly": 1.04,
            "eps_growth_yearly": 79.73
        },
        "20104": {
            "year_quarter": 20104,
            "year": 2010,
            "quarter": 4,
            "eps": -0.03,
            "eps_growth_year": -115.95,
            "eps_4q": 0,
            "eps_4q_growth_year": -99.83,
            "roe": -0.03,
            "roe_4q": 0.15999999999999992,
            "gross_profit": 155488,
            "gross_margin": 25.98,
            "gross_margin_4q_avg": 24.5,
            "net_income": -287,
            "revenue": 598383,
            "common_shares": 654675,
            "book_valuer_per_share": 13.86,
            "book_valuer_per_share_4q_avg": 14.3,
            "equity": 909523,
            "current_ratio": 157.9,
            "debt_ratio": 45.9,
            "inventory_turnover_ratio": 0.79,
            "account_receivable_turnover_ratio": 1.78,
            "reinvestment_rate": 49.39,
            "research_to_sale_ratio": 8.38,
            "price_fair": 89.25,
            "eps_avg_yearly": 2.55,
            "eps_latest_yearly": 1.04,
            "eps_growth_yearly": 79.73
        },
        "20111": {
            "year_quarter": 20111,
            "year": 2011,
            "quarter": 1,
            "eps": 0.35,
            "eps_growth_year": 34.62,
            "eps_4q": 0.09,
            "eps_4q_growth_year": -81.01,
            "roe": 2.42,
            "roe_4q": 0.8200000000000001,
            "gross_profit": 149023,
            "gross_margin": 25.43,
            "gross_margin_4q_avg": 24.29,
            "net_income": 22199,
            "revenue": 585906,
            "common_shares": 654675,
            "book_valuer_per_share": 14.19,
            "book_valuer_per_share_4q_avg": 14.19,
            "equity": 923928,
            "current_ratio": 156.74,
            "debt_ratio": 46.81,
            "inventory_turnover_ratio": 0.77,
            "account_receivable_turnover_ratio": 1.8,
            "reinvestment_rate": 161.17,
            "research_to_sale_ratio": 8.19,
            "price_fair": 89.25,
            "eps_avg_yearly": 2.55,
            "eps_latest_yearly": 1.04,
            "eps_growth_yearly": 79.73
        },
        "20112": {
            "year_quarter": 20112,
            "year": 2011,
            "quarter": 2,
            "eps": 0.57,
            "eps_growth_year": null,
            "eps_4q": 0.77,
            "eps_4q_growth_year": 28.03,
            "roe": 3.96,
            "roe_4q": 5.569999999999999,
            "gross_profit": 179514,
            "gross_margin": 27.49,
            "gross_margin_4q_avg": 26.01,
            "net_income": 37170,
            "revenue": 653044,
            "common_shares": 654675,
            "book_valuer_per_share": 14.63,
            "book_valuer_per_share_4q_avg": 14.21,
            "equity": 952260,
            "current_ratio": 140.97,
            "debt_ratio": 51.95,
            "inventory_turnover_ratio": 0.74,
            "account_receivable_turnover_ratio": 1.83,
            "reinvestment_rate": 211.12,
            "research_to_sale_ratio": 7.52,
            "price_fair": 27.29,
            "eps_avg_yearly": 2.2,
            "eps_latest_yearly": 2.28,
            "eps_growth_yearly": 2.41
        },
        "20113": {
            "year_quarter": 20113,
            "year": 2011,
            "quarter": 3,
            "eps": 0.69,
            "eps_growth_year": null,
            "eps_4q": 1.58,
            "eps_4q_growth_year": 752.24,
            "roe": 4.61,
            "roe_4q": 10.96,
            "gross_profit": 184274,
            "gross_margin": 29.61,
            "gross_margin_4q_avg": 27.13,
            "net_income": 45383,
            "revenue": 622265,
            "common_shares": 664495,
            "book_valuer_per_share": 15.36,
            "book_valuer_per_share_4q_avg": 14.51,
            "equity": 1016300,
            "current_ratio": 148.36,
            "debt_ratio": 55.7,
            "inventory_turnover_ratio": 0.58,
            "account_receivable_turnover_ratio": 1.6,
            "reinvestment_rate": 336.94,
            "research_to_sale_ratio": 8.2,
            "price_fair": 74.2,
            "eps_avg_yearly": 2.12,
            "eps_latest_yearly": 2.76,
            "eps_growth_yearly": 29.47
        },
        "20114": {
            "year_quarter": 20114,
            "year": 2011,
            "quarter": 4,
            "eps": 0.76,
            "eps_growth_year": null,
            "eps_4q": 2.36,
            "eps_4q_growth_year": 796259.8,
            "roe": 4.85,
            "roe_4q": 15.840000000000002,
            "gross_profit": 241788,
            "gross_margin": 31.38,
            "gross_margin_4q_avg": 28.48,
            "net_income": 50560,
            "revenue": 770431,
            "common_shares": 664495,
            "book_valuer_per_share": 16.13,
            "book_valuer_per_share_4q_avg": 15.08,
            "equity": 1067620,
            "current_ratio": 143.43,
            "debt_ratio": 56.55,
            "inventory_turnover_ratio": 0.7,
            "account_receivable_turnover_ratio": 1.84,
            "reinvestment_rate": 369.28,
            "research_to_sale_ratio": 6.71,
            "price_fair": 68.74,
            "eps_avg_yearly": 1.99,
            "eps_latest_yearly": 3.04,
            "eps_growth_yearly": 24.54
        },
        "20121": {
            "year_quarter": 20121,
            "year": 2012,
            "quarter": 1,
            "eps": 0.8,
            "eps_growth_year": 128.57,
            "eps_4q": 2.79,
            "eps_4q_growth_year": 3086.97,
            "roe": 4.78,
            "roe_4q": 18.2,
            "gross_profit": 237580,
            "gross_margin": 30.84,
            "gross_margin_4q_avg": 29.83,
            "net_income": 52358,
            "revenue": 770448,
            "common_shares": 669603,
            "book_valuer_per_share": 16.89,
            "book_valuer_per_share_4q_avg": 15.75,
            "equity": 1125213,
            "current_ratio": 147.58,
            "debt_ratio": 56.17,
            "inventory_turnover_ratio": 0.74,
            "account_receivable_turnover_ratio": 1.75,
            "reinvestment_rate": 333.43,
            "research_to_sale_ratio": 7.18,
            "price_fair": 75.43,
            "eps_avg_yearly": 2.16,
            "eps_latest_yearly": 3.2,
            "eps_growth_yearly": 54.13
        },
        "20122": {
            "year_quarter": 20122,
            "year": 2012,
            "quarter": 2,
            "eps": 0.88,
            "eps_growth_year": 54.61,
            "eps_4q": 2.94,
            "eps_4q_growth_year": 279.57,
            "roe": 5.49,
            "roe_4q": 19.73,
            "gross_profit": 222948,
            "gross_margin": 30.37,
            "gross_margin_4q_avg": 30.55,
            "net_income": 63146,
            "revenue": 734180,
            "common_shares": 669603,
            "book_valuer_per_share": 17.65,
            "book_valuer_per_share_4q_avg": 16.51,
            "equity": 1175654,
            "current_ratio": 160.76,
            "debt_ratio": 52.98,
            "inventory_turnover_ratio": 0.7,
            "account_receivable_turnover_ratio": 1.75,
            "reinvestment_rate": 272.46,
            "research_to_sale_ratio": 7.83,
            "price_fair": 79.98,
            "eps_avg_yearly": 2.29,
            "eps_latest_yearly": 3.52,
            "eps_growth_yearly": 43.18
        },
        "20123": {
            "year_quarter": 20123,
            "year": 2012,
            "quarter": 3,
            "eps": 0.95,
            "eps_growth_year": 38.45,
            "eps_4q": 3.26,
            "eps_4q_growth_year": 106.97,
            "roe": 5.62,
            "roe_4q": 20.740000000000002,
            "gross_profit": 257416,
            "gross_margin": 32.17,
            "gross_margin_4q_avg": 31.19,
            "net_income": 67919,
            "revenue": 800070,
            "common_shares": 724406,
            "book_valuer_per_share": 17.19,
            "book_valuer_per_share_4q_avg": 16.97,
            "equity": 1240374,
            "current_ratio": 165.96,
            "debt_ratio": 52.38,
            "inventory_turnover_ratio": 0.73,
            "account_receivable_turnover_ratio": 1.87,
            "reinvestment_rate": 234.65,
            "research_to_sale_ratio": 7.67,
            "price_fair": 88.9,
            "eps_avg_yearly": 2.54,
            "eps_latest_yearly": 3.8,
            "eps_growth_yearly": 61.67
        },
        "20124": {
            "year_quarter": 20124,
            "year": 2012,
            "quarter": 4,
            "eps": 0.89,
            "eps_growth_year": 18.03,
            "eps_4q": 3.46,
            "eps_4q_growth_year": 46.8,
            "roe": 5.02,
            "roe_4q": 20.910000000000004,
            "gross_profit": 305116,
            "gross_margin": 32.14,
            "gross_margin_4q_avg": 31.38,
            "net_income": 63831,
            "revenue": 949318,
            "common_shares": 724406,
            "book_valuer_per_share": 18.06,
            "book_valuer_per_share_4q_avg": 17.45,
            "equity": 1302679,
            "current_ratio": 183.7,
            "debt_ratio": 48.88,
            "inventory_turnover_ratio": 0.89,
            "account_receivable_turnover_ratio": 1.93,
            "reinvestment_rate": 187.7,
            "research_to_sale_ratio": 8.54,
            "price_fair": 92.87,
            "eps_avg_yearly": 2.65,
            "eps_latest_yearly": 3.56,
            "eps_growth_yearly": 52.01
        },
        "20131": {
            "year_quarter": 20131,
            "year": 2013,
            "quarter": 1,
            "eps": 0.94,
            "eps_growth_year": 17.5,
            "eps_4q": 3.67,
            "eps_4q_growth_year": 31.37,
            "roe": 5.07,
            "roe_4q": 21.200000000000003,
            "gross_profit": 254669,
            "gross_margin": 31.12,
            "gross_margin_4q_avg": 31.45,
            "net_income": 67636,
            "revenue": 818434,
            "common_shares": 724406,
            "book_valuer_per_share": 18.92,
            "book_valuer_per_share_4q_avg": 17.96,
            "equity": 1366299,
            "current_ratio": 185.69,
            "debt_ratio": 49.08,
            "inventory_turnover_ratio": 0.76,
            "account_receivable_turnover_ratio": 1.59,
            "reinvestment_rate": 89.29,
            "research_to_sale_ratio": 8.21,
            "price_fair": 96.74,
            "eps_avg_yearly": 2.76,
            "eps_latest_yearly": 3.76,
            "eps_growth_yearly": 49.06
        },
        "20132": {
            "year_quarter": 20132,
            "year": 2013,
            "quarter": 2,
            "eps": 0.95,
            "eps_growth_year": 7.43,
            "eps_4q": 3.33,
            "eps_4q_growth_year": 13.5,
            "roe": 4.94,
            "roe_4q": 20.650000000000002,
            "gross_profit": 279280,
            "gross_margin": 30.48,
            "gross_margin_4q_avg": 31.48,
            "net_income": 68923,
            "revenue": 916236,
            "common_shares": 728758,
            "book_valuer_per_share": 19.61,
            "book_valuer_per_share_4q_avg": 18.45,
            "equity": 1425053,
            "current_ratio": 172.42,
            "debt_ratio": 51.24,
            "inventory_turnover_ratio": 0.78,
            "account_receivable_turnover_ratio": 1.68,
            "reinvestment_rate": 77.56,
            "research_to_sale_ratio": 7.85,
            "price_fair": 100.04,
            "eps_avg_yearly": 2.86,
            "eps_latest_yearly": 3.8,
            "eps_growth_yearly": 44.98
        },
        "20133": {
            "year_quarter": 20133,
            "year": 2013,
            "quarter": 3,
            "eps": 0.9,
            "eps_growth_year": -5.7,
            "eps_4q": 3.38,
            "eps_4q_growth_year": 3.71,
            "roe": 4.96,
            "roe_4q": 19.990000000000002,
            "gross_profit": 316686,
            "gross_margin": 30.94,
            "gross_margin_4q_avg": 31.17,
            "net_income": 72378,
            "revenue": 1023551,
            "common_shares": 811608,
            "book_valuer_per_share": 18.42,
            "book_valuer_per_share_4q_avg": 18.75,
            "equity": 1494010,
            "current_ratio": 152.39,
            "debt_ratio": 54.63,
            "inventory_turnover_ratio": 0.72,
            "account_receivable_turnover_ratio": 1.63,
            "reinvestment_rate": 115.06,
            "research_to_sale_ratio": 7.08,
            "price_fair": 102.2,
            "eps_avg_yearly": 2.92,
            "eps_latest_yearly": 3.6,
            "eps_growth_yearly": 39.48
        },
        "20134": {
            "year_quarter": 20134,
            "year": 2013,
            "quarter": 4,
            "eps": 1.09,
            "eps_growth_year": 22.31,
            "eps_4q": 3.62,
            "eps_4q_growth_year": 4.75,
            "roe": 5.61,
            "roe_4q": 20.580000000000002,
            "gross_profit": 318460,
            "gross_margin": 27.78,
            "gross_margin_4q_avg": 30.08,
            "net_income": 88491,
            "revenue": 1146528,
            "common_shares": 824065,
            "book_valuer_per_share": 20.09,
            "book_valuer_per_share_4q_avg": 19.26,
            "equity": 1660942,
            "current_ratio": 188.18,
            "debt_ratio": 49.48,
            "inventory_turnover_ratio": 0.81,
            "account_receivable_turnover_ratio": 1.55,
            "reinvestment_rate": 67.27,
            "research_to_sale_ratio": 7.34,
            "price_fair": 112.93,
            "eps_avg_yearly": 3.23,
            "eps_latest_yearly": 4.36,
            "eps_growth_yearly": 62.14
        },
        "20141": {
            "year_quarter": 20141,
            "year": 2014,
            "quarter": 1,
            "eps": 0.87,
            "eps_growth_year": -7.45,
            "eps_4q": 3.6,
            "eps_4q_growth_year": -1.88,
            "roe": 4.19,
            "roe_4q": 19.700000000000003,
            "gross_profit": 290446,
            "gross_margin": 28.76,
            "gross_margin_4q_avg": 29.49,
            "net_income": 72983,
            "revenue": 1009898,
            "common_shares": 824968,
            "book_valuer_per_share": 21.57,
            "book_valuer_per_share_4q_avg": 19.92,
            "equity": 1824638,
            "current_ratio": 200.79,
            "debt_ratio": 44.62,
            "inventory_turnover_ratio": 0.76,
            "account_receivable_turnover_ratio": 1.39,
            "reinvestment_rate": 57.11,
            "research_to_sale_ratio": 7.69,
            "price_fair": 120.05,
            "eps_avg_yearly": 3.43,
            "eps_latest_yearly": 3.48,
            "eps_growth_yearly": 37.77
        },
        "20142": {
            "year_quarter": 20142,
            "year": 2014,
            "quarter": 2,
            "eps": 0.37,
            "eps_growth_year": -61.05,
            "eps_4q": 2.9,
            "eps_4q_growth_year": -12.98,
            "roe": 1.76,
            "roe_4q": 16.52,
            "gross_profit": 282170,
            "gross_margin": 26.77,
            "gross_margin_4q_avg": 28.56,
            "net_income": 31722,
            "revenue": 1053891,
            "common_shares": 831551,
            "book_valuer_per_share": 21.09,
            "book_valuer_per_share_4q_avg": 20.29,
            "equity": 1789174,
            "current_ratio": 201.78,
            "debt_ratio": 44.1,
            "inventory_turnover_ratio": 0.81,
            "account_receivable_turnover_ratio": 1.55,
            "reinvestment_rate": 48.74,
            "research_to_sale_ratio": 7.48,
            "price_fair": 89.15,
            "eps_avg_yearly": 3.28,
            "eps_latest_yearly": 1.48,
            "eps_growth_yearly": 17.18
        },
        "20143": {
            "year_quarter": 20143,
            "year": 2014,
            "quarter": 3,
            "eps": 0.77,
            "eps_growth_year": -14.44,
            "eps_4q": 2.84,
            "eps_4q_growth_year": -15.87,
            "roe": 3.88,
            "roe_4q": 15.440000000000001,
            "gross_profit": 292500,
            "gross_margin": 26.48,
            "gross_margin_4q_avg": 27.45,
            "net_income": 71193,
            "revenue": 1104421,
            "common_shares": 900310,
            "book_valuer_per_share": 20.25,
            "book_valuer_per_share_4q_avg": 20.75,
            "equity": 1877734,
            "current_ratio": 194.59,
            "debt_ratio": 45.61,
            "inventory_turnover_ratio": 0.82,
            "account_receivable_turnover_ratio": 1.39,
            "reinvestment_rate": 43.33,
            "research_to_sale_ratio": 6.86,
            "price_fair": 114.3,
            "eps_avg_yearly": 3.27,
            "eps_latest_yearly": 3.08,
            "eps_growth_yearly": 46.84
        },
        "20144": {
            "year_quarter": 20144,
            "year": 2014,
            "quarter": 4,
            "eps": 1.47,
            "eps_growth_year": 35.07,
            "eps_4q": 3.34,
            "eps_4q_growth_year": -7.73,
            "roe": 6.95,
            "roe_4q": 16.78,
            "gross_profit": 413329,
            "gross_margin": 30.22,
            "gross_margin_4q_avg": 28.06,
            "net_income": 136136,
            "revenue": 1367654,
            "common_shares": 908114,
            "book_valuer_per_share": 22,
            "book_valuer_per_share_4q_avg": 21.23,
            "equity": 2040592,
            "current_ratio": 166.63,
            "debt_ratio": 45.53,
            "inventory_turnover_ratio": 0.92,
            "account_receivable_turnover_ratio": 1.49,
            "reinvestment_rate": 66.5,
            "research_to_sale_ratio": 8.26,
            "price_fair": 120.4,
            "eps_avg_yearly": 3.44,
            "eps_latest_yearly": 5.88,
            "eps_growth_yearly": 67.96
        },
        "20151": {
            "year_quarter": 20151,
            "year": 2015,
            "quarter": 1,
            "eps": 0.67,
            "eps_growth_year": -22.99,
            "eps_4q": 3.22,
            "eps_4q_growth_year": -10.57,
            "roe": 3.09,
            "roe_4q": 15.679999999999998,
            "gross_profit": 354460,
            "gross_margin": 30.12,
            "gross_margin_4q_avg": 28.4,
            "net_income": 63879,
            "revenue": 1176820,
            "common_shares": 908114,
            "book_valuer_per_share": 22.58,
            "book_valuer_per_share_4q_avg": 21.48,
            "equity": 2099419,
            "current_ratio": 177.77,
            "debt_ratio": 42.57,
            "inventory_turnover_ratio": 0.76,
            "account_receivable_turnover_ratio": 1.36,
            "reinvestment_rate": 34.98,
            "research_to_sale_ratio": 8.16,
            "price_fair": 118.74,
            "eps_avg_yearly": 3.39,
            "eps_latest_yearly": 2.68,
            "eps_growth_yearly": 50.11
        },
        "20152": {
            "year_quarter": 20152,
            "year": 2015,
            "quarter": 2,
            "eps": 0.33,
            "eps_growth_year": -10.81,
            "eps_4q": 2.98,
            "eps_4q_growth_year": 2.69,
            "roe": 1.51,
            "roe_4q": 15.43,
            "gross_profit": 327125,
            "gross_margin": 25.19,
            "gross_margin_4q_avg": 28,
            "net_income": 31738,
            "revenue": 1298787,
            "common_shares": 916893,
            "book_valuer_per_share": 22.12,
            "book_valuer_per_share_4q_avg": 21.74,
            "equity": 2091640,
            "current_ratio": 160.94,
            "debt_ratio": 46.09,
            "inventory_turnover_ratio": 0.85,
            "account_receivable_turnover_ratio": 1.59,
            "reinvestment_rate": 27.09,
            "research_to_sale_ratio": 7.62,
            "price_fair": 105.66,
            "eps_avg_yearly": 3.33,
            "eps_latest_yearly": 1.32,
            "eps_growth_yearly": 21.71
        },
        "20153": {
            "year_quarter": 20153,
            "year": 2015,
            "quarter": 3,
            "eps": 1.24,
            "eps_growth_year": 61.04,
            "eps_4q": 3.54,
            "eps_4q_growth_year": 24.49,
            "roe": 5.74,
            "roe_4q": 17.29,
            "gross_profit": 420556,
            "gross_margin": 30.88,
            "gross_margin_4q_avg": 29.1,
            "net_income": 123885,
            "revenue": 1362087,
            "common_shares": 982208,
            "book_valuer_per_share": 22.23,
            "book_valuer_per_share_4q_avg": 22.23,
            "equity": 2222224,
            "current_ratio": 166.81,
            "debt_ratio": 45.69,
            "inventory_turnover_ratio": 0.74,
            "account_receivable_turnover_ratio": 1.59,
            "reinvestment_rate": 0.48,
            "research_to_sale_ratio": 7.68,
            "price_fair": 121.45,
            "eps_avg_yearly": 3.47,
            "eps_latest_yearly": 4.96,
            "eps_growth_yearly": 85.38
        },
        "20154": {
            "year_quarter": 20154,
            "year": 2015,
            "quarter": 4,
            "eps": 1.09,
            "eps_growth_year": -25.91,
            "eps_4q": 3.27,
            "eps_4q_growth_year": -2.36,
            "roe": 4.84,
            "roe_4q": 15.18,
            "gross_profit": 459975,
            "gross_margin": 28.72,
            "gross_margin_4q_avg": 28.73,
            "net_income": 109614,
            "revenue": 1601805,
            "common_shares": 975008,
            "book_valuer_per_share": 23.09,
            "book_valuer_per_share_4q_avg": 22.51,
            "equity": 2303499,
            "current_ratio": 168.34,
            "debt_ratio": 46.28,
            "inventory_turnover_ratio": 0.81,
            "account_receivable_turnover_ratio": 1.67,
            "reinvestment_rate": -1.88,
            "research_to_sale_ratio": 7.92,
            "price_fair": 124.34,
            "eps_avg_yearly": 3.55,
            "eps_latest_yearly": 4.36,
            "eps_growth_yearly": 79.82
        },
        "20161": {
            "year_quarter": 20161,
            "year": 2016,
            "quarter": 1,
            "eps": 0.65,
            "eps_growth_year": -2.99,
            "eps_4q": 3.29,
            "eps_4q_growth_year": 2.28,
            "roe": 2.85,
            "roe_4q": 14.94,
            "gross_profit": 402896,
            "gross_margin": 29.05,
            "gross_margin_4q_avg": 28.46,
            "net_income": 67132,
            "revenue": 1387070,
            "common_shares": 975008,
            "book_valuer_per_share": 23.84,
            "book_valuer_per_share_4q_avg": 22.82,
            "equity": 2411659,
            "current_ratio": 179.88,
            "debt_ratio": 43.51,
            "inventory_turnover_ratio": 0.69,
            "account_receivable_turnover_ratio": 1.4,
            "reinvestment_rate": -3.07,
            "research_to_sale_ratio": 6.76,
            "price_fair": 123.03,
            "eps_avg_yearly": 3.52,
            "eps_latest_yearly": 2.6,
            "eps_growth_yearly": 68.41
        },
        "20162": {
            "year_quarter": 20162,
            "year": 2016,
            "quarter": 2,
            "eps": 0.85,
            "eps_growth_year": 157.58,
            "eps_4q": 3.84,
            "eps_4q_growth_year": 28.82,
            "roe": 3.71,
            "roe_4q": 17.14,
            "gross_profit": 413943,
            "gross_margin": 26.21,
            "gross_margin_4q_avg": 28.72,
            "net_income": 87130,
            "revenue": 1579286,
            "common_shares": 975259,
            "book_valuer_per_share": 22.57,
            "book_valuer_per_share_4q_avg": 22.93,
            "equity": 2291475,
            "current_ratio": 160.51,
            "debt_ratio": 49.27,
            "inventory_turnover_ratio": 0.82,
            "account_receivable_turnover_ratio": 1.67,
            "reinvestment_rate": -1.05,
            "research_to_sale_ratio": 7.4,
            "price_fair": 122.76,
            "eps_avg_yearly": 3.51,
            "eps_latest_yearly": 3.4,
            "eps_growth_yearly": 73.61
        },
        "20163": {
            "year_quarter": 20163,
            "year": 2016,
            "quarter": 3,
            "eps": 1.02,
            "eps_growth_year": -17.74,
            "eps_4q": 3.51,
            "eps_4q_growth_year": -0.96,
            "roe": 4.59,
            "roe_4q": 15.99,
            "gross_profit": 425414,
            "gross_margin": 29.41,
            "gross_margin_4q_avg": 28.35,
            "net_income": 110019,
            "revenue": 1446510,
            "common_shares": 984078,
            "book_valuer_per_share": 23.78,
            "book_valuer_per_share_4q_avg": 23.32,
            "equity": 2498828,
            "current_ratio": 191.59,
            "debt_ratio": 41.54,
            "inventory_turnover_ratio": 0.73,
            "account_receivable_turnover_ratio": 1.51,
            "reinvestment_rate": -1.51,
            "research_to_sale_ratio": 7.9,
            "price_fair": 123.38,
            "eps_avg_yearly": 3.53,
            "eps_latest_yearly": 4.08,
            "eps_growth_yearly": 76.62
        },
        "20164": {
            "year_quarter": 20164,
            "year": 2016,
            "quarter": 4,
            "eps": 1.28,
            "eps_growth_year": 17.3,
            "eps_4q": 3.68,
            "eps_4q_growth_year": 12.54,
            "roe": 5.58,
            "roe_4q": 16.73,
            "gross_profit": 479930,
            "gross_margin": 28.11,
            "gross_margin_4q_avg": 28.2,
            "net_income": 145866,
            "revenue": 1707182,
            "common_shares": 1036446,
            "book_valuer_per_share": 25.32,
            "book_valuer_per_share_4q_avg": 23.88,
            "equity": 2729578,
            "current_ratio": 188.9,
            "debt_ratio": 43.37,
            "inventory_turnover_ratio": 0.89,
            "account_receivable_turnover_ratio": 1.67,
            "reinvestment_rate": -2.87,
            "research_to_sale_ratio": 6.87,
            "price_fair": 126.79,
            "eps_avg_yearly": 3.62,
            "eps_latest_yearly": 5.12,
            "eps_growth_yearly": 84.57
        },
        "20171": {
            "year_quarter": 20171,
            "year": 2017,
            "quarter": 1,
            "eps": 0.5,
            "eps_growth_year": -23.08,
            "eps_4q": 3.54,
            "eps_4q_growth_year": 7.38,
            "roe": 2.2,
            "roe_4q": 16.080000000000002,
            "gross_profit": 381781,
            "gross_margin": 27.25,
            "gross_margin_4q_avg": 27.75,
            "net_income": 60524,
            "revenue": 1401093,
            "common_shares": 1046494,
            "book_valuer_per_share": 25.44,
            "book_valuer_per_share_4q_avg": 24.28,
            "equity": 2770822,
            "current_ratio": 222.47,
            "debt_ratio": 36.85,
            "inventory_turnover_ratio": 0.73,
            "account_receivable_turnover_ratio": 1.41,
            "reinvestment_rate": 22.02,
            "research_to_sale_ratio": 7.14,
            "price_fair": 122.94,
            "eps_avg_yearly": 3.51,
            "eps_latest_yearly": 2,
            "eps_growth_yearly": 67.93
        },
        "20172": {
            "year_quarter": 20172,
            "year": 2017,
            "quarter": 2,
            "eps": 0.51,
            "eps_growth_year": -40,
            "eps_4q": 3.25,
            "eps_4q_growth_year": -15.25,
            "roe": 2.4,
            "roe_4q": 14.77,
            "gross_profit": 390220,
            "gross_margin": 25.68,
            "gross_margin_4q_avg": 27.61,
            "net_income": 63809,
            "revenue": 1519738,
            "common_shares": 1046494,
            "book_valuer_per_share": 23.1,
            "book_valuer_per_share_4q_avg": 24.41,
            "equity": 2538521,
            "current_ratio": 180.87,
            "debt_ratio": 44.95,
            "inventory_turnover_ratio": 0.8,
            "account_receivable_turnover_ratio": 1.6,
            "reinvestment_rate": 19.9,
            "research_to_sale_ratio": 7.7,
            "price_fair": 119.09,
            "eps_avg_yearly": 3.4,
            "eps_latest_yearly": 2.04,
            "eps_growth_yearly": 68.16
        },
        "20173": {
            "year_quarter": 20173,
            "year": 2017,
            "quarter": 3,
            "eps": 1.04,
            "eps_growth_year": 1.96,
            "eps_4q": 3.31,
            "eps_4q_growth_year": -5.5,
            "roe": 4.49,
            "roe_4q": 14.67,
            "gross_profit": 468874,
            "gross_margin": 28.66,
            "gross_margin_4q_avg": 27.43,
            "net_income": 117156,
            "revenue": 1635828,
            "common_shares": 1046494,
            "book_valuer_per_share": 24.24,
            "book_valuer_per_share_4q_avg": 24.53,
            "equity": 2674918,
            "current_ratio": 186.47,
            "debt_ratio": 44.14,
            "inventory_turnover_ratio": 0.72,
            "account_receivable_turnover_ratio": 1.57,
            "reinvestment_rate": -1.35,
            "research_to_sale_ratio": 6.84,
            "price_fair": 120.31,
            "eps_avg_yearly": 3.44,
            "eps_latest_yearly": 4.16,
            "eps_growth_yearly": 95.46
        },
        "20174": {
            "year_quarter": 20174,
            "year": 2017,
            "quarter": 4,
            "eps": 1.28,
            "eps_growth_year": 0.38,
            "eps_4q": 3.33,
            "eps_4q_growth_year": -9.36,
            "roe": 5.45,
            "roe_4q": 14.540000000000003,
            "gross_profit": 559153,
            "gross_margin": 29.78,
            "gross_margin_4q_avg": 27.84,
            "net_income": 152438,
            "revenue": 1877840,
            "common_shares": 1046494,
            "book_valuer_per_share": 25.51,
            "book_valuer_per_share_4q_avg": 24.57,
            "equity": 2916912,
            "current_ratio": 191.92,
            "debt_ratio": 43.7,
            "inventory_turnover_ratio": 0.74,
            "account_receivable_turnover_ratio": 1.73,
            "reinvestment_rate": -0.65,
            "research_to_sale_ratio": 7.91,
            "price_fair": 121.98,
            "eps_avg_yearly": 3.49,
            "eps_latest_yearly": 5.12,
            "eps_growth_yearly": 95.95
        },
        "20181": {
            "year_quarter": 20181,
            "year": 2018,
            "quarter": 1,
            "eps": 0.42,
            "eps_growth_year": -16,
            "eps_4q": 3.22,
            "eps_4q_growth_year": -9.06,
            "roe": 1.88,
            "roe_4q": 14.22,
            "gross_profit": 398274,
            "gross_margin": 26.16,
            "gross_margin_4q_avg": 27.57,
            "net_income": 56046,
            "revenue": 1522484,
            "common_shares": 1061694,
            "book_valuer_per_share": 26.08,
            "book_valuer_per_share_4q_avg": 24.73,
            "equity": 3031934,
            "current_ratio": 227.61,
            "debt_ratio": 37.13,
            "inventory_turnover_ratio": 0.64,
            "account_receivable_turnover_ratio": 1.59,
            "reinvestment_rate": -3.06,
            "research_to_sale_ratio": 8.41,
            "price_fair": 118.04,
            "eps_avg_yearly": 3.37,
            "eps_latest_yearly": 1.68,
            "eps_growth_yearly": 84.2
        },
        "20182": {
            "year_quarter": 20182,
            "year": 2018,
            "quarter": 2,
            "eps": 0.99,
            "eps_growth_year": 94.12,
            "eps_4q": 3.62,
            "eps_4q_growth_year": 11.39,
            "roe": 3.77,
            "roe_4q": 15.590000000000002,
            "gross_profit": 463359,
            "gross_margin": 25.56,
            "gross_margin_4q_avg": 27.54,
            "net_income": 112294,
            "revenue": 1812889,
            "common_shares": 1061694,
            "book_valuer_per_share": 25.08,
            "book_valuer_per_share_4q_avg": 25.23,
            "equity": 2922672,
            "current_ratio": 181.07,
            "debt_ratio": 46.84,
            "inventory_turnover_ratio": 0.74,
            "account_receivable_turnover_ratio": 1.83,
            "reinvestment_rate": -3.74,
            "research_to_sale_ratio": 7.11,
            "price_fair": 123.46,
            "eps_avg_yearly": 3.53,
            "eps_latest_yearly": 3.96,
            "eps_growth_yearly": 132.5
        },
        "20183": {
            "year_quarter": 20183,
            "year": 2018,
            "quarter": 3,
            "eps": 1.09,
            "eps_growth_year": 4.81,
            "eps_4q": 3.71,
            "eps_4q_growth_year": 11.79,
            "roe": 4.38,
            "roe_4q": 15.48,
            "gross_profit": 549264,
            "gross_margin": 29.42,
            "gross_margin_4q_avg": 27.73,
            "net_income": 129847,
            "revenue": 1866703,
            "common_shares": 1082934,
            "book_valuer_per_share": 25.46,
            "book_valuer_per_share_4q_avg": 25.53,
            "equity": 3010584,
            "current_ratio": 181.86,
            "debt_ratio": 46.67,
            "inventory_turnover_ratio": 0.65,
            "account_receivable_turnover_ratio": 1.57,
            "reinvestment_rate": -3.37,
            "research_to_sale_ratio": 8.35,
            "price_fair": 126.26,
            "eps_avg_yearly": 3.61,
            "eps_latest_yearly": 4.36,
            "eps_growth_yearly": 108
        },
        "20184": {
            "year_quarter": 20184,
            "year": 2018,
            "quarter": 4,
            "eps": 1.44,
            "eps_growth_year": 12.44,
            "eps_4q": 3.89,
            "eps_4q_growth_year": 16.84,
            "roe": 5.75,
            "roe_4q": 15.779999999999998,
            "gross_profit": 619771,
            "gross_margin": 27.44,
            "gross_margin_4q_avg": 27.15,
            "net_income": 178852,
            "revenue": 2258704,
            "common_shares": 1089934,
            "book_valuer_per_share": 26.96,
            "book_valuer_per_share_4q_avg": 25.9,
            "equity": 3214701,
            "current_ratio": 176.36,
            "debt_ratio": 46.43,
            "inventory_turnover_ratio": 0.78,
            "account_receivable_turnover_ratio": 1.72,
            "reinvestment_rate": -2.11,
            "research_to_sale_ratio": 7.33,
            "price_fair": 126,
            "eps_avg_yearly": 3.6,
            "eps_latest_yearly": 5.76,
            "eps_growth_yearly": 93.3
        },
        "20191": {
            "year_quarter": 20191,
            "year": 2019,
            "quarter": 1,
            "eps": 0.95,
            "eps_growth_year": 126.19,
            "eps_4q": 4.43,
            "eps_4q_growth_year": 37.94,
            "roe": 3.77,
            "roe_4q": 17.669999999999998,
            "gross_profit": 511570,
            "gross_margin": 26.4,
            "gross_margin_4q_avg": 27.21,
            "net_income": 123918,
            "revenue": 1937571,
            "common_shares": 1089934,
            "book_valuer_per_share": 28.07,
            "book_valuer_per_share_4q_avg": 26.39,
            "equity": 3362758,
            "current_ratio": 206.96,
            "debt_ratio": 38.97,
            "inventory_turnover_ratio": 0.78,
            "account_receivable_turnover_ratio": 1.49,
            "reinvestment_rate": -2.58,
            "research_to_sale_ratio": 7.2,
            "price_fair": 128.45,
            "eps_avg_yearly": 3.67,
            "eps_latest_yearly": 3.8,
            "eps_growth_yearly": 98.39
        },
        "20192": {
            "year_quarter": 20192,
            "year": 2019,
            "quarter": 2,
            "eps": 0.9,
            "eps_growth_year": -9.09,
            "eps_4q": 4.04,
            "eps_4q_growth_year": 11.64,
            "roe": 3.36,
            "roe_4q": 17.259999999999998,
            "gross_profit": 504614,
            "gross_margin": 29.4,
            "gross_margin_4q_avg": 28.17,
            "net_income": 111210,
            "revenue": 1716521,
            "common_shares": 1089934,
            "book_valuer_per_share": 27.01,
            "book_valuer_per_share_4q_avg": 26.88,
            "equity": 3255845,
            "current_ratio": 185.92,
            "debt_ratio": 44.02,
            "inventory_turnover_ratio": 0.72,
            "account_receivable_turnover_ratio": 1.41,
            "reinvestment_rate": 14.94,
            "research_to_sale_ratio": 8.91,
            "price_fair": 133.44,
            "eps_avg_yearly": 3.81,
            "eps_latest_yearly": 3.6,
            "eps_growth_yearly": 109.77
        },
        "20193": {
            "year_quarter": 20193,
            "year": 2019,
            "quarter": 3,
            "eps": 1.22,
            "eps_growth_year": 11.93,
            "eps_4q": 4.27,
            "eps_4q_growth_year": 15.13,
            "roe": 4.71,
            "roe_4q": 17.59,
            "gross_profit": 577844,
            "gross_margin": 29.84,
            "gross_margin_4q_avg": 28.27,
            "net_income": 155686,
            "revenue": 1936371,
            "common_shares": 1180084,
            "book_valuer_per_share": 25.91,
            "book_valuer_per_share_4q_avg": 26.99,
            "equity": 3356077,
            "current_ratio": 200.62,
            "debt_ratio": 41.35,
            "inventory_turnover_ratio": 0.78,
            "account_receivable_turnover_ratio": 1.55,
            "reinvestment_rate": 12.04,
            "research_to_sale_ratio": 7.59,
            "price_fair": 133.26,
            "eps_avg_yearly": 3.81,
            "eps_latest_yearly": 4.88,
            "eps_growth_yearly": 49.71
        },
        "20194": {
            "year_quarter": 20194,
            "year": 2019,
            "quarter": 4,
            "eps": 1.24,
            "eps_growth_year": -14.08,
            "eps_4q": 4.17,
            "eps_4q_growth_year": 7.21,
            "roe": 4.98,
            "roe_4q": 16.82,
            "gross_profit": 622052,
            "gross_margin": 29.14,
            "gross_margin_4q_avg": 28.7,
            "net_income": 170103,
            "revenue": 2134335,
            "common_shares": 1180084,
            "book_valuer_per_share": 26.94,
            "book_valuer_per_share_4q_avg": 26.98,
            "equity": 3473240,
            "current_ratio": 197.3,
            "debt_ratio": 42.95,
            "inventory_turnover_ratio": 0.82,
            "account_receivable_turnover_ratio": 1.72,
            "reinvestment_rate": 9.26,
            "research_to_sale_ratio": 6.12,
            "price_fair": 134.58,
            "eps_avg_yearly": 3.85,
            "eps_latest_yearly": 4.96,
            "eps_growth_yearly": 53.15
        },
        "20201": {
            "year_quarter": 20201,
            "year": 2020,
            "quarter": 1,
            "eps": 0.61,
            "eps_growth_year": -35.79,
            "eps_4q": 3.91,
            "eps_4q_growth_year": -11.89,
            "roe": 2.24,
            "roe_4q": 15.29,
            "gross_profit": 463056,
            "gross_margin": 29.86,
            "gross_margin_4q_avg": 29.56,
            "net_income": 78525,
            "revenue": 1550942,
            "common_shares": 1180084,
            "book_valuer_per_share": 27.4,
            "book_valuer_per_share_4q_avg": 26.82,
            "equity": 3531134,
            "current_ratio": 209.67,
            "debt_ratio": 40.53,
            "inventory_turnover_ratio": 0.53,
            "account_receivable_turnover_ratio": 1.52,
            "reinvestment_rate": 9.83,
            "research_to_sale_ratio": 8.21,
            "price_fair": 134.23,
            "eps_avg_yearly": 3.84,
            "eps_latest_yearly": 2.44,
            "eps_growth_yearly": 50.54
        },
        "20202": {
            "year_quarter": 20202,
            "year": 2020,
            "quarter": 2,
            "eps": 1.58,
            "eps_growth_year": 75.56,
            "eps_4q": 4.66,
            "eps_4q_growth_year": 15.13,
            "roe": 6.38,
            "roe_4q": 18.310000000000002,
            "gross_profit": 527352,
            "gross_margin": 30.24,
            "gross_margin_4q_avg": 29.77,
            "net_income": 215692,
            "revenue": 1744008,
            "common_shares": 1181804,
            "book_valuer_per_share": 26.02,
            "book_valuer_per_share_4q_avg": 26.57,
            "equity": 3233802,
            "current_ratio": 196.8,
            "debt_ratio": 43.04,
            "inventory_turnover_ratio": 0.6,
            "account_receivable_turnover_ratio": 1.86,
            "reinvestment_rate": 6.5,
            "research_to_sale_ratio": 7.64,
            "price_fair": 140.61,
            "eps_avg_yearly": 4.02,
            "eps_latest_yearly": 6.32,
            "eps_growth_yearly": 82.6
        },
        "20203": {
            "year_quarter": 20203,
            "year": 2020,
            "quarter": 3,
            "eps": 1.6,
            "eps_growth_year": 31.15,
            "eps_4q": 5.04,
            "eps_4q_growth_year": 18.21,
            "roe": 5.75,
            "roe_4q": 19.35,
            "gross_profit": 604115,
            "gross_margin": 27.99,
            "gross_margin_4q_avg": 29.31,
            "net_income": 191760,
            "revenue": 2157965,
            "common_shares": 1179644,
            "book_valuer_per_share": 27.7,
            "book_valuer_per_share_4q_avg": 27.02,
            "equity": 3438930,
            "current_ratio": 198.76,
            "debt_ratio": 43.69,
            "inventory_turnover_ratio": 0.86,
            "account_receivable_turnover_ratio": 1.98,
            "reinvestment_rate": 6.87,
            "research_to_sale_ratio": 6.86,
            "price_fair": 145.69,
            "eps_avg_yearly": 4.16,
            "eps_latest_yearly": 6.4,
            "eps_growth_yearly": 77.92
        },
        "20204": {
            "year_quarter": 20204,
            "year": 2020,
            "quarter": 4,
            "eps": 1.25,
            "eps_growth_year": 0.59,
            "eps_4q": 5.05,
            "eps_4q_growth_year": 21.02,
            "roe": 4.34,
            "roe_4q": 18.71,
            "gross_profit": 611915,
            "gross_margin": 29.85,
            "gross_margin_4q_avg": 29.49,
            "net_income": 152994,
            "revenue": 2049767,
            "common_shares": 1180044,
            "book_valuer_per_share": 29.09,
            "book_valuer_per_share_4q_avg": 27.55,
            "equity": 3611007,
            "current_ratio": 236.04,
            "debt_ratio": 50.68,
            "inventory_turnover_ratio": 0.81,
            "account_receivable_turnover_ratio": 1.94,
            "reinvestment_rate": 6.81,
            "research_to_sale_ratio": 7.55,
            "price_fair": 145.43,
            "eps_avg_yearly": 4.16,
            "eps_latest_yearly": 5,
            "eps_growth_yearly": 66.08
        },
        "20211": {
            "year_quarter": 20211,
            "year": 2021,
            "quarter": 1,
            "eps": 0.9,
            "eps_growth_year": 47.54,
            "eps_4q": 5.33,
            "eps_4q_growth_year": 36.46,
            "roe": 3.05,
            "roe_4q": 19.52,
            "gross_profit": 485348,
            "gross_margin": 28.07,
            "gross_margin_4q_avg": 29.04,
            "net_income": 112122,
            "revenue": 1729189,
            "common_shares": 1180044,
            "book_valuer_per_share": 30.15,
            "book_valuer_per_share_4q_avg": 28.24,
            "equity": 3743185,
            "current_ratio": 264.39,
            "debt_ratio": 47.3,
            "inventory_turnover_ratio": 0.7,
            "account_receivable_turnover_ratio": 1.78,
            "reinvestment_rate": 7.33,
            "research_to_sale_ratio": 8.06,
            "price_fair": 148.93,
            "eps_avg_yearly": 4.26,
            "eps_latest_yearly": 3.6,
            "eps_growth_yearly": 74.31
        },
        "20212": {
            "year_quarter": 20212,
            "year": 2021,
            "quarter": 2,
            "eps": 0.7,
            "eps_growth_year": -55.7,
            "eps_4q": 4.47,
            "eps_4q_growth_year": -3.97,
            "roe": 2.43,
            "roe_4q": 15.57,
            "gross_profit": 420869,
            "gross_margin": 26.04,
            "gross_margin_4q_avg": 27.99,
            "net_income": 84471,
            "revenue": 1616142,
            "common_shares": 1180044,
            "book_valuer_per_share": 27.21,
            "book_valuer_per_share_4q_avg": 28.54,
            "equity": 3199034,
            "current_ratio": 205.81,
            "debt_ratio": 55.76,
            "inventory_turnover_ratio": 0.58,
            "account_receivable_turnover_ratio": 1.72,
            "reinvestment_rate": 8.3,
            "research_to_sale_ratio": 8.24,
            "price_fair": 150.59,
            "eps_avg_yearly": 4.3,
            "eps_latest_yearly": 2.8,
            "eps_growth_yearly": 68.25
        },
        "20213": {
            "year_quarter": 20213,
            "year": 2021,
            "quarter": 3,
            "eps": 1.06,
            "eps_growth_year": -33.75,
            "eps_4q": 3.93,
            "eps_4q_growth_year": -21.99,
            "roe": 3.82,
            "roe_4q": 13.64,
            "gross_profit": 522464,
            "gross_margin": 25.67,
            "gross_margin_4q_avg": 27.41,
            "net_income": 123778,
            "revenue": 2035535,
            "common_shares": 1170034,
            "book_valuer_per_share": 28.08,
            "book_valuer_per_share_4q_avg": 28.63,
            "equity": 3286882,
            "current_ratio": 223.02,
            "debt_ratio": 53.06,
            "inventory_turnover_ratio": 0.65,
            "account_receivable_turnover_ratio": 1.8,
            "reinvestment_rate": 8.25,
            "research_to_sale_ratio": 7.72,
            "price_fair": 150.76,
            "eps_avg_yearly": 4.31,
            "eps_latest_yearly": 4.24,
            "eps_growth_yearly": 55.13
        },
        "20214": {
            "year_quarter": 20214,
            "year": 2021,
            "quarter": 4,
            "eps": 2,
            "eps_growth_year": 59.82,
            "eps_4q": 4.67,
            "eps_4q_growth_year": -7.52,
            "roe": 6.85,
            "roe_4q": 16.15,
            "gross_profit": 609327,
            "gross_margin": 26.5,
            "gross_margin_4q_avg": 26.57,
            "net_income": 233345,
            "revenue": 2299644,
            "common_shares": 1170034,
            "book_valuer_per_share": 30.12,
            "book_valuer_per_share_4q_avg": 28.89,
            "equity": 3524582,
            "current_ratio": 207.4,
            "debt_ratio": 55.24,
            "inventory_turnover_ratio": 0.69,
            "account_receivable_turnover_ratio": 1.77,
            "reinvestment_rate": 6.65,
            "research_to_sale_ratio": 5.91,
            "price_fair": 157.06,
            "eps_avg_yearly": 4.49,
            "eps_latest_yearly": 8,
            "eps_growth_yearly": 71.53
        },
        "20221": {
            "year_quarter": 20221,
            "year": 2022,
            "quarter": 1,
            "eps": 0.95,
            "eps_growth_year": 5.56,
            "eps_4q": 4.67,
            "eps_4q_growth_year": -12.35,
            "roe": 3.07,
            "roe_4q": 16.17,
            "gross_profit": 480621,
            "gross_margin": 26.66,
            "gross_margin_4q_avg": 26.22,
            "net_income": 111243,
            "revenue": 1802707,
            "common_shares": 1170034,
            "book_valuer_per_share": 31.6,
            "book_valuer_per_share_4q_avg": 29.25,
            "equity": 3731583,
            "current_ratio": 249.89,
            "debt_ratio": 49.14,
            "inventory_turnover_ratio": 0.5,
            "account_receivable_turnover_ratio": 1.61,
            "reinvestment_rate": 7.66,
            "research_to_sale_ratio": 8.61,
            "price_fair": 161.7,
            "eps_avg_yearly": 4.62,
            "eps_latest_yearly": 3.8,
            "eps_growth_yearly": 75.2
        },
        "20222": {
            "year_quarter": 20222,
            "year": 2022,
            "quarter": 2,
            "eps": 1.96,
            "eps_growth_year": 180,
            "eps_4q": 5.93,
            "eps_4q_growth_year": 32.68,
            "roe": 6.31,
            "roe_4q": 20.049999999999997,
            "gross_profit": 669618,
            "gross_margin": 28.64,
            "gross_margin_4q_avg": 26.87,
            "net_income": 231668,
            "revenue": 2338418,
            "common_shares": 1180424,
            "book_valuer_per_share": 30.59,
            "book_valuer_per_share_4q_avg": 30.1,
            "equity": 3611806,
            "current_ratio": 210.15,
            "debt_ratio": 54.44,
            "inventory_turnover_ratio": 0.6,
            "account_receivable_turnover_ratio": 1.94,
            "reinvestment_rate": 6.99,
            "research_to_sale_ratio": 6.85,
            "price_fair": 170.19,
            "eps_avg_yearly": 4.86,
            "eps_latest_yearly": 7.84,
            "eps_growth_yearly": 67.85
        },
        "20223": {
            "year_quarter": 20223,
            "year": 2022,
            "quarter": 3,
            "eps": 2.86,
            "eps_growth_year": 169.81,
            "eps_4q": 7.75,
            "eps_4q_growth_year": 96.95,
            "roe": 8.89,
            "roe_4q": 25.119999999999997,
            "gross_profit": 774840,
            "gross_margin": 30.48,
            "gross_margin_4q_avg": 28.07,
            "net_income": 338149,
            "revenue": 2541727,
            "common_shares": 1180424,
            "book_valuer_per_share": 33.82,
            "book_valuer_per_share_4q_avg": 31.53,
            "equity": 3992620,
            "current_ratio": 222.3,
            "debt_ratio": 51.88,
            "inventory_turnover_ratio": 0.6,
            "account_receivable_turnover_ratio": 1.74,
            "reinvestment_rate": 7.06,
            "research_to_sale_ratio": 6.82,
            "price_fair": 185.68,
            "eps_avg_yearly": 5.31,
            "eps_latest_yearly": 11.44,
            "eps_growth_yearly": 76.81
        },
        "20224": {
            "year_quarter": 20224,
            "year": 2022,
            "quarter": 4,
            "eps": 2.73,
            "eps_growth_year": 36.79,
            "eps_4q": 8.5,
            "eps_4q_growth_year": 82,
            "roe": 7.79,
            "roe_4q": 26.06,
            "gross_profit": 1070406,
            "gross_margin": 34.13,
            "gross_margin_4q_avg": 29.98,
            "net_income": 322148,
            "revenue": 3136234,
            "common_shares": 1180424,
            "book_valuer_per_share": 36.28,
            "book_valuer_per_share_4q_avg": 33.07,
            "equity": 4282876,
            "current_ratio": 171.54,
            "debt_ratio": 52.7,
            "inventory_turnover_ratio": 0.72,
            "account_receivable_turnover_ratio": 1.86,
            "reinvestment_rate": 7.91,
            "research_to_sale_ratio": 7.58,
            "price_fair": 196.96,
            "eps_avg_yearly": 5.63,
            "eps_latest_yearly": 10.92,
            "eps_growth_yearly": 67.64
        },
        "20231": {
            "year_quarter": 20231,
            "year": 2023,
            "quarter": 1,
            "eps": 2.16,
            "eps_growth_year": 127.37,
            "eps_4q": 9.68,
            "eps_4q_growth_year": 107.09,
            "roe": 5.77,
            "roe_4q": 28.759999999999998,
            "gross_profit": 734831,
            "gross_margin": 33.3,
            "gross_margin_4q_avg": 31.64,
            "net_income": 255052,
            "revenue": 2206539,
            "common_shares": 1180424,
            "book_valuer_per_share": 38.39,
            "book_valuer_per_share_4q_avg": 34.77,
            "equity": 4550769,
            "current_ratio": 189.2,
            "debt_ratio": 48.02,
            "inventory_turnover_ratio": 0.56,
            "account_receivable_turnover_ratio": 1.45,
            "reinvestment_rate": 7.41,
            "research_to_sale_ratio": 7.22,
            "price_fair": 207.55,
            "eps_avg_yearly": 5.93,
            "eps_latest_yearly": 8.64,
            "eps_growth_yearly": 70.93
        }
    },
    "months": {
        "2003-05": {
            "month": "2003-05",
            "price": "29.57",
            "revenue": 59606
        },
        "2003-06": {
            "month": "2003-06",
            "price": "32.85",
            "revenue": 57848
        },
        "2003-07": {
            "month": "2003-07",
            "price": "29.75",
            "revenue": 53261
        },
        "2003-08": {
            "month": "2003-08",
            "price": "24.07",
            "revenue": 57532
        },
        "2003-09": {
            "month": "2003-09",
            "price": "23.11",
            "revenue": 69346
        },
        "2003-10": {
            "month": "2003-10",
            "price": "24.44",
            "revenue": 75358
        },
        "2003-11": {
            "month": "2003-11",
            "price": "30.40",
            "revenue": 76356
        },
        "2003-12": {
            "month": "2003-12",
            "price": "37.01",
            "revenue": 95989
        },
        "2004-01": {
            "month": "2004-01",
            "price": "42.75",
            "revenue": 80790
        },
        "2004-02": {
            "month": "2004-02",
            "price": "41.94",
            "revenue": 111072
        },
        "2004-03": {
            "month": "2004-03",
            "price": "51.55",
            "revenue": 122294
        },
        "2004-04": {
            "month": "2004-04",
            "price": "60.41",
            "revenue": 131595
        },
        "2004-05": {
            "month": "2004-05",
            "price": "49.44",
            "revenue": 93492
        },
        "2004-06": {
            "month": "2004-06",
            "price": "43.07",
            "revenue": 95972
        },
        "2004-07": {
            "month": "2004-07",
            "price": "35.15",
            "revenue": 95293
        },
        "2004-08": {
            "month": "2004-08",
            "price": "29.00",
            "revenue": 93415
        },
        "2004-09": {
            "month": "2004-09",
            "price": "30.58",
            "revenue": 80259
        },
        "2004-10": {
            "month": "2004-10",
            "price": "27.84",
            "revenue": 70709
        },
        "2004-11": {
            "month": "2004-11",
            "price": "26.38",
            "revenue": 80570
        },
        "2004-12": {
            "month": "2004-12",
            "price": "26.80",
            "revenue": 78148
        },
        "2005-01": {
            "month": "2005-01",
            "price": "25.50",
            "revenue": 79128
        },
        "2005-02": {
            "month": "2005-02",
            "price": "26.90",
            "revenue": 71215
        },
        "2005-03": {
            "month": "2005-03",
            "price": "30.08",
            "revenue": 84685
        },
        "2005-04": {
            "month": "2005-04",
            "price": "27.62",
            "revenue": 70484
        },
        "2005-05": {
            "month": "2005-05",
            "price": "19.72",
            "revenue": 75413
        },
        "2005-06": {
            "month": "2005-06",
            "price": "21.51",
            "revenue": 70657
        },
        "2005-07": {
            "month": "2005-07",
            "price": "23.65",
            "revenue": 62282
        },
        "2005-08": {
            "month": "2005-08",
            "price": "25.54",
            "revenue": 77044
        },
        "2005-09": {
            "month": "2005-09",
            "price": "26.51",
            "revenue": 75673
        },
        "2005-10": {
            "month": "2005-10",
            "price": "28.24",
            "revenue": 70499
        },
        "2005-11": {
            "month": "2005-11",
            "price": "29.80",
            "revenue": 74015
        },
        "2005-12": {
            "month": "2005-12",
            "price": "32.76",
            "revenue": 70601
        },
        "2006-01": {
            "month": "2006-01",
            "price": "37.88",
            "revenue": 82415
        },
        "2006-02": {
            "month": "2006-02",
            "price": "37.11",
            "revenue": 65350
        },
        "2006-03": {
            "month": "2006-03",
            "price": "37.43",
            "revenue": 112662
        },
        "2006-04": {
            "month": "2006-04",
            "price": "37.08",
            "revenue": 82335
        },
        "2006-05": {
            "month": "2006-05",
            "price": "34.65",
            "revenue": 93679
        },
        "2006-06": {
            "month": "2006-06",
            "price": "31.21",
            "revenue": 115540
        },
        "2006-07": {
            "month": "2006-07",
            "price": "30.90",
            "revenue": 102425
        },
        "2006-08": {
            "month": "2006-08",
            "price": "30.92",
            "revenue": 102697
        },
        "2006-09": {
            "month": "2006-09",
            "price": "29.72",
            "revenue": 81817
        },
        "2006-10": {
            "month": "2006-10",
            "price": "27.60",
            "revenue": 90662
        },
        "2006-11": {
            "month": "2006-11",
            "price": "28.74",
            "revenue": 94163
        },
        "2006-12": {
            "month": "2006-12",
            "price": "30.58",
            "revenue": 116387
        },
        "2007-01": {
            "month": "2007-01",
            "price": "29.40",
            "revenue": 102706
        },
        "2007-02": {
            "month": "2007-02",
            "price": "26.12",
            "revenue": 88433
        },
        "2007-03": {
            "month": "2007-03",
            "price": "28.91",
            "revenue": 123395
        },
        "2007-04": {
            "month": "2007-04",
            "price": "38.24",
            "revenue": 155942
        },
        "2007-05": {
            "month": "2007-05",
            "price": "42.45",
            "revenue": 174720
        },
        "2007-06": {
            "month": "2007-06",
            "price": "46.85",
            "revenue": 175690
        },
        "2007-07": {
            "month": "2007-07",
            "price": "52.92",
            "revenue": 136115
        },
        "2007-08": {
            "month": "2007-08",
            "price": "44.85",
            "revenue": 123766
        },
        "2007-09": {
            "month": "2007-09",
            "price": "46.56",
            "revenue": 143204
        },
        "2007-10": {
            "month": "2007-10",
            "price": "44.05",
            "revenue": 167665
        },
        "2007-11": {
            "month": "2007-11",
            "price": "40.76",
            "revenue": 155448
        },
        "2007-12": {
            "month": "2007-12",
            "price": "38.38",
            "revenue": 153314
        },
        "2008-01": {
            "month": "2008-01",
            "price": "32.59",
            "revenue": 197669
        },
        "2008-02": {
            "month": "2008-02",
            "price": "35.36",
            "revenue": 121852
        },
        "2008-03": {
            "month": "2008-03",
            "price": "36.52",
            "revenue": 144514
        },
        "2008-04": {
            "month": "2008-04",
            "price": "34.65",
            "revenue": 132265
        },
        "2008-05": {
            "month": "2008-05",
            "price": "32.36",
            "revenue": 141211
        },
        "2008-06": {
            "month": "2008-06",
            "price": "26.39",
            "revenue": 152520
        },
        "2008-07": {
            "month": "2008-07",
            "price": "20.59",
            "revenue": 111031
        },
        "2008-08": {
            "month": "2008-08",
            "price": "18.33",
            "revenue": 120502
        },
        "2008-09": {
            "month": "2008-09",
            "price": "14.38",
            "revenue": 100184
        },
        "2008-10": {
            "month": "2008-10",
            "price": "12.01",
            "revenue": 101547
        },
        "2008-11": {
            "month": "2008-11",
            "price": "9.43",
            "revenue": 83078
        },
        "2008-12": {
            "month": "2008-12",
            "price": "9.54",
            "revenue": 71647
        },
        "2009-01": {
            "month": "2009-01",
            "price": "10.41",
            "revenue": 80528
        },
        "2009-02": {
            "month": "2009-02",
            "price": "10.24",
            "revenue": 75344
        },
        "2009-03": {
            "month": "2009-03",
            "price": "11.53",
            "revenue": 84189
        },
        "2009-04": {
            "month": "2009-04",
            "price": "12.37",
            "revenue": 87933
        },
        "2009-05": {
            "month": "2009-05",
            "price": "12.37",
            "revenue": 92713
        },
        "2009-06": {
            "month": "2009-06",
            "price": "11.80",
            "revenue": 98055
        },
        "2009-07": {
            "month": "2009-07",
            "price": "12.84",
            "revenue": 110919
        },
        "2009-08": {
            "month": "2009-08",
            "price": "13.54",
            "revenue": 118906
        },
        "2009-09": {
            "month": "2009-09",
            "price": "13.86",
            "revenue": 127824
        },
        "2009-10": {
            "month": "2009-10",
            "price": "18.88",
            "revenue": 133227
        },
        "2009-11": {
            "month": "2009-11",
            "price": "22.27",
            "revenue": 138580
        },
        "2009-12": {
            "month": "2009-12",
            "price": "29.96",
            "revenue": 166469
        },
        "2010-01": {
            "month": "2010-01",
            "price": "28.68",
            "revenue": 137578
        },
        "2010-02": {
            "month": "2010-02",
            "price": "23.43",
            "revenue": 142495
        },
        "2010-03": {
            "month": "2010-03",
            "price": "26.38",
            "revenue": 160953
        },
        "2010-04": {
            "month": "2010-04",
            "price": "27.22",
            "revenue": 137052
        },
        "2010-05": {
            "month": "2010-05",
            "price": "23.04",
            "revenue": 154225
        },
        "2010-06": {
            "month": "2010-06",
            "price": "22.74",
            "revenue": 127317
        },
        "2010-07": {
            "month": "2010-07",
            "price": "22.02",
            "revenue": 119056
        },
        "2010-08": {
            "month": "2010-08",
            "price": "21.20",
            "revenue": 121133
        },
        "2010-09": {
            "month": "2010-09",
            "price": "20.65",
            "revenue": 136404
        },
        "2010-10": {
            "month": "2010-10",
            "price": "19.31",
            "revenue": 124176
        },
        "2010-11": {
            "month": "2010-11",
            "price": "15.50",
            "revenue": 144996
        },
        "2010-12": {
            "month": "2010-12",
            "price": "18.09",
            "revenue": 183072
        },
        "2011-01": {
            "month": "2011-01",
            "price": "17.32",
            "revenue": 205565
        },
        "2011-02": {
            "month": "2011-02",
            "price": "18.28",
            "revenue": 135710
        },
        "2011-03": {
            "month": "2011-03",
            "price": "18.03",
            "revenue": 190836
        },
        "2011-04": {
            "month": "2011-04",
            "price": "18.16",
            "revenue": 181589
        },
        "2011-05": {
            "month": "2011-05",
            "price": "19.08",
            "revenue": 187746
        },
        "2011-06": {
            "month": "2011-06",
            "price": "21.80",
            "revenue": 213286
        },
        "2011-07": {
            "month": "2011-07",
            "price": "23.60",
            "revenue": 189530
        },
        "2011-08": {
            "month": "2011-08",
            "price": "21.42",
            "revenue": 183138
        },
        "2011-09": {
            "month": "2011-09",
            "price": "24.34",
            "revenue": 188713
        },
        "2011-10": {
            "month": "2011-10",
            "price": "23.97",
            "revenue": 181919
        },
        "2011-11": {
            "month": "2011-11",
            "price": "21.70",
            "revenue": 203599
        },
        "2011-12": {
            "month": "2011-12",
            "price": "19.41",
            "revenue": 208367
        },
        "2012-01": {
            "month": "2012-01",
            "price": "24.56",
            "revenue": 196755
        },
        "2012-02": {
            "month": "2012-02",
            "price": "29.31",
            "revenue": 210083
        },
        "2012-03": {
            "month": "2012-03",
            "price": "36.03",
            "revenue": 233846
        },
        "2012-04": {
            "month": "2012-04",
            "price": "36.20",
            "revenue": 223640
        },
        "2012-05": {
            "month": "2012-05",
            "price": "33.13",
            "revenue": 200219
        },
        "2012-06": {
            "month": "2012-06",
            "price": "28.10",
            "revenue": 201827
        },
        "2012-07": {
            "month": "2012-07",
            "price": "30.30",
            "revenue": 210974
        },
        "2012-08": {
            "month": "2012-08",
            "price": "32.85",
            "revenue": 222176
        },
        "2012-09": {
            "month": "2012-09",
            "price": "32.25",
            "revenue": 246394
        },
        "2012-10": {
            "month": "2012-10",
            "price": "31.72",
            "revenue": 253555
        },
        "2012-11": {
            "month": "2012-11",
            "price": "31.95",
            "revenue": 275975
        },
        "2012-12": {
            "month": "2012-12",
            "price": "34.85",
            "revenue": 296941
        },
        "2013-01": {
            "month": "2013-01",
            "price": "35.40",
            "revenue": 294309
        },
        "2013-02": {
            "month": "2013-02",
            "price": "34.71",
            "revenue": 190979
        },
        "2013-03": {
            "month": "2013-03",
            "price": "33.85",
            "revenue": 336084
        },
        "2013-04": {
            "month": "2013-04",
            "price": "33.78",
            "revenue": 250223
        },
        "2013-05": {
            "month": "2013-05",
            "price": "35.86",
            "revenue": 272958
        },
        "2013-06": {
            "month": "2013-06",
            "price": "38.73",
            "revenue": 391254
        },
        "2013-07": {
            "month": "2013-07",
            "price": "43.87",
            "revenue": 305009
        },
        "2013-08": {
            "month": "2013-08",
            "price": "50.22",
            "revenue": 314217
        },
        "2013-09": {
            "month": "2013-09",
            "price": "47.02",
            "revenue": 407286
        },
        "2013-10": {
            "month": "2013-10",
            "price": "50.71",
            "revenue": 333262
        },
        "2013-11": {
            "month": "2013-11",
            "price": "50.96",
            "revenue": 365986
        },
        "2013-12": {
            "month": "2013-12",
            "price": "56.58",
            "revenue": 448691
        },
        "2014-01": {
            "month": "2014-01",
            "price": "53.08",
            "revenue": 328963
        },
        "2014-02": {
            "month": "2014-02",
            "price": "54.38",
            "revenue": 310776
        },
        "2014-03": {
            "month": "2014-03",
            "price": "59.56",
            "revenue": 369695
        },
        "2014-04": {
            "month": "2014-04",
            "price": "54.04",
            "revenue": 307318
        },
        "2014-05": {
            "month": "2014-05",
            "price": "48.10",
            "revenue": 298165
        },
        "2014-06": {
            "month": "2014-06",
            "price": "48.55",
            "revenue": 448890
        },
        "2014-07": {
            "month": "2014-07",
            "price": "46.03",
            "revenue": 287213
        },
        "2014-08": {
            "month": "2014-08",
            "price": "36.32",
            "revenue": 313007
        },
        "2014-09": {
            "month": "2014-09",
            "price": "34.23",
            "revenue": 504603
        },
        "2014-10": {
            "month": "2014-10",
            "price": "36.42",
            "revenue": 359510
        },
        "2014-11": {
            "month": "2014-11",
            "price": "36.58",
            "revenue": 420676
        },
        "2014-12": {
            "month": "2014-12",
            "price": "41.81",
            "revenue": 591000
        },
        "2015-01": {
            "month": "2015-01",
            "price": "44.36",
            "revenue": 433514
        },
        "2015-02": {
            "month": "2015-02",
            "price": "45.21",
            "revenue": 284522
        },
        "2015-03": {
            "month": "2015-03",
            "price": "48.21",
            "revenue": 453599
        },
        "2015-04": {
            "month": "2015-04",
            "price": "48.46",
            "revenue": 333639
        },
        "2015-05": {
            "month": "2015-05",
            "price": "42.58",
            "revenue": 407568
        },
        "2015-06": {
            "month": "2015-06",
            "price": "45.84",
            "revenue": 562915
        },
        "2015-07": {
            "month": "2015-07",
            "price": "40.81",
            "revenue": 490855
        },
        "2015-08": {
            "month": "2015-08",
            "price": "32.09",
            "revenue": 363637
        },
        "2015-09": {
            "month": "2015-09",
            "price": "36.00",
            "revenue": 507444
        },
        "2015-10": {
            "month": "2015-10",
            "price": "40.11",
            "revenue": 415200
        },
        "2015-11": {
            "month": "2015-11",
            "price": "42.34",
            "revenue": 513070
        },
        "2015-12": {
            "month": "2015-12",
            "price": "41.90",
            "revenue": 673593
        },
        "2016-01": {
            "month": "2016-01",
            "price": "37.91",
            "revenue": 438736
        },
        "2016-02": {
            "month": "2016-02",
            "price": "39.16",
            "revenue": 351993
        },
        "2016-03": {
            "month": "2016-03",
            "price": "40.42",
            "revenue": 613163
        },
        "2016-04": {
            "month": "2016-04",
            "price": "39.58",
            "revenue": 531084
        },
        "2016-05": {
            "month": "2016-05",
            "price": "39.16",
            "revenue": 428966
        },
        "2016-06": {
            "month": "2016-06",
            "price": "43.34",
            "revenue": 619181
        },
        "2016-07": {
            "month": "2016-07",
            "price": "46.72",
            "revenue": 429214
        },
        "2016-08": {
            "month": "2016-08",
            "price": "43.03",
            "revenue": 434825
        },
        "2016-09": {
            "month": "2016-09",
            "price": "42.59",
            "revenue": 584111
        },
        "2016-10": {
            "month": "2016-10",
            "price": "44.12",
            "revenue": 395601
        },
        "2016-11": {
            "month": "2016-11",
            "price": "43.26",
            "revenue": 480244
        },
        "2016-12": {
            "month": "2016-12",
            "price": "42.52",
            "revenue": 811529
        },
        "2017-01": {
            "month": "2017-01",
            "price": "43.15",
            "revenue": 365720
        },
        "2017-02": {
            "month": "2017-02",
            "price": "44.04",
            "revenue": 379733
        },
        "2017-03": {
            "month": "2017-03",
            "price": "45.51",
            "revenue": 655947
        },
        "2017-04": {
            "month": "2017-04",
            "price": "47.40",
            "revenue": 372939
        },
        "2017-05": {
            "month": "2017-05",
            "price": "44.54",
            "revenue": 420231
        },
        "2017-06": {
            "month": "2017-06",
            "price": "44.63",
            "revenue": 724725
        },
        "2017-07": {
            "month": "2017-07",
            "price": "44.50",
            "revenue": 403632
        },
        "2017-08": {
            "month": "2017-08",
            "price": "41.74",
            "revenue": 525711
        },
        "2017-09": {
            "month": "2017-09",
            "price": "42.14",
            "revenue": 705269
        },
        "2017-10": {
            "month": "2017-10",
            "price": "43.42",
            "revenue": 622147
        },
        "2017-11": {
            "month": "2017-11",
            "price": "44.78",
            "revenue": 499302
        },
        "2017-12": {
            "month": "2017-12",
            "price": "47.41",
            "revenue": 758981
        },
        "2018-01": {
            "month": "2018-01",
            "price": "45.88",
            "revenue": 435874
        },
        "2018-02": {
            "month": "2018-02",
            "price": "41.69",
            "revenue": 488558
        },
        "2018-03": {
            "month": "2018-03",
            "price": "43.79",
            "revenue": 593277
        },
        "2018-04": {
            "month": "2018-04",
            "price": "45.41",
            "revenue": 537547
        },
        "2018-05": {
            "month": "2018-05",
            "price": "45.85",
            "revenue": 553135
        },
        "2018-06": {
            "month": "2018-06",
            "price": "47.58",
            "revenue": 727167
        },
        "2018-07": {
            "month": "2018-07",
            "price": "45.45",
            "revenue": 516577
        },
        "2018-08": {
            "month": "2018-08",
            "price": "43.84",
            "revenue": 653269
        },
        "2018-09": {
            "month": "2018-09",
            "price": "45.96",
            "revenue": 694578
        },
        "2018-10": {
            "month": "2018-10",
            "price": "42.49",
            "revenue": 670061
        },
        "2018-11": {
            "month": "2018-11",
            "price": "40.95",
            "revenue": 726985
        },
        "2018-12": {
            "month": "2018-12",
            "price": "44.14",
            "revenue": 863281
        },
        "2019-01": {
            "month": "2019-01",
            "price": "53.09",
            "revenue": 547747
        },
        "2019-02": {
            "month": "2019-02",
            "price": "64.69",
            "revenue": 554791
        },
        "2019-03": {
            "month": "2019-03",
            "price": "74.77",
            "revenue": 833771
        },
        "2019-04": {
            "month": "2019-04",
            "price": "81.37",
            "revenue": 446943
        },
        "2019-05": {
            "month": "2019-05",
            "price": "70.60",
            "revenue": 603475
        },
        "2019-06": {
            "month": "2019-06",
            "price": "70.78",
            "revenue": 667201
        },
        "2019-07": {
            "month": "2019-07",
            "price": "75.23",
            "revenue": 639966
        },
        "2019-08": {
            "month": "2019-08",
            "price": "71.10",
            "revenue": 602170
        },
        "2019-09": {
            "month": "2019-09",
            "price": "71.38",
            "revenue": 694398
        },
        "2019-10": {
            "month": "2019-10",
            "price": "70.55",
            "revenue": 659787
        },
        "2019-11": {
            "month": "2019-11",
            "price": "65.55",
            "revenue": 675046
        },
        "2019-12": {
            "month": "2019-12",
            "price": "65.35",
            "revenue": 799287
        },
        "2020-01": {
            "month": "2020-01",
            "price": "63.37",
            "revenue": 554359
        },
        "2020-02": {
            "month": "2020-02",
            "price": "59.33",
            "revenue": 404074
        },
        "2020-03": {
            "month": "2020-03",
            "price": "49.00",
            "revenue": 592508
        },
        "2020-04": {
            "month": "2020-04",
            "price": "52.72",
            "revenue": 495600
        },
        "2020-05": {
            "month": "2020-05",
            "price": "56.50",
            "revenue": 545106
        },
        "2020-06": {
            "month": "2020-06",
            "price": "59.70",
            "revenue": 703300
        },
        "2020-07": {
            "month": "2020-07",
            "price": "60.51",
            "revenue": 655684
        },
        "2020-08": {
            "month": "2020-08",
            "price": "57.02",
            "revenue": 704524
        },
        "2020-09": {
            "month": "2020-09",
            "price": "57.15",
            "revenue": 797758
        },
        "2020-10": {
            "month": "2020-10",
            "price": "60.64",
            "revenue": 608318
        },
        "2020-11": {
            "month": "2020-11",
            "price": "67.30",
            "revenue": 652362
        },
        "2020-12": {
            "month": "2020-12",
            "price": "67.00",
            "revenue": 789089
        },
        "2021-01": {
            "month": "2021-01",
            "price": "69.00",
            "revenue": 592547
        },
        "2021-02": {
            "month": "2021-02",
            "price": "66.25",
            "revenue": 506287
        },
        "2021-03": {
            "month": "2021-03",
            "price": "66.39",
            "revenue": 630355
        },
        "2021-04": {
            "month": "2021-04",
            "price": "67.48",
            "revenue": 533028
        },
        "2021-05": {
            "month": "2021-05",
            "price": "59.04",
            "revenue": 491886
        },
        "2021-06": {
            "month": "2021-06",
            "price": "59.85",
            "revenue": 591227
        },
        "2021-07": {
            "month": "2021-07",
            "price": "58.60",
            "revenue": 551134
        },
        "2021-08": {
            "month": "2021-08",
            "price": "54.47",
            "revenue": 574883
        },
        "2021-09": {
            "month": "2021-09",
            "price": "48.48",
            "revenue": 909528
        },
        "2021-10": {
            "month": "2021-10",
            "price": "48.15",
            "revenue": 691877
        },
        "2021-11": {
            "month": "2021-11",
            "price": "50.44",
            "revenue": 790689
        },
        "2021-12": {
            "month": "2021-12",
            "price": "53.03",
            "revenue": 817079
        },
        "2022-01": {
            "month": "2022-01",
            "price": "54.51",
            "revenue": 617580
        },
        "2022-02": {
            "month": "2022-02",
            "price": "53.65",
            "revenue": 474610
        },
        "2022-03": {
            "month": "2022-03",
            "price": "54.17",
            "revenue": 710516
        },
        "2022-04": {
            "month": "2022-04",
            "price": "58.16",
            "revenue": 589015
        },
        "2022-05": {
            "month": "2022-05",
            "price": "53.43",
            "revenue": 894752
        },
        "2022-06": {
            "month": "2022-06",
            "price": "60.70",
            "revenue": 854651
        },
        "2022-07": {
            "month": "2022-07",
            "price": "65.08",
            "revenue": 804187
        },
        "2022-08": {
            "month": "2022-08",
            "price": "70.26",
            "revenue": 839227
        },
        "2022-09": {
            "month": "2022-09",
            "price": "67.22",
            "revenue": 898314
        },
        "2022-10": {
            "month": "2022-10",
            "price": "60.03",
            "revenue": 979332
        },
        "2022-11": {
            "month": "2022-11",
            "price": "76.92",
            "revenue": 961953
        },
        "2022-12": {
            "month": "2022-12",
            "price": "99.68",
            "revenue": 1194948
        },
        "2023-01": {
            "month": "2023-01",
            "price": "93.75",
            "revenue": 819047
        },
        "2023-02": {
            "month": "2023-02",
            "price": "105.18",
            "revenue": 708218
        },
        "2023-03": {
            "month": "2023-03",
            "price": "116.87",
            "revenue": 718883
        },
        "2023-04": {
            "month": "2023-04",
            "price": "108.22",
            "revenue": 811098
        }
    }
}
