{
    "summary": {
        "stock_name": "臺龍",
        "stock_id": "6246",
        "category": "光電",
        "main_business": "背光模組及其零組件製造買賣<br>變壓器製造買賣<br>文創事業",
        "website_url": "http://www.tai-lon.com",
        "ceo": "陳志龍",
        "pe_ratio": -42,
        "report_year_from": 2001,
        "report_year_to": 2023,
        "age": 23,
        "eps_negative_percentage": 45,
        "eps_growth_avg": {
            "last_all": -39.95,
            "last_2y": -12.54,
            "last_4y": -34.41,
            "last_8y": -43.76,
            "last_12y": -32.82,
            "last_16y": -34.49,
            "last_20y": -39.95,
            "at_2006_last_3y": -56.32,
            "at_2007_last_3y": -88,
            "at_2008_last_3y": -100,
            "at_2009_last_3y": null,
            "at_2010_last_3y": -47.89,
            "at_2011_last_3y": 26.06,
            "at_2012_last_3y": -15.96,
            "at_2013_last_3y": -15.96,
            "at_2014_last_3y": 0,
            "at_2015_last_3y": -100,
            "at_2016_last_3y": null,
            "at_2017_last_3y": -82.95,
            "at_2018_last_3y": -62.46,
            "at_2019_last_3y": -74.97,
            "at_2020_last_3y": -74.97,
            "at_2021_last_3y": -13.99,
            "at_2022_last_3y": -12.54,
            "at_2023_last_3y": -12.54,
            "at_2024_last_3y": -12.54,
            "at_2006_last_all": -56.32,
            "at_2007_last_all": -56.32,
            "at_2008_last_all": -56.32,
            "at_2009_last_all": -56.32,
            "at_2010_last_all": -54.21,
            "at_2011_last_all": -23.37,
            "at_2012_last_all": -36.14,
            "at_2013_last_all": -36.14,
            "at_2014_last_all": -36.14,
            "at_2015_last_all": -36.14,
            "at_2016_last_all": -36.14,
            "at_2017_last_all": -42.83,
            "at_2018_last_all": -42.72,
            "at_2019_last_all": -49.09,
            "at_2020_last_all": -49.09,
            "at_2021_last_all": -34.18,
            "at_2022_last_all": -34.49,
            "at_2023_last_all": -39.95,
            "at_2024_last_all": -39.95
        },
        "latest_eps": -0.37,
        "latest_price": 15.55,
        "latest_roe": -3.14,
        "latest_gross_margin": 8.41,
        "latest_equity": 430714,
        "latest_revenue": 390526,
        "latest_gross_profit": 32849,
        "latest_net_income": -7869,
        "latest_debt_ratio": 68.73,
        "latest_current_ratio": 134.04,
        "latest_account_receivable_turnover_ratio": 0.79,
        "latest_inventory_turnover_ratio": 1.68,
        "latest_reinvestment_rate": -69.3,
        "latest_research_to_sale_ratio": 2.85
    },
    "eps_dividends": {
        "2001": {
            "cash": 0,
            "stock": 0.92,
            "eps": 0
        },
        "2002": {
            "cash": 0.3,
            "stock": 1.2,
            "eps": 3.27
        },
        "2003": {
            "cash": 0.9,
            "stock": 1.6,
            "eps": 3.5
        },
        "2004": {
            "cash": 0.8,
            "stock": 1.4,
            "eps": 0.84
        },
        "2005": {
            "cash": 0.2,
            "stock": 0,
            "eps": -4.4
        },
        "2006": {
            "cash": 0,
            "stock": 0,
            "eps": -1.45
        },
        "2007": {
            "cash": 0,
            "stock": 0,
            "eps": -1.58
        },
        "2008": {
            "cash": 0,
            "stock": 0,
            "eps": -2.67
        },
        "2009": {
            "cash": 0,
            "stock": 0,
            "eps": 0.71
        },
        "2010": {
            "cash": 0,
            "stock": 0,
            "eps": 0.37
        },
        "2011": {
            "cash": 0,
            "stock": 0,
            "eps": 1.02
        },
        "2012": {
            "cash": 0,
            "stock": 0,
            "eps": -1.62
        },
        "2013": {
            "cash": 0,
            "stock": 0,
            "eps": -2.86
        },
        "2014": {
            "cash": 0,
            "stock": 0,
            "eps": -6.43
        },
        "2015": {
            "cash": 0,
            "stock": 0,
            "eps": -0.36
        },
        "2016": {
            "cash": 0,
            "stock": 0,
            "eps": 6.57
        },
        "2017": {
            "cash": 0,
            "stock": 2,
            "eps": 1.12
        },
        "2018": {
            "cash": 0,
            "stock": 0.4,
            "eps": 0.65
        },
        "2019": {
            "cash": 0,
            "stock": 0.4,
            "eps": -2.15
        },
        "2020": {
            "cash": 0,
            "stock": 0,
            "eps": 0.42
        },
        "2021": {
            "cash": 0,
            "stock": 0,
            "eps": 0.93
        },
        "2022": {
            "cash": 0,
            "stock": 0,
            "eps": 0.58
        },
        "2023": {
            "cash": 0.1,
            "stock": 0.2,
            "eps": -0.35
        }
    },
    "dividends": {
        "2001-05-21": {
            "cash": 0,
            "stock": 0.92
        },
        "2002-06-26": {
            "cash": 0.3,
            "stock": 1.2
        },
        "2003-05-30": {
            "cash": 0.9,
            "stock": 1.6
        },
        "2004-04-30": {
            "cash": 0.8,
            "stock": 1.4
        },
        "2005-05-03": {
            "cash": 0.2,
            "stock": 0
        },
        "2017-04-05": {
            "cash": 0,
            "stock": 2
        },
        "2018-04-12": {
            "cash": 0,
            "stock": 0.4
        },
        "2019-04-08": {
            "cash": 0,
            "stock": 0.4
        },
        "2023-09-22": {
            "cash": 0.1,
            "stock": 0.2
        }
    },
    "prices": {
        "200101": "無",
        "200102": "無",
        "200103": "無",
        "200104": "無",
        "200105": "無",
        "200106": "無",
        "200107": "無",
        "200108": "無",
        "200109": "無",
        "200110": "無",
        "200111": "無",
        "200112": "無",
        "200201": "無",
        "200202": "無",
        "200203": "無",
        "200204": "無",
        "200205": "無",
        "200206": "無",
        "200207": "無",
        "200208": "無",
        "200209": "無",
        "200210": "無",
        "200211": "無",
        "200212": "無",
        "200301": "無",
        "200302": "無",
        "200303": "無",
        "200304": "無",
        "200305": "無",
        "200306": "44.94",
        "200307": "47.36",
        "200308": "42.05",
        "200309": "36.50",
        "200310": "33.58",
        "200311": "31.62",
        "200312": "32.37",
        "200401": "31.31",
        "200402": "31.80",
        "200403": "29.67",
        "200404": "26.67",
        "200405": "21.90",
        "200406": "21.20",
        "200407": "17.51",
        "200408": "13.47",
        "200409": "12.84",
        "200410": "12.05",
        "200411": "11.42",
        "200412": "11.31",
        "200501": "10.56",
        "200502": "10.86",
        "200503": "10.92",
        "200504": "8.40",
        "200505": "6.10",
        "200506": "7.17",
        "200507": "7.39",
        "200508": "6.06",
        "200509": "5.32",
        "200510": "4.58",
        "200511": "4.05",
        "200512": "4.93",
        "200601": "6.68",
        "200602": "5.97",
        "200603": "6.76",
        "200604": "8.62",
        "200605": "7.63",
        "200606": "6.55",
        "200607": "5.90",
        "200608": "5.96",
        "200609": "5.22",
        "200610": "5.07",
        "200611": "5.14",
        "200612": "6.21",
        "200701": "9.15",
        "200702": "8.27",
        "200703": "8.70",
        "200704": "9.34",
        "200705": "8.64",
        "200706": "8.53",
        "200707": "10.50",
        "200708": "10.01",
        "200709": "8.44",
        "200710": "7.38",
        "200711": "5.64",
        "200712": "4.66",
        "200801": "4.16",
        "200802": "4.30",
        "200803": "4.37",
        "200804": "4.49",
        "200805": "4.07",
        "200806": "4.20",
        "200807": "3.61",
        "200808": "3.13",
        "200809": "2.85",
        "200810": "2.88",
        "200811": "2.80",
        "200812": "2.27",
        "200901": "2.05",
        "200902": "2.39",
        "200903": "2.92",
        "200904": "4.28",
        "200905": "6.61",
        "200906": "9.16",
        "200907": "10.26",
        "200908": "12.11",
        "200909": "13.05",
        "200910": "17.03",
        "200911": "17.85",
        "200912": "17.01",
        "201001": "17.13",
        "201002": "15.88",
        "201003": "17.06",
        "201004": "18.35",
        "201005": "17.05",
        "201006": "15.69",
        "201007": "14.70",
        "201008": "16.34",
        "201009": "18.85",
        "201010": "23.10",
        "201011": "18.70",
        "201012": "22.34",
        "201101": "21.49",
        "201102": "28.60",
        "201103": "32.43",
        "201104": "31.03",
        "201105": "31.68",
        "201106": "27.94",
        "201107": "22.02",
        "201108": "20.82",
        "201109": "17.49",
        "201110": "14.73",
        "201111": "12.79",
        "201112": "10.72",
        "201201": "12.12",
        "201202": "15.26",
        "201203": "14.74",
        "201204": "11.62",
        "201205": "11.91",
        "201206": "11.32",
        "201207": "10.58",
        "201208": "9.94",
        "201209": "10.40",
        "201210": "10.99",
        "201211": "9.70",
        "201212": "10.02",
        "201301": "9.73",
        "201302": "9.00",
        "201303": "8.89",
        "201304": "7.68",
        "201305": "7.72",
        "201306": "7.93",
        "201307": "7.54",
        "201308": "6.82",
        "201309": "6.28",
        "201310": "6.07",
        "201311": "5.05",
        "201312": "6.30",
        "201401": "6.97",
        "201402": "6.86",
        "201403": "7.21",
        "201404": "8.39",
        "201405": "7.24",
        "201406": "6.86",
        "201407": "7.58",
        "201408": "5.88",
        "201409": "4.09",
        "201410": "3.67",
        "201411": "3.78",
        "201412": "3.57",
        "201501": "3.78",
        "201502": "4.37",
        "201503": "4.26",
        "201504": "4.24",
        "201505": "3.76",
        "201506": "3.37",
        "201507": "3.57",
        "201508": "3.02",
        "201509": "2.89",
        "201510": "2.76",
        "201511": "2.39",
        "201512": "2.76",
        "201601": "2.86",
        "201602": "2.94",
        "201603": "2.51",
        "201604": "2.44",
        "201605": "2.30",
        "201606": "2.71",
        "201607": "3.32",
        "201608": "3.29",
        "201609": "3.49",
        "201610": "4.97",
        "201611": "23.84",
        "201612": "20.16",
        "201701": "19.09",
        "201702": "23.89",
        "201703": "28.39",
        "201704": "27.15",
        "201705": "25.37",
        "201706": "26.62",
        "201707": "22.48",
        "201708": "21.13",
        "201709": "20.83",
        "201710": "19.25",
        "201711": "22.00",
        "201712": "24.66",
        "201801": "22.42",
        "201802": "20.57",
        "201803": "20.49",
        "201804": "18.82",
        "201805": "19.75",
        "201806": "20.16",
        "201807": "18.26",
        "201808": "15.77",
        "201809": "13.46",
        "201810": "11.17",
        "201811": "10.34",
        "201812": "10.24",
        "201901": "9.70",
        "201902": "10.44",
        "201903": "11.18",
        "201904": "12.51",
        "201905": "10.56",
        "201906": "9.91",
        "201907": "10.09",
        "201908": "9.81",
        "201909": "9.62",
        "201910": "9.55",
        "201911": "8.72",
        "201912": "8.73",
        "202001": "9.15",
        "202002": "8.89",
        "202003": "8.03",
        "202004": "7.37",
        "202005": "7.35",
        "202006": "8.38",
        "202007": "10.09",
        "202008": "10.24",
        "202009": "13.40",
        "202010": "17.63",
        "202011": "16.64",
        "202012": "15.80",
        "202101": "13.93",
        "202102": "14.24",
        "202103": "15.59",
        "202104": "17.92",
        "202105": "15.48",
        "202106": "16.79",
        "202107": "16.62",
        "202108": "18.12",
        "202109": "17.47",
        "202110": "17.09",
        "202111": "17.45",
        "202112": "17.24",
        "202201": "16.76",
        "202202": "16.68",
        "202203": "16.25",
        "202204": "15.33",
        "202205": "13.87",
        "202206": "13.94",
        "202207": "13.76",
        "202208": "14.64",
        "202209": "14.80",
        "202210": "14.36",
        "202211": "14.56",
        "202212": "14.92",
        "202301": "14.10",
        "202302": "14.18",
        "202303": "13.97",
        "202304": "13.93",
        "202305": "13.79",
        "202306": "13.78",
        "202307": "13.64",
        "202308": "13.31",
        "202309": "12.54",
        "202310": "12.42",
        "202311": "12.91",
        "202312": "14.64"
    },
    "quarters": {
        "20011": {
            "year_quarter": 20011,
            "year": 2001,
            "quarter": 1,
            "eps": null,
            "eps_growth_year": null,
            "eps_4q": null,
            "eps_4q_growth_year": null,
            "roe": null,
            "roe_4q": 0,
            "gross_profit": null,
            "gross_margin": null,
            "gross_margin_4q_avg": 0,
            "net_income": null,
            "net_income_4q": null,
            "revenue": null,
            "revenue_4q": null,
            "common_shares": null,
            "book_valuer_per_share": null,
            "book_valuer_per_share_4q_avg": 0,
            "equity": null,
            "current_ratio": null,
            "debt_ratio": null,
            "inventory_turnover_ratio": null,
            "account_receivable_turnover_ratio": null,
            "reinvestment_rate": null,
            "research_to_sale_ratio": null,
            "price_fair": 0,
            "eps_avg_yearly": 0,
            "eps_latest_yearly": 0,
            "eps_growth_yearly": 0
        },
        "20012": {
            "year_quarter": 20012,
            "year": 2001,
            "quarter": 2,
            "eps": null,
            "eps_growth_year": null,
            "eps_4q": null,
            "eps_4q_growth_year": null,
            "roe": null,
            "roe_4q": 0,
            "gross_profit": null,
            "gross_margin": null,
            "gross_margin_4q_avg": 0,
            "net_income": null,
            "net_income_4q": null,
            "revenue": null,
            "revenue_4q": null,
            "common_shares": null,
            "book_valuer_per_share": null,
            "book_valuer_per_share_4q_avg": 0,
            "equity": null,
            "current_ratio": null,
            "debt_ratio": null,
            "inventory_turnover_ratio": null,
            "account_receivable_turnover_ratio": null,
            "reinvestment_rate": null,
            "research_to_sale_ratio": null,
            "price_fair": 0,
            "eps_avg_yearly": 0,
            "eps_latest_yearly": 0,
            "eps_growth_yearly": 0
        },
        "20013": {
            "year_quarter": 20013,
            "year": 2001,
            "quarter": 3,
            "eps": null,
            "eps_growth_year": null,
            "eps_4q": null,
            "eps_4q_growth_year": null,
            "roe": null,
            "roe_4q": 0,
            "gross_profit": null,
            "gross_margin": null,
            "gross_margin_4q_avg": 0,
            "net_income": null,
            "net_income_4q": null,
            "revenue": null,
            "revenue_4q": null,
            "common_shares": null,
            "book_valuer_per_share": null,
            "book_valuer_per_share_4q_avg": 0,
            "equity": null,
            "current_ratio": null,
            "debt_ratio": null,
            "inventory_turnover_ratio": null,
            "account_receivable_turnover_ratio": null,
            "reinvestment_rate": null,
            "research_to_sale_ratio": null,
            "price_fair": 0,
            "eps_avg_yearly": 0,
            "eps_latest_yearly": 0,
            "eps_growth_yearly": 0
        },
        "20014": {
            "year_quarter": 20014,
            "year": 2001,
            "quarter": 4,
            "eps": null,
            "eps_growth_year": null,
            "eps_4q": null,
            "eps_4q_growth_year": null,
            "roe": null,
            "roe_4q": 0,
            "gross_profit": null,
            "gross_margin": null,
            "gross_margin_4q_avg": 0,
            "net_income": null,
            "net_income_4q": null,
            "revenue": null,
            "revenue_4q": null,
            "common_shares": 750000,
            "book_valuer_per_share": 16.07,
            "book_valuer_per_share_4q_avg": 4.02,
            "equity": 1205650,
            "current_ratio": 158.62,
            "debt_ratio": 44.92,
            "inventory_turnover_ratio": null,
            "account_receivable_turnover_ratio": null,
            "reinvestment_rate": null,
            "research_to_sale_ratio": null,
            "price_fair": 0,
            "eps_avg_yearly": 0,
            "eps_latest_yearly": 0,
            "eps_growth_yearly": 0
        },
        "20021": {
            "year_quarter": 20021,
            "year": 2002,
            "quarter": 1,
            "eps": null,
            "eps_growth_year": null,
            "eps_4q": null,
            "eps_4q_growth_year": null,
            "roe": null,
            "roe_4q": 0,
            "gross_profit": null,
            "gross_margin": null,
            "gross_margin_4q_avg": 0,
            "net_income": null,
            "net_income_4q": null,
            "revenue": null,
            "revenue_4q": null,
            "common_shares": null,
            "book_valuer_per_share": null,
            "book_valuer_per_share_4q_avg": 4.02,
            "equity": null,
            "current_ratio": null,
            "debt_ratio": null,
            "inventory_turnover_ratio": null,
            "account_receivable_turnover_ratio": null,
            "reinvestment_rate": null,
            "research_to_sale_ratio": null,
            "price_fair": 0,
            "eps_avg_yearly": 0,
            "eps_latest_yearly": 0,
            "eps_growth_yearly": 0
        },
        "20022": {
            "year_quarter": 20022,
            "year": 2002,
            "quarter": 2,
            "eps": null,
            "eps_growth_year": null,
            "eps_4q": null,
            "eps_4q_growth_year": null,
            "roe": null,
            "roe_4q": 0,
            "gross_profit": null,
            "gross_margin": null,
            "gross_margin_4q_avg": 0,
            "net_income": null,
            "net_income_4q": null,
            "revenue": null,
            "revenue_4q": null,
            "common_shares": null,
            "book_valuer_per_share": null,
            "book_valuer_per_share_4q_avg": 4.02,
            "equity": null,
            "current_ratio": null,
            "debt_ratio": null,
            "inventory_turnover_ratio": null,
            "account_receivable_turnover_ratio": null,
            "reinvestment_rate": null,
            "research_to_sale_ratio": null,
            "price_fair": 0,
            "eps_avg_yearly": 0,
            "eps_latest_yearly": 0,
            "eps_growth_yearly": 0
        },
        "20023": {
            "year_quarter": 20023,
            "year": 2002,
            "quarter": 3,
            "eps": 1.08,
            "eps_growth_year": null,
            "eps_4q": null,
            "eps_4q_growth_year": null,
            "roe": 6.6,
            "roe_4q": 6.6,
            "gross_profit": 82390,
            "gross_margin": 18.89,
            "gross_margin_4q_avg": 4.72,
            "net_income": 91652,
            "net_income_4q": null,
            "revenue": 436093,
            "revenue_4q": null,
            "common_shares": 850000,
            "book_valuer_per_share": 16.33,
            "book_valuer_per_share_4q_avg": 8.1,
            "equity": 1388018,
            "current_ratio": 138.23,
            "debt_ratio": 32.43,
            "inventory_turnover_ratio": 4.16,
            "account_receivable_turnover_ratio": null,
            "reinvestment_rate": null,
            "research_to_sale_ratio": null,
            "price_fair": 0,
            "eps_avg_yearly": 0,
            "eps_latest_yearly": 0,
            "eps_growth_yearly": 0
        },
        "20024": {
            "year_quarter": 20024,
            "year": 2002,
            "quarter": 4,
            "eps": 2.19,
            "eps_growth_year": null,
            "eps_4q": null,
            "eps_4q_growth_year": null,
            "roe": 12.63,
            "roe_4q": 19.23,
            "gross_profit": 65700,
            "gross_margin": 19.52,
            "gross_margin_4q_avg": 9.6,
            "net_income": 186300,
            "net_income_4q": null,
            "revenue": 336551,
            "revenue_4q": null,
            "common_shares": 850000,
            "book_valuer_per_share": 18.38,
            "book_valuer_per_share_4q_avg": 8.68,
            "equity": 1562487,
            "current_ratio": 226.28,
            "debt_ratio": 34.64,
            "inventory_turnover_ratio": 1.24,
            "account_receivable_turnover_ratio": null,
            "reinvestment_rate": null,
            "research_to_sale_ratio": null,
            "price_fair": 306.6,
            "eps_avg_yearly": 8.76,
            "eps_latest_yearly": 8.76,
            "eps_growth_yearly": 411.11
        },
        "20031": {
            "year_quarter": 20031,
            "year": 2003,
            "quarter": 1,
            "eps": 1.48,
            "eps_growth_year": null,
            "eps_4q": null,
            "eps_4q_growth_year": null,
            "roe": 7.75,
            "roe_4q": 26.980000000000004,
            "gross_profit": 83745,
            "gross_margin": 16.59,
            "gross_margin_4q_avg": 13.75,
            "net_income": 125907,
            "net_income_4q": null,
            "revenue": 504787,
            "revenue_4q": null,
            "common_shares": 850000,
            "book_valuer_per_share": 19.86,
            "book_valuer_per_share_4q_avg": 13.64,
            "equity": 1687741,
            "current_ratio": 147.03,
            "debt_ratio": 28.2,
            "inventory_turnover_ratio": 1.99,
            "account_receivable_turnover_ratio": null,
            "reinvestment_rate": null,
            "research_to_sale_ratio": null,
            "price_fair": 256.9,
            "eps_avg_yearly": 7.34,
            "eps_latest_yearly": 5.92,
            "eps_growth_yearly": 140.72
        },
        "20032": {
            "year_quarter": 20032,
            "year": 2003,
            "quarter": 2,
            "eps": 0.95,
            "eps_growth_year": null,
            "eps_4q": 5.72,
            "eps_4q_growth_year": null,
            "roe": 4.81,
            "roe_4q": 31.79,
            "gross_profit": 56008,
            "gross_margin": 13.87,
            "gross_margin_4q_avg": 17.22,
            "net_income": 80375,
            "net_income_4q": null,
            "revenue": 403880,
            "revenue_4q": null,
            "common_shares": 850000,
            "book_valuer_per_share": 19.44,
            "book_valuer_per_share_4q_avg": 18.5,
            "equity": 1652168,
            "current_ratio": 133.16,
            "debt_ratio": 32.55,
            "inventory_turnover_ratio": 5.24,
            "account_receivable_turnover_ratio": null,
            "reinvestment_rate": null,
            "research_to_sale_ratio": null,
            "price_fair": 215.6,
            "eps_avg_yearly": 6.16,
            "eps_latest_yearly": 3.8,
            "eps_growth_yearly": 46.06
        },
        "20033": {
            "year_quarter": 20033,
            "year": 2003,
            "quarter": 3,
            "eps": 0.5,
            "eps_growth_year": -53.7,
            "eps_4q": 4.39,
            "eps_4q_growth_year": null,
            "roe": 3.03,
            "roe_4q": 28.22,
            "gross_profit": 56726,
            "gross_margin": 11.19,
            "gross_margin_4q_avg": 15.29,
            "net_income": 50409,
            "net_income_4q": null,
            "revenue": 506909,
            "revenue_4q": null,
            "common_shares": 1000000,
            "book_valuer_per_share": 16.77,
            "book_valuer_per_share_4q_avg": 18.61,
            "equity": 1677351,
            "current_ratio": 117.82,
            "debt_ratio": 30.67,
            "inventory_turnover_ratio": 9.65,
            "account_receivable_turnover_ratio": null,
            "reinvestment_rate": null,
            "research_to_sale_ratio": null,
            "price_fair": 15.36,
            "eps_avg_yearly": 5.12,
            "eps_latest_yearly": 2,
            "eps_growth_yearly": -12.82
        },
        "20034": {
            "year_quarter": 20034,
            "year": 2003,
            "quarter": 4,
            "eps": 0.57,
            "eps_growth_year": -73.97,
            "eps_4q": 3.13,
            "eps_4q_growth_year": null,
            "roe": 3.3,
            "roe_4q": 18.89,
            "gross_profit": 66509,
            "gross_margin": 12.17,
            "gross_margin_4q_avg": 13.46,
            "net_income": 57231,
            "net_income_4q": null,
            "revenue": 546295,
            "revenue_4q": null,
            "common_shares": 1000000,
            "book_valuer_per_share": 17.36,
            "book_valuer_per_share_4q_avg": 18.36,
            "equity": 1791534,
            "current_ratio": 174.78,
            "debt_ratio": 39.27,
            "inventory_turnover_ratio": 2.7,
            "account_receivable_turnover_ratio": null,
            "reinvestment_rate": null,
            "research_to_sale_ratio": null,
            "price_fair": 45.52,
            "eps_avg_yearly": 4.55,
            "eps_latest_yearly": 2.28,
            "eps_growth_yearly": 0.94
        },
        "20041": {
            "year_quarter": 20041,
            "year": 2004,
            "quarter": 1,
            "eps": 0.4,
            "eps_growth_year": -72.97,
            "eps_4q": 2.28,
            "eps_4q_growth_year": null,
            "roe": 2.27,
            "roe_4q": 13.41,
            "gross_profit": 52358,
            "gross_margin": 9.69,
            "gross_margin_4q_avg": 11.73,
            "net_income": 39950,
            "net_income_4q": null,
            "revenue": 540481,
            "revenue_4q": null,
            "common_shares": 1000000,
            "book_valuer_per_share": 17.3,
            "book_valuer_per_share_4q_avg": 17.72,
            "equity": 1730427,
            "current_ratio": 112.9,
            "debt_ratio": 33.74,
            "inventory_turnover_ratio": 2.48,
            "account_receivable_turnover_ratio": null,
            "reinvestment_rate": null,
            "research_to_sale_ratio": null,
            "price_fair": 12.18,
            "eps_avg_yearly": 4.06,
            "eps_latest_yearly": 1.6,
            "eps_growth_yearly": -19.1
        },
        "20042": {
            "year_quarter": 20042,
            "year": 2004,
            "quarter": 2,
            "eps": 0.5,
            "eps_growth_year": -47.37,
            "eps_4q": 1.98,
            "eps_4q_growth_year": -65.39,
            "roe": 2.91,
            "roe_4q": 11.51,
            "gross_profit": 71967,
            "gross_margin": 10.12,
            "gross_margin_4q_avg": 10.79,
            "net_income": 49833,
            "net_income_4q": null,
            "revenue": 711274,
            "revenue_4q": null,
            "common_shares": 1000000,
            "book_valuer_per_share": 16.99,
            "book_valuer_per_share_4q_avg": 17.11,
            "equity": 1698699,
            "current_ratio": 117.79,
            "debt_ratio": 41.01,
            "inventory_turnover_ratio": 8.51,
            "account_receivable_turnover_ratio": null,
            "reinvestment_rate": null,
            "research_to_sale_ratio": null,
            "price_fair": 11.3,
            "eps_avg_yearly": 3.77,
            "eps_latest_yearly": 2,
            "eps_growth_yearly": -2.08
        },
        "20043": {
            "year_quarter": 20043,
            "year": 2004,
            "quarter": 3,
            "eps": 0.42,
            "eps_growth_year": -16,
            "eps_4q": 1.71,
            "eps_4q_growth_year": -61.11,
            "roe": 2.77,
            "roe_4q": 11.25,
            "gross_profit": 66213,
            "gross_margin": 11.29,
            "gross_margin_4q_avg": 10.82,
            "net_income": 47906,
            "net_income_4q": null,
            "revenue": 586565,
            "revenue_4q": null,
            "common_shares": 1145000,
            "book_valuer_per_share": 15.33,
            "book_valuer_per_share_4q_avg": 16.75,
            "equity": 1755823,
            "current_ratio": 115,
            "debt_ratio": 37.8,
            "inventory_turnover_ratio": 7.14,
            "account_receivable_turnover_ratio": null,
            "reinvestment_rate": null,
            "research_to_sale_ratio": null,
            "price_fair": 10.52,
            "eps_avg_yearly": 3.51,
            "eps_latest_yearly": 1.68,
            "eps_growth_yearly": -9.82
        },
        "20044": {
            "year_quarter": 20044,
            "year": 2004,
            "quarter": 4,
            "eps": -0.48,
            "eps_growth_year": -184.21,
            "eps_4q": 0.92,
            "eps_4q_growth_year": -70.43,
            "roe": -3.22,
            "roe_4q": 4.73,
            "gross_profit": 60582,
            "gross_margin": 10.34,
            "gross_margin_4q_avg": 10.36,
            "net_income": -54639,
            "net_income_4q": null,
            "revenue": 585741,
            "revenue_4q": null,
            "common_shares": 1145000,
            "book_valuer_per_share": 13.94,
            "book_valuer_per_share_4q_avg": 15.89,
            "equity": 1637131,
            "current_ratio": 171.46,
            "debt_ratio": 40.22,
            "inventory_turnover_ratio": 2.33,
            "account_receivable_turnover_ratio": null,
            "reinvestment_rate": null,
            "research_to_sale_ratio": null,
            "price_fair": 10.52,
            "eps_avg_yearly": 3.51,
            "eps_latest_yearly": 1.68,
            "eps_growth_yearly": -9.82
        },
        "20051": {
            "year_quarter": 20051,
            "year": 2005,
            "quarter": 1,
            "eps": -2.12,
            "eps_growth_year": -630,
            "eps_4q": -1.74,
            "eps_4q_growth_year": -176.08,
            "roe": -15.97,
            "roe_4q": -13.510000000000002,
            "gross_profit": 33473,
            "gross_margin": 8.51,
            "gross_margin_4q_avg": 10.07,
            "net_income": -238209,
            "net_income_4q": null,
            "revenue": 393403,
            "revenue_4q": null,
            "common_shares": 1125000,
            "book_valuer_per_share": 11.96,
            "book_valuer_per_share_4q_avg": 14.56,
            "equity": 1345254,
            "current_ratio": 114.05,
            "debt_ratio": 35.74,
            "inventory_turnover_ratio": 1.63,
            "account_receivable_turnover_ratio": null,
            "reinvestment_rate": null,
            "research_to_sale_ratio": null,
            "price_fair": 10.52,
            "eps_avg_yearly": 3.51,
            "eps_latest_yearly": 1.68,
            "eps_growth_yearly": -9.82
        },
        "20052": {
            "year_quarter": 20052,
            "year": 2005,
            "quarter": 2,
            "eps": -0.92,
            "eps_growth_year": -284,
            "eps_4q": -3.09,
            "eps_4q_growth_year": -256.09,
            "roe": -7.98,
            "roe_4q": -24.400000000000002,
            "gross_profit": 21996,
            "gross_margin": 5.31,
            "gross_margin_4q_avg": 8.86,
            "net_income": -102902,
            "net_income_4q": null,
            "revenue": 413853,
            "revenue_4q": null,
            "common_shares": 1125000,
            "book_valuer_per_share": 10.96,
            "book_valuer_per_share_4q_avg": 13.05,
            "equity": 1232618,
            "current_ratio": 126.48,
            "debt_ratio": 40.62,
            "inventory_turnover_ratio": 7.49,
            "account_receivable_turnover_ratio": null,
            "reinvestment_rate": null,
            "research_to_sale_ratio": null,
            "price_fair": 10.52,
            "eps_avg_yearly": 3.51,
            "eps_latest_yearly": 1.68,
            "eps_growth_yearly": -9.82
        },
        "20053": {
            "year_quarter": 20053,
            "year": 2005,
            "quarter": 3,
            "eps": -0.69,
            "eps_growth_year": -264.29,
            "eps_4q": -4.21,
            "eps_4q_growth_year": -346.25,
            "roe": -6.3,
            "roe_4q": -33.47,
            "gross_profit": 34366,
            "gross_margin": 6.37,
            "gross_margin_4q_avg": 7.63,
            "net_income": -77673,
            "net_income_4q": null,
            "revenue": 539207,
            "revenue_4q": null,
            "common_shares": 1125000,
            "book_valuer_per_share": 10.96,
            "book_valuer_per_share_4q_avg": 11.96,
            "equity": 1232457,
            "current_ratio": 117.42,
            "debt_ratio": 45.43,
            "inventory_turnover_ratio": 10.96,
            "account_receivable_turnover_ratio": null,
            "reinvestment_rate": null,
            "research_to_sale_ratio": null,
            "price_fair": 10.52,
            "eps_avg_yearly": 3.51,
            "eps_latest_yearly": 1.68,
            "eps_growth_yearly": -9.82
        },
        "20054": {
            "year_quarter": 20054,
            "year": 2005,
            "quarter": 4,
            "eps": -0.67,
            "eps_growth_year": null,
            "eps_4q": -4.07,
            "eps_4q_growth_year": -540.04,
            "roe": -6.31,
            "roe_4q": -36.56,
            "gross_profit": 60739,
            "gross_margin": 7.77,
            "gross_margin_4q_avg": 6.99,
            "net_income": -75442,
            "net_income_4q": null,
            "revenue": 781973,
            "revenue_4q": null,
            "common_shares": 1125000,
            "book_valuer_per_share": 10.16,
            "book_valuer_per_share_4q_avg": 11.01,
            "equity": 1157074,
            "current_ratio": 123.55,
            "debt_ratio": 61.46,
            "inventory_turnover_ratio": 2.93,
            "account_receivable_turnover_ratio": null,
            "reinvestment_rate": null,
            "research_to_sale_ratio": null,
            "price_fair": 10.52,
            "eps_avg_yearly": 3.51,
            "eps_latest_yearly": 1.68,
            "eps_growth_yearly": -9.82
        },
        "20061": {
            "year_quarter": 20061,
            "year": 2006,
            "quarter": 1,
            "eps": -0.02,
            "eps_growth_year": null,
            "eps_4q": -2.1,
            "eps_4q_growth_year": null,
            "roe": -0.21,
            "roe_4q": -20.8,
            "gross_profit": 63754,
            "gross_margin": 8.07,
            "gross_margin_4q_avg": 6.88,
            "net_income": -2456,
            "net_income_4q": null,
            "revenue": 790283,
            "revenue_4q": null,
            "common_shares": 1125000,
            "book_valuer_per_share": 10.1,
            "book_valuer_per_share_4q_avg": 10.55,
            "equity": 1136351,
            "current_ratio": 115.83,
            "debt_ratio": 51.1,
            "inventory_turnover_ratio": 3.08,
            "account_receivable_turnover_ratio": null,
            "reinvestment_rate": null,
            "research_to_sale_ratio": null,
            "price_fair": 10.52,
            "eps_avg_yearly": 3.51,
            "eps_latest_yearly": 1.68,
            "eps_growth_yearly": -9.82
        },
        "20062": {
            "year_quarter": 20062,
            "year": 2006,
            "quarter": 2,
            "eps": -0.48,
            "eps_growth_year": null,
            "eps_4q": -1.61,
            "eps_4q_growth_year": null,
            "roe": -4.89,
            "roe_4q": -17.71,
            "gross_profit": 54527,
            "gross_margin": 8.5,
            "gross_margin_4q_avg": 7.68,
            "net_income": -56711,
            "net_income_4q": null,
            "revenue": 641272,
            "revenue_4q": null,
            "common_shares": 1315000,
            "book_valuer_per_share": 9.01,
            "book_valuer_per_share_4q_avg": 10.06,
            "equity": 1184852,
            "current_ratio": 125.69,
            "debt_ratio": 49.29,
            "inventory_turnover_ratio": 30.29,
            "account_receivable_turnover_ratio": null,
            "reinvestment_rate": 98.48,
            "research_to_sale_ratio": null,
            "price_fair": 10.52,
            "eps_avg_yearly": 3.51,
            "eps_latest_yearly": 1.68,
            "eps_growth_yearly": -9.82
        },
        "20063": {
            "year_quarter": 20063,
            "year": 2006,
            "quarter": 3,
            "eps": -0.64,
            "eps_growth_year": null,
            "eps_4q": -1.62,
            "eps_4q_growth_year": null,
            "roe": -6.76,
            "roe_4q": -18.169999999999998,
            "gross_profit": 27184,
            "gross_margin": 3.87,
            "gross_margin_4q_avg": 7.05,
            "net_income": -78274,
            "net_income_4q": null,
            "revenue": 702141,
            "revenue_4q": null,
            "common_shares": 1315000,
            "book_valuer_per_share": 8.61,
            "book_valuer_per_share_4q_avg": 9.47,
            "equity": 1131831,
            "current_ratio": 126.44,
            "debt_ratio": 49.27,
            "inventory_turnover_ratio": 56.69,
            "account_receivable_turnover_ratio": null,
            "reinvestment_rate": null,
            "research_to_sale_ratio": null,
            "price_fair": 10.52,
            "eps_avg_yearly": 3.51,
            "eps_latest_yearly": 1.68,
            "eps_growth_yearly": -9.82
        },
        "20064": {
            "year_quarter": 20064,
            "year": 2006,
            "quarter": 4,
            "eps": -0.31,
            "eps_growth_year": null,
            "eps_4q": -1.24,
            "eps_4q_growth_year": null,
            "roe": -3.36,
            "roe_4q": -15.219999999999999,
            "gross_profit": 20241,
            "gross_margin": 2.4,
            "gross_margin_4q_avg": 5.71,
            "net_income": -38971,
            "net_income_4q": null,
            "revenue": 845131,
            "revenue_4q": null,
            "common_shares": 1424070,
            "book_valuer_per_share": 8.18,
            "book_valuer_per_share_4q_avg": 8.98,
            "equity": 1185181,
            "current_ratio": 125.3,
            "debt_ratio": 61.53,
            "inventory_turnover_ratio": 3.94,
            "account_receivable_turnover_ratio": null,
            "reinvestment_rate": null,
            "research_to_sale_ratio": null,
            "price_fair": 8.26,
            "eps_avg_yearly": 2.75,
            "eps_latest_yearly": 1.68,
            "eps_growth_yearly": -69.96
        },
        "20071": {
            "year_quarter": 20071,
            "year": 2007,
            "quarter": 1,
            "eps": -0.14,
            "eps_growth_year": null,
            "eps_4q": -1.35,
            "eps_4q_growth_year": null,
            "roe": -1.71,
            "roe_4q": -16.72,
            "gross_profit": 26285,
            "gross_margin": 2.81,
            "gross_margin_4q_avg": 4.4,
            "net_income": -20058,
            "net_income_4q": null,
            "revenue": 934669,
            "revenue_4q": null,
            "common_shares": 1424070,
            "book_valuer_per_share": 8.15,
            "book_valuer_per_share_4q_avg": 8.49,
            "equity": 1160267,
            "current_ratio": 126.68,
            "debt_ratio": 50.84,
            "inventory_turnover_ratio": 4.36,
            "account_receivable_turnover_ratio": null,
            "reinvestment_rate": null,
            "research_to_sale_ratio": null,
            "price_fair": 6.68,
            "eps_avg_yearly": 2.23,
            "eps_latest_yearly": 1.68,
            "eps_growth_yearly": -60
        },
        "20072": {
            "year_quarter": 20072,
            "year": 2007,
            "quarter": 2,
            "eps": -0.5,
            "eps_growth_year": null,
            "eps_4q": -1.46,
            "eps_4q_growth_year": null,
            "roe": -6.28,
            "roe_4q": -18.11,
            "gross_profit": 21887,
            "gross_margin": 2.83,
            "gross_margin_4q_avg": 2.98,
            "net_income": -70668,
            "net_income_4q": null,
            "revenue": 774691,
            "revenue_4q": null,
            "common_shares": 1424070,
            "book_valuer_per_share": 7.67,
            "book_valuer_per_share_4q_avg": 8.15,
            "equity": 1092044,
            "current_ratio": 116.87,
            "debt_ratio": 60.81,
            "inventory_turnover_ratio": 103.43,
            "account_receivable_turnover_ratio": null,
            "reinvestment_rate": null,
            "research_to_sale_ratio": null,
            "price_fair": 5.74,
            "eps_avg_yearly": 1.91,
            "eps_latest_yearly": 1.68,
            "eps_growth_yearly": -43.35
        },
        "20073": {
            "year_quarter": 20073,
            "year": 2007,
            "quarter": 3,
            "eps": -0.4,
            "eps_growth_year": null,
            "eps_4q": -1.3,
            "eps_4q_growth_year": null,
            "roe": -5.23,
            "roe_4q": -16.580000000000002,
            "gross_profit": 29892,
            "gross_margin": 3.84,
            "gross_margin_4q_avg": 2.97,
            "net_income": -55918,
            "net_income_4q": null,
            "revenue": 778135,
            "revenue_4q": null,
            "common_shares": 1424070,
            "book_valuer_per_share": 7.35,
            "book_valuer_per_share_4q_avg": 7.84,
            "equity": 1046845,
            "current_ratio": 116.08,
            "debt_ratio": 60.73,
            "inventory_turnover_ratio": 111.04,
            "account_receivable_turnover_ratio": null,
            "reinvestment_rate": null,
            "research_to_sale_ratio": null,
            "price_fair": 5.67,
            "eps_avg_yearly": 1.89,
            "eps_latest_yearly": 1.68,
            "eps_growth_yearly": -6.82
        },
        "20074": {
            "year_quarter": 20074,
            "year": 2007,
            "quarter": 4,
            "eps": -0.54,
            "eps_growth_year": null,
            "eps_4q": -1.59,
            "eps_4q_growth_year": null,
            "roe": -7.32,
            "roe_4q": -20.540000000000003,
            "gross_profit": 17208,
            "gross_margin": 2.5,
            "gross_margin_4q_avg": 3,
            "net_income": -75767,
            "net_income_4q": null,
            "revenue": 689262,
            "revenue_4q": null,
            "common_shares": 1424070,
            "book_valuer_per_share": 6.93,
            "book_valuer_per_share_4q_avg": 7.53,
            "equity": 1023956,
            "current_ratio": 117.45,
            "debt_ratio": 64.39,
            "inventory_turnover_ratio": 3.57,
            "account_receivable_turnover_ratio": null,
            "reinvestment_rate": null,
            "research_to_sale_ratio": null,
            "price_fair": 5.28,
            "eps_avg_yearly": 1.76,
            "eps_latest_yearly": 1.68,
            "eps_growth_yearly": -27.77
        },
        "20081": {
            "year_quarter": 20081,
            "year": 2008,
            "quarter": 1,
            "eps": -0.98,
            "eps_growth_year": null,
            "eps_4q": -2.3,
            "eps_4q_growth_year": null,
            "roe": -15.64,
            "roe_4q": -34.47,
            "gross_profit": 5967,
            "gross_margin": 0.98,
            "gross_margin_4q_avg": 2.54,
            "net_income": -145232,
            "net_income_4q": null,
            "revenue": 606522,
            "revenue_4q": null,
            "common_shares": 1424070,
            "book_valuer_per_share": 5.78,
            "book_valuer_per_share_4q_avg": 6.93,
            "equity": 833210,
            "current_ratio": 108.4,
            "debt_ratio": 67.11,
            "inventory_turnover_ratio": 1.65,
            "account_receivable_turnover_ratio": null,
            "reinvestment_rate": null,
            "research_to_sale_ratio": null,
            "price_fair": 51.52,
            "eps_avg_yearly": 1.84,
            "eps_latest_yearly": 1.68,
            "eps_growth_yearly": 18
        },
        "20082": {
            "year_quarter": 20082,
            "year": 2008,
            "quarter": 2,
            "eps": -0.86,
            "eps_growth_year": null,
            "eps_4q": -2.78,
            "eps_4q_growth_year": null,
            "roe": -17.26,
            "roe_4q": -45.45,
            "gross_profit": -25768,
            "gross_margin": -3.83,
            "gross_margin_4q_avg": 0.87,
            "net_income": -133817,
            "net_income_4q": null,
            "revenue": 672430,
            "revenue_4q": null,
            "common_shares": 1414070,
            "book_valuer_per_share": 5.01,
            "book_valuer_per_share_4q_avg": 6.27,
            "equity": 717595,
            "current_ratio": 106.32,
            "debt_ratio": 67.12,
            "inventory_turnover_ratio": 2.15,
            "account_receivable_turnover_ratio": null,
            "reinvestment_rate": null,
            "research_to_sale_ratio": null,
            "price_fair": 5.04,
            "eps_avg_yearly": 1.68,
            "eps_latest_yearly": 1.68,
            "eps_growth_yearly": -64
        },
        "20083": {
            "year_quarter": 20083,
            "year": 2008,
            "quarter": 3,
            "eps": 0.02,
            "eps_growth_year": null,
            "eps_4q": -1.3,
            "eps_4q_growth_year": null,
            "roe": 0.71,
            "roe_4q": -39.51,
            "gross_profit": 39481,
            "gross_margin": 4.48,
            "gross_margin_4q_avg": 1.03,
            "net_income": 5131,
            "net_income_4q": null,
            "revenue": 880902,
            "revenue_4q": null,
            "common_shares": 933740,
            "book_valuer_per_share": 7.78,
            "book_valuer_per_share_4q_avg": 6.38,
            "equity": 736067,
            "current_ratio": 104.23,
            "debt_ratio": 68.9,
            "inventory_turnover_ratio": 2.6,
            "account_receivable_turnover_ratio": null,
            "reinvestment_rate": null,
            "research_to_sale_ratio": null,
            "price_fair": 0,
            "eps_avg_yearly": 0,
            "eps_latest_yearly": 0,
            "eps_growth_yearly": 0
        },
        "20084": {
            "year_quarter": 20084,
            "year": 2008,
            "quarter": 4,
            "eps": -0.85,
            "eps_growth_year": null,
            "eps_4q": -3.47,
            "eps_4q_growth_year": null,
            "roe": -11.16,
            "roe_4q": -43.35,
            "gross_profit": 22645,
            "gross_margin": 4.46,
            "gross_margin_4q_avg": 1.52,
            "net_income": -78892,
            "net_income_4q": null,
            "revenue": 508087,
            "revenue_4q": null,
            "common_shares": 933740,
            "book_valuer_per_share": 7.18,
            "book_valuer_per_share_4q_avg": 6.44,
            "equity": 678088,
            "current_ratio": 105.43,
            "debt_ratio": 62.01,
            "inventory_turnover_ratio": 1.46,
            "account_receivable_turnover_ratio": 1.9,
            "reinvestment_rate": null,
            "research_to_sale_ratio": null,
            "price_fair": 0,
            "eps_avg_yearly": 0,
            "eps_latest_yearly": 0,
            "eps_growth_yearly": 0
        },
        "20091": {
            "year_quarter": 20091,
            "year": 2009,
            "quarter": 1,
            "eps": -0.48,
            "eps_growth_year": null,
            "eps_4q": -2.61,
            "eps_4q_growth_year": null,
            "roe": -6.88,
            "roe_4q": -34.59,
            "gross_profit": 4273,
            "gross_margin": 1.14,
            "gross_margin_4q_avg": 1.56,
            "net_income": -45712,
            "net_income_4q": null,
            "revenue": 375077,
            "revenue_4q": null,
            "common_shares": 933740,
            "book_valuer_per_share": 6.9,
            "book_valuer_per_share_4q_avg": 6.72,
            "equity": 651534,
            "current_ratio": 100.32,
            "debt_ratio": 64.75,
            "inventory_turnover_ratio": 1.05,
            "account_receivable_turnover_ratio": 0.75,
            "reinvestment_rate": null,
            "research_to_sale_ratio": null,
            "price_fair": 0,
            "eps_avg_yearly": 0,
            "eps_latest_yearly": 0,
            "eps_growth_yearly": 0
        },
        "20092": {
            "year_quarter": 20092,
            "year": 2009,
            "quarter": 2,
            "eps": 0.21,
            "eps_growth_year": null,
            "eps_4q": -0.9,
            "eps_4q_growth_year": null,
            "roe": 3.31,
            "roe_4q": -14.02,
            "gross_profit": 177210,
            "gross_margin": 16.25,
            "gross_margin_4q_avg": 6.58,
            "net_income": 23396,
            "net_income_4q": null,
            "revenue": 1090773,
            "revenue_4q": null,
            "common_shares": 1333740,
            "book_valuer_per_share": 5.65,
            "book_valuer_per_share_4q_avg": 6.88,
            "equity": 761338,
            "current_ratio": 109.8,
            "debt_ratio": 66.53,
            "inventory_turnover_ratio": 2.41,
            "account_receivable_turnover_ratio": 1.56,
            "reinvestment_rate": null,
            "research_to_sale_ratio": null,
            "price_fair": 0,
            "eps_avg_yearly": 0,
            "eps_latest_yearly": 0,
            "eps_growth_yearly": 0
        },
        "20093": {
            "year_quarter": 20093,
            "year": 2009,
            "quarter": 3,
            "eps": 0.85,
            "eps_growth_year": 4150,
            "eps_4q": -0.04,
            "eps_4q_growth_year": null,
            "roe": 12.25,
            "roe_4q": -2.4800000000000004,
            "gross_profit": 262677,
            "gross_margin": 22.24,
            "gross_margin_4q_avg": 11.02,
            "net_income": 98216,
            "net_income_4q": null,
            "revenue": 1180975,
            "revenue_4q": null,
            "common_shares": 1333740,
            "book_valuer_per_share": 6.24,
            "book_valuer_per_share_4q_avg": 6.49,
            "equity": 841695,
            "current_ratio": 114.96,
            "debt_ratio": 64.85,
            "inventory_turnover_ratio": 2.24,
            "account_receivable_turnover_ratio": 1.24,
            "reinvestment_rate": null,
            "research_to_sale_ratio": null,
            "price_fair": 119,
            "eps_avg_yearly": 3.4,
            "eps_latest_yearly": 3.4,
            "eps_growth_yearly": 1219.05
        },
        "20094": {
            "year_quarter": 20094,
            "year": 2009,
            "quarter": 4,
            "eps": 0.13,
            "eps_growth_year": null,
            "eps_4q": 0.61,
            "eps_4q_growth_year": null,
            "roe": 1.81,
            "roe_4q": 10.490000000000002,
            "gross_profit": 87551,
            "gross_margin": 13.25,
            "gross_margin_4q_avg": 13.22,
            "net_income": 16764,
            "net_income_4q": null,
            "revenue": 660652,
            "revenue_4q": null,
            "common_shares": 1480740,
            "book_valuer_per_share": 6.78,
            "book_valuer_per_share_4q_avg": 6.39,
            "equity": 1013705,
            "current_ratio": 127.47,
            "debt_ratio": 56.09,
            "inventory_turnover_ratio": 1.27,
            "account_receivable_turnover_ratio": 1.73,
            "reinvestment_rate": null,
            "research_to_sale_ratio": null,
            "price_fair": 68.6,
            "eps_avg_yearly": 1.96,
            "eps_latest_yearly": 0.52,
            "eps_growth_yearly": 440.11
        },
        "20101": {
            "year_quarter": 20101,
            "year": 2010,
            "quarter": 1,
            "eps": -0.08,
            "eps_growth_year": null,
            "eps_4q": 0.83,
            "eps_4q_growth_year": null,
            "roe": -1.18,
            "roe_4q": 16.19,
            "gross_profit": 65590,
            "gross_margin": 10.13,
            "gross_margin_4q_avg": 15.47,
            "net_income": -11863,
            "net_income_4q": null,
            "revenue": 647467,
            "revenue_4q": null,
            "common_shares": 1480740,
            "book_valuer_per_share": 6.67,
            "book_valuer_per_share_4q_avg": 6.34,
            "equity": 997196,
            "current_ratio": 114.85,
            "debt_ratio": 53.73,
            "inventory_turnover_ratio": 1.32,
            "account_receivable_turnover_ratio": 1.01,
            "reinvestment_rate": null,
            "research_to_sale_ratio": 1.65,
            "price_fair": 68.6,
            "eps_avg_yearly": 1.96,
            "eps_latest_yearly": 0.52,
            "eps_growth_yearly": 440.11
        },
        "20102": {
            "year_quarter": 20102,
            "year": 2010,
            "quarter": 2,
            "eps": 0.36,
            "eps_growth_year": 71.12,
            "eps_4q": 1.04,
            "eps_4q_growth_year": null,
            "roe": 5.23,
            "roe_4q": 18.11,
            "gross_profit": 157176,
            "gross_margin": 19.91,
            "gross_margin_4q_avg": 16.38,
            "net_income": 54074,
            "net_income_4q": null,
            "revenue": 789490,
            "revenue_4q": null,
            "common_shares": 1480740,
            "book_valuer_per_share": 7.15,
            "book_valuer_per_share_4q_avg": 6.71,
            "equity": 1070068,
            "current_ratio": 117.06,
            "debt_ratio": 55.05,
            "inventory_turnover_ratio": 1.5,
            "account_receivable_turnover_ratio": 1.28,
            "reinvestment_rate": null,
            "research_to_sale_ratio": 1.28,
            "price_fair": 68.6,
            "eps_avg_yearly": 1.96,
            "eps_latest_yearly": 0.52,
            "eps_growth_yearly": 440.11
        },
        "20103": {
            "year_quarter": 20103,
            "year": 2010,
            "quarter": 3,
            "eps": 0.18,
            "eps_growth_year": -79.24,
            "eps_4q": 0.57,
            "eps_4q_growth_year": null,
            "roe": 2.5,
            "roe_4q": 8.360000000000001,
            "gross_profit": 135856,
            "gross_margin": 20.48,
            "gross_margin_4q_avg": 15.94,
            "net_income": 26845,
            "net_income_4q": null,
            "revenue": 663443,
            "revenue_4q": null,
            "common_shares": 1480740,
            "book_valuer_per_share": 7.22,
            "book_valuer_per_share_4q_avg": 6.96,
            "equity": 1080864,
            "current_ratio": 120.24,
            "debt_ratio": 54.67,
            "inventory_turnover_ratio": 1.25,
            "account_receivable_turnover_ratio": 1,
            "reinvestment_rate": null,
            "research_to_sale_ratio": 1.81,
            "price_fair": 54.13,
            "eps_avg_yearly": 1.55,
            "eps_latest_yearly": 0.72,
            "eps_growth_yearly": 226.74
        },
        "20104": {
            "year_quarter": 20104,
            "year": 2010,
            "quarter": 4,
            "eps": -0.09,
            "eps_growth_year": -172.74,
            "eps_4q": 0.36,
            "eps_4q_growth_year": -41.71,
            "roe": -1.04,
            "roe_4q": 5.510000000000001,
            "gross_profit": 152866,
            "gross_margin": 18.84,
            "gross_margin_4q_avg": 17.34,
            "net_income": -14085,
            "net_income_4q": null,
            "revenue": 811460,
            "revenue_4q": null,
            "common_shares": 1480740,
            "book_valuer_per_share": 10.81,
            "book_valuer_per_share_4q_avg": 7.96,
            "equity": 1625796,
            "current_ratio": 160.24,
            "debt_ratio": 49.11,
            "inventory_turnover_ratio": 1.48,
            "account_receivable_turnover_ratio": 1.21,
            "reinvestment_rate": null,
            "research_to_sale_ratio": 1.42,
            "price_fair": 54.13,
            "eps_avg_yearly": 1.55,
            "eps_latest_yearly": 0.72,
            "eps_growth_yearly": 226.74
        },
        "20111": {
            "year_quarter": 20111,
            "year": 2011,
            "quarter": 1,
            "eps": 0.26,
            "eps_growth_year": null,
            "eps_4q": 0.64,
            "eps_4q_growth_year": -23.29,
            "roe": 2.29,
            "roe_4q": 8.98,
            "gross_profit": 91414,
            "gross_margin": 10.4,
            "gross_margin_4q_avg": 17.41,
            "net_income": 42268,
            "net_income_4q": null,
            "revenue": 879240,
            "revenue_4q": null,
            "common_shares": 1680740,
            "book_valuer_per_share": 12.2,
            "book_valuer_per_share_4q_avg": 9.35,
            "equity": 2061301,
            "current_ratio": 183.5,
            "debt_ratio": 43.32,
            "inventory_turnover_ratio": 1.53,
            "account_receivable_turnover_ratio": 1.17,
            "reinvestment_rate": null,
            "research_to_sale_ratio": 1.43,
            "price_fair": 54.13,
            "eps_avg_yearly": 1.55,
            "eps_latest_yearly": 0.72,
            "eps_growth_yearly": 226.74
        },
        "20112": {
            "year_quarter": 20112,
            "year": 2011,
            "quarter": 2,
            "eps": 0.55,
            "eps_growth_year": 52.79,
            "eps_4q": 0.87,
            "eps_4q_growth_year": -16.39,
            "roe": 4.44,
            "roe_4q": 8.190000000000001,
            "gross_profit": 134127,
            "gross_margin": 11.28,
            "gross_margin_4q_avg": 15.25,
            "net_income": 92360,
            "net_income_4q": null,
            "revenue": 1189582,
            "revenue_4q": null,
            "common_shares": 1680740,
            "book_valuer_per_share": 12.44,
            "book_valuer_per_share_4q_avg": 10.67,
            "equity": 2102767,
            "current_ratio": 148.37,
            "debt_ratio": 50.06,
            "inventory_turnover_ratio": 1.83,
            "account_receivable_turnover_ratio": 1.27,
            "reinvestment_rate": null,
            "research_to_sale_ratio": 2.19,
            "price_fair": 59.85,
            "eps_avg_yearly": 1.71,
            "eps_latest_yearly": 2.2,
            "eps_growth_yearly": 281.59
        },
        "20113": {
            "year_quarter": 20113,
            "year": 2011,
            "quarter": 3,
            "eps": 0.38,
            "eps_growth_year": 115.1,
            "eps_4q": 1.1,
            "eps_4q_growth_year": 93.8,
            "roe": 3.16,
            "roe_4q": 8.850000000000001,
            "gross_profit": 29341,
            "gross_margin": 3.33,
            "gross_margin_4q_avg": 10.96,
            "net_income": 63713,
            "net_income_4q": null,
            "revenue": 881471,
            "revenue_4q": null,
            "common_shares": 1680740,
            "book_valuer_per_share": 11.42,
            "book_valuer_per_share_4q_avg": 11.72,
            "equity": 1931697,
            "current_ratio": 146.24,
            "debt_ratio": 47.96,
            "inventory_turnover_ratio": 1.54,
            "account_receivable_turnover_ratio": 0.88,
            "reinvestment_rate": null,
            "research_to_sale_ratio": 2.55,
            "price_fair": 58.52,
            "eps_avg_yearly": 1.67,
            "eps_latest_yearly": 1.52,
            "eps_growth_yearly": 200.55
        },
        "20114": {
            "year_quarter": 20114,
            "year": 2011,
            "quarter": 4,
            "eps": -0.17,
            "eps_growth_year": null,
            "eps_4q": 0.95,
            "eps_4q_growth_year": 166.47,
            "roe": -2.16,
            "roe_4q": 7.73,
            "gross_profit": -4695,
            "gross_margin": -0.73,
            "gross_margin_4q_avg": 6.07,
            "net_income": -42705,
            "net_income_4q": null,
            "revenue": 641945,
            "revenue_4q": null,
            "common_shares": 1776894,
            "book_valuer_per_share": 10.25,
            "book_valuer_per_share_4q_avg": 11.58,
            "equity": 2017509,
            "current_ratio": 110.39,
            "debt_ratio": 46.31,
            "inventory_turnover_ratio": 1.31,
            "account_receivable_turnover_ratio": 0.8,
            "reinvestment_rate": null,
            "research_to_sale_ratio": 7.45,
            "price_fair": 58.52,
            "eps_avg_yearly": 1.67,
            "eps_latest_yearly": 1.52,
            "eps_growth_yearly": 200.55
        },
        "20121": {
            "year_quarter": 20121,
            "year": 2012,
            "quarter": 1,
            "eps": -0.33,
            "eps_growth_year": -226.92,
            "eps_4q": 0.38,
            "eps_4q_growth_year": -40.98,
            "roe": -4.93,
            "roe_4q": 0.5100000000000007,
            "gross_profit": -2204,
            "gross_margin": -0.36,
            "gross_margin_4q_avg": 3.38,
            "net_income": -95126,
            "net_income_4q": null,
            "revenue": 609180,
            "revenue_4q": null,
            "common_shares": 1776894,
            "book_valuer_per_share": 9.5,
            "book_valuer_per_share_4q_avg": 10.9,
            "equity": 1844506,
            "current_ratio": 108.68,
            "debt_ratio": 49.03,
            "inventory_turnover_ratio": 1.39,
            "account_receivable_turnover_ratio": 0.89,
            "reinvestment_rate": 2359.05,
            "research_to_sale_ratio": 5.06,
            "price_fair": 58.52,
            "eps_avg_yearly": 1.67,
            "eps_latest_yearly": 1.52,
            "eps_growth_yearly": 200.55
        },
        "20122": {
            "year_quarter": 20122,
            "year": 2012,
            "quarter": 2,
            "eps": 0.23,
            "eps_growth_year": -58.21,
            "eps_4q": 0.09,
            "eps_4q_growth_year": -89.99,
            "roe": 1.85,
            "roe_4q": -2.08,
            "gross_profit": 107949,
            "gross_margin": 10.88,
            "gross_margin_4q_avg": 3.28,
            "net_income": 32898,
            "net_income_4q": null,
            "revenue": 992244,
            "revenue_4q": null,
            "common_shares": 1776894,
            "book_valuer_per_share": 9.56,
            "book_valuer_per_share_4q_avg": 10.18,
            "equity": 1710788,
            "current_ratio": 99.31,
            "debt_ratio": 56.44,
            "inventory_turnover_ratio": 2.07,
            "account_receivable_turnover_ratio": 1.15,
            "reinvestment_rate": 1115.81,
            "research_to_sale_ratio": 3.66,
            "price_fair": 58.52,
            "eps_avg_yearly": 1.67,
            "eps_latest_yearly": 1.52,
            "eps_growth_yearly": 200.55
        },
        "20123": {
            "year_quarter": 20123,
            "year": 2012,
            "quarter": 3,
            "eps": -0.31,
            "eps_growth_year": -182.94,
            "eps_4q": -0.59,
            "eps_4q_growth_year": -153.53,
            "roe": -3.67,
            "roe_4q": -8.91,
            "gross_profit": 52787,
            "gross_margin": 5.76,
            "gross_margin_4q_avg": 3.89,
            "net_income": -61398,
            "net_income_4q": null,
            "revenue": 917167,
            "revenue_4q": null,
            "common_shares": 1776894,
            "book_valuer_per_share": 9.13,
            "book_valuer_per_share_4q_avg": 9.61,
            "equity": 1631395,
            "current_ratio": 101.99,
            "debt_ratio": 57.57,
            "inventory_turnover_ratio": 2.08,
            "account_receivable_turnover_ratio": 0.84,
            "reinvestment_rate": 536.06,
            "research_to_sale_ratio": 3.45,
            "price_fair": 58.52,
            "eps_avg_yearly": 1.67,
            "eps_latest_yearly": 1.52,
            "eps_growth_yearly": 200.55
        },
        "20124": {
            "year_quarter": 20124,
            "year": 2012,
            "quarter": 4,
            "eps": -1.21,
            "eps_growth_year": null,
            "eps_4q": -1.63,
            "eps_4q_growth_year": -271.9,
            "roe": -14.21,
            "roe_4q": -20.96,
            "gross_profit": -51831,
            "gross_margin": -8.35,
            "gross_margin_4q_avg": 1.98,
            "net_income": -216315,
            "net_income_4q": null,
            "revenue": 620790,
            "revenue_4q": null,
            "common_shares": 1776894,
            "book_valuer_per_share": 7.9,
            "book_valuer_per_share_4q_avg": 9.02,
            "equity": 1412818,
            "current_ratio": 92.49,
            "debt_ratio": 61.87,
            "inventory_turnover_ratio": 1.77,
            "account_receivable_turnover_ratio": 0.62,
            "reinvestment_rate": 4415.43,
            "research_to_sale_ratio": 4.09,
            "price_fair": 58.52,
            "eps_avg_yearly": 1.67,
            "eps_latest_yearly": 1.52,
            "eps_growth_yearly": 200.55
        },
        "20131": {
            "year_quarter": 20131,
            "year": 2013,
            "quarter": 1,
            "eps": -0.36,
            "eps_growth_year": null,
            "eps_4q": -1.66,
            "eps_4q_growth_year": -540.21,
            "roe": -4.64,
            "roe_4q": -20.67,
            "gross_profit": 25996,
            "gross_margin": 4.31,
            "gross_margin_4q_avg": 3.15,
            "net_income": -65200,
            "net_income_4q": null,
            "revenue": 602997,
            "revenue_4q": null,
            "common_shares": 1776894,
            "book_valuer_per_share": 7.83,
            "book_valuer_per_share_4q_avg": 8.61,
            "equity": 1400101,
            "current_ratio": 89.92,
            "debt_ratio": 60.95,
            "inventory_turnover_ratio": 1.5,
            "account_receivable_turnover_ratio": 0.72,
            "reinvestment_rate": 37968.19,
            "research_to_sale_ratio": 4.05,
            "price_fair": 58.52,
            "eps_avg_yearly": 1.67,
            "eps_latest_yearly": 1.52,
            "eps_growth_yearly": 200.55
        },
        "20132": {
            "year_quarter": 20132,
            "year": 2013,
            "quarter": 2,
            "eps": -0.59,
            "eps_growth_year": -357.12,
            "eps_4q": -2.48,
            "eps_4q_growth_year": -2943.45,
            "roe": -7.84,
            "roe_4q": -30.36,
            "gross_profit": 18801,
            "gross_margin": 2.51,
            "gross_margin_4q_avg": 1.06,
            "net_income": -106238,
            "net_income_4q": null,
            "revenue": 748896,
            "revenue_4q": null,
            "common_shares": 1776894,
            "book_valuer_per_share": 7.34,
            "book_valuer_per_share_4q_avg": 8.05,
            "equity": 1311487,
            "current_ratio": 90.01,
            "debt_ratio": 62.91,
            "inventory_turnover_ratio": 1.76,
            "account_receivable_turnover_ratio": 0.89,
            "reinvestment_rate": null,
            "research_to_sale_ratio": 3.07,
            "price_fair": 58.52,
            "eps_avg_yearly": 1.67,
            "eps_latest_yearly": 1.52,
            "eps_growth_yearly": 200.55
        },
        "20133": {
            "year_quarter": 20133,
            "year": 2013,
            "quarter": 3,
            "eps": -0.7,
            "eps_growth_year": null,
            "eps_4q": -2.7,
            "eps_4q_growth_year": null,
            "roe": -7.67,
            "roe_4q": -34.36,
            "gross_profit": 48790,
            "gross_margin": 6.88,
            "gross_margin_4q_avg": 1.34,
            "net_income": -96115,
            "net_income_4q": null,
            "revenue": 709104,
            "revenue_4q": null,
            "common_shares": 1776894,
            "book_valuer_per_share": 6.69,
            "book_valuer_per_share_4q_avg": 7.44,
            "equity": 1195701,
            "current_ratio": 86.63,
            "debt_ratio": 65.03,
            "inventory_turnover_ratio": 1.49,
            "account_receivable_turnover_ratio": 0.82,
            "reinvestment_rate": null,
            "research_to_sale_ratio": 2.85,
            "price_fair": 3.72,
            "eps_avg_yearly": 1.24,
            "eps_latest_yearly": 1.52,
            "eps_growth_yearly": -54.08
        },
        "20134": {
            "year_quarter": 20134,
            "year": 2013,
            "quarter": 4,
            "eps": -1.21,
            "eps_growth_year": null,
            "eps_4q": -3.16,
            "eps_4q_growth_year": null,
            "roe": -15.03,
            "roe_4q": -35.18,
            "gross_profit": 46579,
            "gross_margin": 5.63,
            "gross_margin_4q_avg": 4.83,
            "net_income": -165781,
            "net_income_4q": null,
            "revenue": 827459,
            "revenue_4q": null,
            "common_shares": 1359376,
            "book_valuer_per_share": 7.39,
            "book_valuer_per_share_4q_avg": 7.31,
            "equity": 1010177,
            "current_ratio": 86.85,
            "debt_ratio": 66.63,
            "inventory_turnover_ratio": 1.76,
            "account_receivable_turnover_ratio": 1.01,
            "reinvestment_rate": null,
            "research_to_sale_ratio": 2.09,
            "price_fair": 51.8,
            "eps_avg_yearly": 1.48,
            "eps_latest_yearly": 1.52,
            "eps_growth_yearly": 40.84
        },
        "20141": {
            "year_quarter": 20141,
            "year": 2014,
            "quarter": 1,
            "eps": -1.08,
            "eps_growth_year": null,
            "eps_4q": -3.77,
            "eps_4q_growth_year": null,
            "roe": -15.76,
            "roe_4q": -46.3,
            "gross_profit": -35831,
            "gross_margin": -7.49,
            "gross_margin_4q_avg": 1.88,
            "net_income": -147381,
            "net_income_4q": null,
            "revenue": 478150,
            "revenue_4q": null,
            "common_shares": 1359376,
            "book_valuer_per_share": 6.29,
            "book_valuer_per_share_4q_avg": 6.93,
            "equity": 860139,
            "current_ratio": 84.01,
            "debt_ratio": 70.02,
            "inventory_turnover_ratio": 1.18,
            "account_receivable_turnover_ratio": 0.63,
            "reinvestment_rate": null,
            "research_to_sale_ratio": 3.1,
            "price_fair": 51.8,
            "eps_avg_yearly": 1.48,
            "eps_latest_yearly": 1.52,
            "eps_growth_yearly": 40.84
        },
        "20142": {
            "year_quarter": 20142,
            "year": 2014,
            "quarter": 2,
            "eps": -1.46,
            "eps_growth_year": null,
            "eps_4q": -4.46,
            "eps_4q_growth_year": null,
            "roe": -26.39,
            "roe_4q": -64.85,
            "gross_profit": -11377,
            "gross_margin": -2.17,
            "gross_margin_4q_avg": 0.71,
            "net_income": -199431,
            "net_income_4q": null,
            "revenue": 523677,
            "revenue_4q": null,
            "common_shares": 1359376,
            "book_valuer_per_share": 4.76,
            "book_valuer_per_share_4q_avg": 6.28,
            "equity": 651479,
            "current_ratio": 101.09,
            "debt_ratio": 75.43,
            "inventory_turnover_ratio": 1.34,
            "account_receivable_turnover_ratio": 0.71,
            "reinvestment_rate": null,
            "research_to_sale_ratio": 2.74,
            "price_fair": 51.8,
            "eps_avg_yearly": 1.48,
            "eps_latest_yearly": 1.52,
            "eps_growth_yearly": 40.84
        },
        "20143": {
            "year_quarter": 20143,
            "year": 2014,
            "quarter": 3,
            "eps": -1.95,
            "eps_growth_year": null,
            "eps_4q": -5.71,
            "eps_4q_growth_year": null,
            "roe": -50.62,
            "roe_4q": -107.8,
            "gross_profit": -6088,
            "gross_margin": -1.69,
            "gross_margin_4q_avg": -1.43,
            "net_income": -266162,
            "net_income_4q": null,
            "revenue": 359696,
            "revenue_4q": null,
            "common_shares": 1359376,
            "book_valuer_per_share": 2.94,
            "book_valuer_per_share_4q_avg": 5.35,
            "equity": 400220,
            "current_ratio": 88.92,
            "debt_ratio": 79.4,
            "inventory_turnover_ratio": 1.2,
            "account_receivable_turnover_ratio": 0.54,
            "reinvestment_rate": null,
            "research_to_sale_ratio": 3,
            "price_fair": 65.1,
            "eps_avg_yearly": 1.86,
            "eps_latest_yearly": 1.52,
            "eps_growth_yearly": 161.26
        },
        "20144": {
            "year_quarter": 20144,
            "year": 2014,
            "quarter": 4,
            "eps": -1.94,
            "eps_growth_year": null,
            "eps_4q": -6.43,
            "eps_4q_growth_year": null,
            "roe": -94.55,
            "roe_4q": -187.32,
            "gross_profit": -142874,
            "gross_margin": -63.45,
            "gross_margin_4q_avg": -18.7,
            "net_income": -262969,
            "net_income_4q": null,
            "revenue": 225160,
            "revenue_4q": null,
            "common_shares": 1359376,
            "book_valuer_per_share": 1.15,
            "book_valuer_per_share_4q_avg": 3.79,
            "equity": 156030,
            "current_ratio": 81.61,
            "debt_ratio": 89.72,
            "inventory_turnover_ratio": 1.91,
            "account_receivable_turnover_ratio": 0.46,
            "reinvestment_rate": null,
            "research_to_sale_ratio": 5.43,
            "price_fair": 65.1,
            "eps_avg_yearly": 1.86,
            "eps_latest_yearly": 1.52,
            "eps_growth_yearly": 161.26
        },
        "20151": {
            "year_quarter": 20151,
            "year": 2015,
            "quarter": 1,
            "eps": -0.6,
            "eps_growth_year": null,
            "eps_4q": -5.95,
            "eps_4q_growth_year": null,
            "roe": -69.09,
            "roe_4q": -240.64999999999998,
            "gross_profit": 23804,
            "gross_margin": 10.09,
            "gross_margin_4q_avg": -14.31,
            "net_income": -81117,
            "net_income_4q": null,
            "revenue": 235921,
            "revenue_4q": null,
            "common_shares": 1359376,
            "book_valuer_per_share": 0.58,
            "book_valuer_per_share_4q_avg": 2.36,
            "equity": 78782,
            "current_ratio": 75.65,
            "debt_ratio": 94.01,
            "inventory_turnover_ratio": 1.84,
            "account_receivable_turnover_ratio": 0.64,
            "reinvestment_rate": null,
            "research_to_sale_ratio": 4.38,
            "price_fair": 65.1,
            "eps_avg_yearly": 1.86,
            "eps_latest_yearly": 1.52,
            "eps_growth_yearly": 161.26
        },
        "20152": {
            "year_quarter": 20152,
            "year": 2015,
            "quarter": 2,
            "eps": 0.1,
            "eps_growth_year": null,
            "eps_4q": -4.38,
            "eps_4q_growth_year": null,
            "roe": 16.67,
            "roe_4q": -197.59,
            "gross_profit": 46384,
            "gross_margin": 17.34,
            "gross_margin_4q_avg": -9.43,
            "net_income": 14271,
            "net_income_4q": null,
            "revenue": 267547,
            "revenue_4q": null,
            "common_shares": 1359376,
            "book_valuer_per_share": 0.68,
            "book_valuer_per_share_4q_avg": 1.34,
            "equity": 92431,
            "current_ratio": 75.35,
            "debt_ratio": 91.84,
            "inventory_turnover_ratio": 2.1,
            "account_receivable_turnover_ratio": 0.88,
            "reinvestment_rate": null,
            "research_to_sale_ratio": 3.55,
            "price_fair": 4.56,
            "eps_avg_yearly": 1.52,
            "eps_latest_yearly": 1.52,
            "eps_growth_yearly": -123.64
        },
        "20153": {
            "year_quarter": 20153,
            "year": 2015,
            "quarter": 3,
            "eps": 0.13,
            "eps_growth_year": null,
            "eps_4q": -2.3,
            "eps_4q_growth_year": null,
            "roe": 17.73,
            "roe_4q": -129.24,
            "gross_profit": 32347,
            "gross_margin": 18.14,
            "gross_margin_4q_avg": -4.47,
            "net_income": 17458,
            "net_income_4q": null,
            "revenue": 178343,
            "revenue_4q": null,
            "common_shares": 1359376,
            "book_valuer_per_share": 0.77,
            "book_valuer_per_share_4q_avg": 0.8,
            "equity": 104497,
            "current_ratio": 86.94,
            "debt_ratio": 89,
            "inventory_turnover_ratio": 1.52,
            "account_receivable_turnover_ratio": 0.66,
            "reinvestment_rate": null,
            "research_to_sale_ratio": 5.68,
            "price_fair": 18.2,
            "eps_avg_yearly": 0.52,
            "eps_latest_yearly": 0.52,
            "eps_growth_yearly": 120
        },
        "20154": {
            "year_quarter": 20154,
            "year": 2015,
            "quarter": 4,
            "eps": 0.01,
            "eps_growth_year": null,
            "eps_4q": -0.35,
            "eps_4q_growth_year": null,
            "roe": 1.43,
            "roe_4q": -33.260000000000005,
            "gross_profit": 27148,
            "gross_margin": 16.21,
            "gross_margin_4q_avg": 15.45,
            "net_income": 1553,
            "net_income_4q": null,
            "revenue": 167502,
            "revenue_4q": null,
            "common_shares": 1359376,
            "book_valuer_per_share": 0.82,
            "book_valuer_per_share_4q_avg": 0.71,
            "equity": 112051,
            "current_ratio": 89.48,
            "debt_ratio": 87.16,
            "inventory_turnover_ratio": 1.5,
            "account_receivable_turnover_ratio": 0.59,
            "reinvestment_rate": null,
            "research_to_sale_ratio": 5.22,
            "price_fair": 0.84,
            "eps_avg_yearly": 0.28,
            "eps_latest_yearly": 0.04,
            "eps_growth_yearly": -124.62
        },
        "20161": {
            "year_quarter": 20161,
            "year": 2016,
            "quarter": 1,
            "eps": 0.11,
            "eps_growth_year": null,
            "eps_4q": 0.35,
            "eps_4q_growth_year": null,
            "roe": 12.24,
            "roe_4q": 48.07,
            "gross_profit": 43624,
            "gross_margin": 25.26,
            "gross_margin_4q_avg": 19.24,
            "net_income": 14920,
            "net_income_4q": null,
            "revenue": 172707,
            "revenue_4q": null,
            "common_shares": 1359376,
            "book_valuer_per_share": 0.97,
            "book_valuer_per_share_4q_avg": 0.81,
            "equity": 131840,
            "current_ratio": 90.05,
            "debt_ratio": 84.94,
            "inventory_turnover_ratio": 1.3,
            "account_receivable_turnover_ratio": 0.57,
            "reinvestment_rate": null,
            "research_to_sale_ratio": 3.82,
            "price_fair": 11.67,
            "eps_avg_yearly": 0.33,
            "eps_latest_yearly": 0.44,
            "eps_growth_yearly": 1250.26
        },
        "20162": {
            "year_quarter": 20162,
            "year": 2016,
            "quarter": 2,
            "eps": 0.08,
            "eps_growth_year": -20,
            "eps_4q": 0.33,
            "eps_4q_growth_year": null,
            "roe": 8.2,
            "roe_4q": 39.599999999999994,
            "gross_profit": 40596,
            "gross_margin": 17.77,
            "gross_margin_4q_avg": 19.35,
            "net_income": 10739,
            "net_income_4q": null,
            "revenue": 228464,
            "revenue_4q": null,
            "common_shares": 1359376,
            "book_valuer_per_share": 0.96,
            "book_valuer_per_share_4q_avg": 0.88,
            "equity": 129957,
            "current_ratio": 98.84,
            "debt_ratio": 85.76,
            "inventory_turnover_ratio": 1.8,
            "account_receivable_turnover_ratio": 0.66,
            "reinvestment_rate": null,
            "research_to_sale_ratio": 3.59,
            "price_fair": 11.55,
            "eps_avg_yearly": 0.33,
            "eps_latest_yearly": 0.32,
            "eps_growth_yearly": 910.42
        },
        "20163": {
            "year_quarter": 20163,
            "year": 2016,
            "quarter": 3,
            "eps": 0.16,
            "eps_growth_year": 23.08,
            "eps_4q": 1.77,
            "eps_4q_growth_year": null,
            "roe": 8.86,
            "roe_4q": 30.729999999999997,
            "gross_profit": 52695,
            "gross_margin": 20.1,
            "gross_margin_4q_avg": 19.84,
            "net_income": 11336,
            "net_income_4q": null,
            "revenue": 262164,
            "revenue_4q": null,
            "common_shares": 217500,
            "book_valuer_per_share": 5.79,
            "book_valuer_per_share_4q_avg": 2.14,
            "equity": 125984,
            "current_ratio": 100.28,
            "debt_ratio": 86.13,
            "inventory_turnover_ratio": 2.17,
            "account_receivable_turnover_ratio": 0.7,
            "reinvestment_rate": null,
            "research_to_sale_ratio": 3.61,
            "price_fair": 13.72,
            "eps_avg_yearly": 0.39,
            "eps_latest_yearly": 0.64,
            "eps_growth_yearly": 808.34
        },
        "20164": {
            "year_quarter": 20164,
            "year": 2016,
            "quarter": 4,
            "eps": 6.22,
            "eps_growth_year": 54358.04,
            "eps_4q": 7.92,
            "eps_4q_growth_year": null,
            "roe": 62.18,
            "roe_4q": 91.47999999999999,
            "gross_profit": 35695,
            "gross_margin": 15.65,
            "gross_margin_4q_avg": 19.7,
            "net_income": 135313,
            "net_income_4q": null,
            "revenue": 228040,
            "revenue_4q": null,
            "common_shares": 217500,
            "book_valuer_per_share": 14.22,
            "book_valuer_per_share_4q_avg": 5.49,
            "equity": 309258,
            "current_ratio": 136.71,
            "debt_ratio": 64.28,
            "inventory_turnover_ratio": 2.14,
            "account_receivable_turnover_ratio": 0.58,
            "reinvestment_rate": null,
            "research_to_sale_ratio": 4.02,
            "price_fair": 156.57,
            "eps_avg_yearly": 4.47,
            "eps_latest_yearly": 24.88,
            "eps_growth_yearly": 3198.61
        },
        "20171": {
            "year_quarter": 20171,
            "year": 2017,
            "quarter": 1,
            "eps": 0.12,
            "eps_growth_year": 9.09,
            "eps_4q": 7.36,
            "eps_4q_growth_year": 1974.94,
            "roe": 0.88,
            "roe_4q": 80.12,
            "gross_profit": 37551,
            "gross_margin": 19.76,
            "gross_margin_4q_avg": 18.32,
            "net_income": 2638,
            "net_income_4q": null,
            "revenue": 190039,
            "revenue_4q": null,
            "common_shares": 217500,
            "book_valuer_per_share": 13.42,
            "book_valuer_per_share_4q_avg": 8.6,
            "equity": 291896,
            "current_ratio": 135.82,
            "debt_ratio": 63.35,
            "inventory_turnover_ratio": 1.76,
            "account_receivable_turnover_ratio": 0.47,
            "reinvestment_rate": null,
            "research_to_sale_ratio": 3.74,
            "price_fair": 136.6,
            "eps_avg_yearly": 3.9,
            "eps_latest_yearly": 0.48,
            "eps_growth_yearly": 2685.63
        },
        "20172": {
            "year_quarter": 20172,
            "year": 2017,
            "quarter": 2,
            "eps": 0.49,
            "eps_growth_year": 512.5,
            "eps_4q": 5.65,
            "eps_4q_growth_year": 1618.3,
            "roe": 3.38,
            "roe_4q": 75.3,
            "gross_profit": 47481,
            "gross_margin": 17.89,
            "gross_margin_4q_avg": 18.35,
            "net_income": 10897,
            "net_income_4q": null,
            "revenue": 265367,
            "revenue_4q": null,
            "common_shares": 240190,
            "book_valuer_per_share": 14.7,
            "book_valuer_per_share_4q_avg": 12.03,
            "equity": 353112,
            "current_ratio": 140.35,
            "debt_ratio": 61.2,
            "inventory_turnover_ratio": 2.21,
            "account_receivable_turnover_ratio": 0.66,
            "reinvestment_rate": null,
            "research_to_sale_ratio": 3.01,
            "price_fair": 128.1,
            "eps_avg_yearly": 3.66,
            "eps_latest_yearly": 1.96,
            "eps_growth_yearly": 2504.09
        },
        "20173": {
            "year_quarter": 20173,
            "year": 2017,
            "quarter": 3,
            "eps": 0.54,
            "eps_growth_year": 237.5,
            "eps_4q": 5.7,
            "eps_4q_growth_year": 221.7,
            "roe": 3.57,
            "roe_4q": 70.01,
            "gross_profit": 50816,
            "gross_margin": 18.01,
            "gross_margin_4q_avg": 17.83,
            "net_income": 12898,
            "net_income_4q": null,
            "revenue": 282116,
            "revenue_4q": null,
            "common_shares": 240190,
            "book_valuer_per_share": 15.4,
            "book_valuer_per_share_4q_avg": 14.44,
            "equity": 369861,
            "current_ratio": 144.21,
            "debt_ratio": 59.48,
            "inventory_turnover_ratio": 1.97,
            "account_receivable_turnover_ratio": 0.67,
            "reinvestment_rate": null,
            "research_to_sale_ratio": 3.58,
            "price_fair": 122.27,
            "eps_avg_yearly": 3.49,
            "eps_latest_yearly": 2.16,
            "eps_growth_yearly": 2230.39
        },
        "20174": {
            "year_quarter": 20174,
            "year": 2017,
            "quarter": 4,
            "eps": -0.03,
            "eps_growth_year": -100.44,
            "eps_4q": 0.9,
            "eps_4q_growth_year": -88.61,
            "roe": -0.21,
            "roe_4q": 7.62,
            "gross_profit": 43922,
            "gross_margin": 15.09,
            "gross_margin_4q_avg": 17.69,
            "net_income": -770,
            "net_income_4q": null,
            "revenue": 291108,
            "revenue_4q": null,
            "common_shares": 284367,
            "book_valuer_per_share": 13,
            "book_valuer_per_share_4q_avg": 14.13,
            "equity": 369643,
            "current_ratio": 141.96,
            "debt_ratio": 61.14,
            "inventory_turnover_ratio": 2.18,
            "account_receivable_turnover_ratio": 0.59,
            "reinvestment_rate": null,
            "research_to_sale_ratio": 3.4,
            "price_fair": 122.27,
            "eps_avg_yearly": 3.49,
            "eps_latest_yearly": 2.16,
            "eps_growth_yearly": 2230.39
        },
        "20181": {
            "year_quarter": 20181,
            "year": 2018,
            "quarter": 1,
            "eps": 0.27,
            "eps_growth_year": 125,
            "eps_4q": 1.08,
            "eps_4q_growth_year": -85.31,
            "roe": 2.05,
            "roe_4q": 8.79,
            "gross_profit": 51372,
            "gross_margin": 21.85,
            "gross_margin_4q_avg": 18.21,
            "net_income": 7702,
            "net_income_4q": null,
            "revenue": 235114,
            "revenue_4q": null,
            "common_shares": 284367,
            "book_valuer_per_share": 13.37,
            "book_valuer_per_share_4q_avg": 14.12,
            "equity": 380319,
            "current_ratio": 139.66,
            "debt_ratio": 61.88,
            "inventory_turnover_ratio": 1.84,
            "account_receivable_turnover_ratio": 0.41,
            "reinvestment_rate": null,
            "research_to_sale_ratio": 3.55,
            "price_fair": 122.27,
            "eps_avg_yearly": 3.49,
            "eps_latest_yearly": 2.16,
            "eps_growth_yearly": 2230.39
        },
        "20182": {
            "year_quarter": 20182,
            "year": 2018,
            "quarter": 2,
            "eps": -0.29,
            "eps_growth_year": -159.18,
            "eps_4q": 0.39,
            "eps_4q_growth_year": -93.03,
            "roe": -2.17,
            "roe_4q": 3.2399999999999998,
            "gross_profit": 62476,
            "gross_margin": 20.61,
            "gross_margin_4q_avg": 18.89,
            "net_income": -8197,
            "net_income_4q": null,
            "revenue": 303126,
            "revenue_4q": null,
            "common_shares": 284367,
            "book_valuer_per_share": 13.17,
            "book_valuer_per_share_4q_avg": 13.74,
            "equity": 374515,
            "current_ratio": 141.98,
            "debt_ratio": 60.35,
            "inventory_turnover_ratio": 2.36,
            "account_receivable_turnover_ratio": 0.55,
            "reinvestment_rate": null,
            "research_to_sale_ratio": 3.5,
            "price_fair": 122.27,
            "eps_avg_yearly": 3.49,
            "eps_latest_yearly": 2.16,
            "eps_growth_yearly": 2230.39
        },
        "20183": {
            "year_quarter": 20183,
            "year": 2018,
            "quarter": 3,
            "eps": 0.44,
            "eps_growth_year": -18.52,
            "eps_4q": 0.4,
            "eps_4q_growth_year": -93.03,
            "roe": 3.47,
            "roe_4q": 3.14,
            "gross_profit": 52076,
            "gross_margin": 19.96,
            "gross_margin_4q_avg": 19.38,
            "net_income": 13022,
            "net_income_4q": null,
            "revenue": 260891,
            "revenue_4q": null,
            "common_shares": 284367,
            "book_valuer_per_share": 13.22,
            "book_valuer_per_share_4q_avg": 13.19,
            "equity": 375862,
            "current_ratio": 145.69,
            "debt_ratio": 59.02,
            "inventory_turnover_ratio": 1.79,
            "account_receivable_turnover_ratio": 0.56,
            "reinvestment_rate": null,
            "research_to_sale_ratio": 2.86,
            "price_fair": 122.27,
            "eps_avg_yearly": 3.49,
            "eps_latest_yearly": 2.16,
            "eps_growth_yearly": 2230.39
        },
        "20184": {
            "year_quarter": 20184,
            "year": 2018,
            "quarter": 4,
            "eps": 0.23,
            "eps_growth_year": null,
            "eps_4q": 0.66,
            "eps_4q_growth_year": -27.1,
            "roe": 1.82,
            "roe_4q": 5.17,
            "gross_profit": 45591,
            "gross_margin": 18.5,
            "gross_margin_4q_avg": 20.23,
            "net_income": 6929,
            "net_income_4q": null,
            "revenue": 246471,
            "revenue_4q": null,
            "common_shares": 295742,
            "book_valuer_per_share": 12.97,
            "book_valuer_per_share_4q_avg": 13.18,
            "equity": 383660,
            "current_ratio": 149.97,
            "debt_ratio": 57.07,
            "inventory_turnover_ratio": 1.59,
            "account_receivable_turnover_ratio": 0.58,
            "reinvestment_rate": -201.7,
            "research_to_sale_ratio": 3.45,
            "price_fair": 113.26,
            "eps_avg_yearly": 3.24,
            "eps_latest_yearly": 0.92,
            "eps_growth_yearly": 1988.26
        },
        "20191": {
            "year_quarter": 20191,
            "year": 2019,
            "quarter": 1,
            "eps": -0.53,
            "eps_growth_year": -296.3,
            "eps_4q": -0.13,
            "eps_4q_growth_year": -111.98,
            "roe": -4.08,
            "roe_4q": -0.9599999999999995,
            "gross_profit": 21226,
            "gross_margin": 11.18,
            "gross_margin_4q_avg": 17.56,
            "net_income": -15583,
            "net_income_4q": null,
            "revenue": 189774,
            "revenue_4q": null,
            "common_shares": 295742,
            "book_valuer_per_share": 12.87,
            "book_valuer_per_share_4q_avg": 13.06,
            "equity": 380570,
            "current_ratio": 154.35,
            "debt_ratio": 53.91,
            "inventory_turnover_ratio": 1.48,
            "account_receivable_turnover_ratio": 0.49,
            "reinvestment_rate": -130.18,
            "research_to_sale_ratio": 4.11,
            "price_fair": 113.26,
            "eps_avg_yearly": 3.24,
            "eps_latest_yearly": 0.92,
            "eps_growth_yearly": 1988.26
        },
        "20192": {
            "year_quarter": 20192,
            "year": 2019,
            "quarter": 2,
            "eps": -0.48,
            "eps_growth_year": null,
            "eps_4q": -0.32,
            "eps_4q_growth_year": -182.26,
            "roe": -3.87,
            "roe_4q": -2.6599999999999997,
            "gross_profit": 23520,
            "gross_margin": 12.02,
            "gross_margin_4q_avg": 15.42,
            "net_income": -14320,
            "net_income_4q": null,
            "revenue": 195729,
            "revenue_4q": null,
            "common_shares": 295742,
            "book_valuer_per_share": 12.18,
            "book_valuer_per_share_4q_avg": 12.81,
            "equity": 360203,
            "current_ratio": 154.61,
            "debt_ratio": 53.44,
            "inventory_turnover_ratio": 1.8,
            "account_receivable_turnover_ratio": 0.54,
            "reinvestment_rate": -137.78,
            "research_to_sale_ratio": 4.38,
            "price_fair": 113.26,
            "eps_avg_yearly": 3.24,
            "eps_latest_yearly": 0.92,
            "eps_growth_yearly": 1988.26
        },
        "20193": {
            "year_quarter": 20193,
            "year": 2019,
            "quarter": 3,
            "eps": -0.54,
            "eps_growth_year": -222.73,
            "eps_4q": -1.29,
            "eps_4q_growth_year": -424.06,
            "roe": -4.83,
            "roe_4q": -10.959999999999999,
            "gross_profit": 18689,
            "gross_margin": 8.78,
            "gross_margin_4q_avg": 12.62,
            "net_income": -16650,
            "net_income_4q": null,
            "revenue": 212785,
            "revenue_4q": null,
            "common_shares": 295742,
            "book_valuer_per_share": 11.14,
            "book_valuer_per_share_4q_avg": 12.29,
            "equity": 329503,
            "current_ratio": 141.17,
            "debt_ratio": 59.28,
            "inventory_turnover_ratio": 2,
            "account_receivable_turnover_ratio": 0.64,
            "reinvestment_rate": -74.62,
            "research_to_sale_ratio": 4.4,
            "price_fair": 123.82,
            "eps_avg_yearly": 3.54,
            "eps_latest_yearly": 0.92,
            "eps_growth_yearly": 2195.85
        },
        "20194": {
            "year_quarter": 20194,
            "year": 2019,
            "quarter": 4,
            "eps": -0.6,
            "eps_growth_year": -357.25,
            "eps_4q": -2.12,
            "eps_4q_growth_year": -421.69,
            "roe": -5.83,
            "roe_4q": -18.61,
            "gross_profit": 19773,
            "gross_margin": 8.7,
            "gross_margin_4q_avg": 10.17,
            "net_income": -18538,
            "net_income_4q": null,
            "revenue": 227198,
            "revenue_4q": null,
            "common_shares": 307572,
            "book_valuer_per_share": 9.98,
            "book_valuer_per_share_4q_avg": 11.54,
            "equity": 306839,
            "current_ratio": 134.43,
            "debt_ratio": 62.42,
            "inventory_turnover_ratio": 1.91,
            "account_receivable_turnover_ratio": 0.71,
            "reinvestment_rate": -63.23,
            "research_to_sale_ratio": 4.1,
            "price_fair": 139.13,
            "eps_avg_yearly": 3.98,
            "eps_latest_yearly": 0.92,
            "eps_growth_yearly": 2516.48
        },
        "20201": {
            "year_quarter": 20201,
            "year": 2020,
            "quarter": 1,
            "eps": -0.22,
            "eps_growth_year": null,
            "eps_4q": -1.83,
            "eps_4q_growth_year": null,
            "roe": -2.22,
            "roe_4q": -16.75,
            "gross_profit": 26587,
            "gross_margin": 13.55,
            "gross_margin_4q_avg": 10.76,
            "net_income": -6733,
            "net_income_4q": null,
            "revenue": 196222,
            "revenue_4q": null,
            "common_shares": 307572,
            "book_valuer_per_share": 9.72,
            "book_valuer_per_share_4q_avg": 10.76,
            "equity": 298868,
            "current_ratio": 133.26,
            "debt_ratio": 63.11,
            "inventory_turnover_ratio": 1.29,
            "account_receivable_turnover_ratio": 0.63,
            "reinvestment_rate": -90.41,
            "research_to_sale_ratio": 5.12,
            "price_fair": 156.8,
            "eps_avg_yearly": 4.48,
            "eps_latest_yearly": 0.92,
            "eps_growth_yearly": 2304.55
        },
        "20202": {
            "year_quarter": 20202,
            "year": 2020,
            "quarter": 2,
            "eps": 0.22,
            "eps_growth_year": null,
            "eps_4q": -1.14,
            "eps_4q_growth_year": null,
            "roe": 2.31,
            "roe_4q": -10.57,
            "gross_profit": 62052,
            "gross_margin": 17.27,
            "gross_margin_4q_avg": 12.08,
            "net_income": 6891,
            "net_income_4q": null,
            "revenue": 359358,
            "revenue_4q": null,
            "common_shares": 307572,
            "book_valuer_per_share": 9.69,
            "book_valuer_per_share_4q_avg": 10.13,
            "equity": 297888,
            "current_ratio": 131.57,
            "debt_ratio": 68.31,
            "inventory_turnover_ratio": 1.9,
            "account_receivable_turnover_ratio": 0.96,
            "reinvestment_rate": -67.03,
            "research_to_sale_ratio": 4.92,
            "price_fair": 181.07,
            "eps_avg_yearly": 5.17,
            "eps_latest_yearly": 0.92,
            "eps_growth_yearly": 2706.83
        },
        "20203": {
            "year_quarter": 20203,
            "year": 2020,
            "quarter": 3,
            "eps": 0.04,
            "eps_growth_year": null,
            "eps_4q": -0.55,
            "eps_4q_growth_year": null,
            "roe": 0.44,
            "roe_4q": -5.300000000000001,
            "gross_profit": 47468,
            "gross_margin": 11.77,
            "gross_margin_4q_avg": 12.82,
            "net_income": 1329,
            "net_income_4q": null,
            "revenue": 403229,
            "revenue_4q": null,
            "common_shares": 307572,
            "book_valuer_per_share": 9.95,
            "book_valuer_per_share_4q_avg": 9.84,
            "equity": 305916,
            "current_ratio": 149.55,
            "debt_ratio": 71.13,
            "inventory_turnover_ratio": 1.87,
            "account_receivable_turnover_ratio": 0.82,
            "reinvestment_rate": -68.71,
            "research_to_sale_ratio": 3.02,
            "price_fair": 178.27,
            "eps_avg_yearly": 5.09,
            "eps_latest_yearly": 0.16,
            "eps_growth_yearly": 2585.61
        },
        "20204": {
            "year_quarter": 20204,
            "year": 2020,
            "quarter": 4,
            "eps": 0.38,
            "eps_growth_year": null,
            "eps_4q": 0.43,
            "eps_4q_growth_year": null,
            "roe": 3.73,
            "roe_4q": 4.26,
            "gross_profit": 61288,
            "gross_margin": 12.01,
            "gross_margin_4q_avg": 13.65,
            "net_income": 11648,
            "net_income_4q": null,
            "revenue": 510339,
            "revenue_4q": null,
            "common_shares": 307572,
            "book_valuer_per_share": 10.36,
            "book_valuer_per_share_4q_avg": 9.93,
            "equity": 318520,
            "current_ratio": 125.54,
            "debt_ratio": 73.92,
            "inventory_turnover_ratio": 2,
            "account_receivable_turnover_ratio": 0.89,
            "reinvestment_rate": null,
            "research_to_sale_ratio": 3.17,
            "price_fair": 42,
            "eps_avg_yearly": 1.2,
            "eps_latest_yearly": 1.52,
            "eps_growth_yearly": 627.28
        },
        "20211": {
            "year_quarter": 20211,
            "year": 2021,
            "quarter": 1,
            "eps": 0.38,
            "eps_growth_year": null,
            "eps_4q": 0.93,
            "eps_4q_growth_year": null,
            "roe": 3.45,
            "roe_4q": 9.93,
            "gross_profit": 54695,
            "gross_margin": 11.65,
            "gross_margin_4q_avg": 13.18,
            "net_income": 11835,
            "net_income_4q": null,
            "revenue": 469587,
            "revenue_4q": null,
            "common_shares": 307572,
            "book_valuer_per_share": 11.98,
            "book_valuer_per_share_4q_avg": 10.5,
            "equity": 368439,
            "current_ratio": 131.22,
            "debt_ratio": 71.24,
            "inventory_turnover_ratio": 1.69,
            "account_receivable_turnover_ratio": 0.72,
            "reinvestment_rate": -392.58,
            "research_to_sale_ratio": 3.15,
            "price_fair": 48.07,
            "eps_avg_yearly": 1.37,
            "eps_latest_yearly": 1.52,
            "eps_growth_yearly": 692.66
        },
        "20212": {
            "year_quarter": 20212,
            "year": 2021,
            "quarter": 2,
            "eps": 0.28,
            "eps_growth_year": 27.27,
            "eps_4q": 0.94,
            "eps_4q_growth_year": null,
            "roe": 2.66,
            "roe_4q": 10.28,
            "gross_profit": 45759,
            "gross_margin": 9.63,
            "gross_margin_4q_avg": 11.27,
            "net_income": 10182,
            "net_income_4q": null,
            "revenue": 475389,
            "revenue_4q": null,
            "common_shares": 371092,
            "book_valuer_per_share": 10.73,
            "book_valuer_per_share_4q_avg": 10.76,
            "equity": 398194,
            "current_ratio": 132.16,
            "debt_ratio": 69.13,
            "inventory_turnover_ratio": 1.61,
            "account_receivable_turnover_ratio": 0.71,
            "reinvestment_rate": -1317.39,
            "research_to_sale_ratio": 2.63,
            "price_fair": 43.17,
            "eps_avg_yearly": 1.23,
            "eps_latest_yearly": 1.12,
            "eps_growth_yearly": 469.56
        },
        "20213": {
            "year_quarter": 20213,
            "year": 2021,
            "quarter": 3,
            "eps": 0.22,
            "eps_growth_year": 450,
            "eps_4q": 1.13,
            "eps_4q_growth_year": null,
            "roe": 2.03,
            "roe_4q": 11.870000000000001,
            "gross_profit": 50078,
            "gross_margin": 10.89,
            "gross_margin_4q_avg": 11.05,
            "net_income": 8148,
            "net_income_4q": null,
            "revenue": 460001,
            "revenue_4q": null,
            "common_shares": 371092,
            "book_valuer_per_share": 10.93,
            "book_valuer_per_share_4q_avg": 11,
            "equity": 405713,
            "current_ratio": 136.43,
            "debt_ratio": 67.5,
            "inventory_turnover_ratio": 1.49,
            "account_receivable_turnover_ratio": 0.73,
            "reinvestment_rate": null,
            "research_to_sale_ratio": 3.2,
            "price_fair": 35.7,
            "eps_avg_yearly": 1.02,
            "eps_latest_yearly": 0.88,
            "eps_growth_yearly": 448.47
        },
        "20214": {
            "year_quarter": 20214,
            "year": 2021,
            "quarter": 4,
            "eps": 0.05,
            "eps_growth_year": -85.94,
            "eps_4q": 0.87,
            "eps_4q_growth_year": 102.81,
            "roe": 0.49,
            "roe_4q": 8.629999999999999,
            "gross_profit": 45057,
            "gross_margin": 8.86,
            "gross_margin_4q_avg": 10.26,
            "net_income": 1976,
            "net_income_4q": null,
            "revenue": 508635,
            "revenue_4q": null,
            "common_shares": 371092,
            "book_valuer_per_share": 11.02,
            "book_valuer_per_share_4q_avg": 11.17,
            "equity": 408942,
            "current_ratio": 135.35,
            "debt_ratio": 68.04,
            "inventory_turnover_ratio": 1.66,
            "account_receivable_turnover_ratio": 0.83,
            "reinvestment_rate": null,
            "research_to_sale_ratio": 3.19,
            "price_fair": 31.6,
            "eps_avg_yearly": 0.9,
            "eps_latest_yearly": 0.2,
            "eps_growth_yearly": 340.25
        },
        "20221": {
            "year_quarter": 20221,
            "year": 2022,
            "quarter": 1,
            "eps": -0.16,
            "eps_growth_year": -142.11,
            "eps_4q": 0.39,
            "eps_4q_growth_year": -58,
            "roe": -1.42,
            "roe_4q": 3.76,
            "gross_profit": 39322,
            "gross_margin": 8.12,
            "gross_margin_4q_avg": 9.38,
            "net_income": -5853,
            "net_income_4q": null,
            "revenue": 484562,
            "revenue_4q": null,
            "common_shares": 371092,
            "book_valuer_per_share": 11.26,
            "book_valuer_per_share_4q_avg": 10.99,
            "equity": 417856,
            "current_ratio": 132.43,
            "debt_ratio": 69.3,
            "inventory_turnover_ratio": 1.53,
            "account_receivable_turnover_ratio": 0.73,
            "reinvestment_rate": null,
            "research_to_sale_ratio": 2.86,
            "price_fair": 31.6,
            "eps_avg_yearly": 0.9,
            "eps_latest_yearly": 0.2,
            "eps_growth_yearly": 340.25
        },
        "20222": {
            "year_quarter": 20222,
            "year": 2022,
            "quarter": 2,
            "eps": 0.39,
            "eps_growth_year": 39.29,
            "eps_4q": 0.5,
            "eps_4q_growth_year": -47,
            "roe": 3.37,
            "roe_4q": 4.470000000000001,
            "gross_profit": 58942,
            "gross_margin": 10.9,
            "gross_margin_4q_avg": 9.69,
            "net_income": 14276,
            "net_income_4q": null,
            "revenue": 540675,
            "revenue_4q": null,
            "common_shares": 371092,
            "book_valuer_per_share": 11.58,
            "book_valuer_per_share_4q_avg": 11.2,
            "equity": 429566,
            "current_ratio": 132.26,
            "debt_ratio": 69.79,
            "inventory_turnover_ratio": 1.57,
            "account_receivable_turnover_ratio": 0.78,
            "reinvestment_rate": -279.19,
            "research_to_sale_ratio": 3.55,
            "price_fair": 31.6,
            "eps_avg_yearly": 0.9,
            "eps_latest_yearly": 0.2,
            "eps_growth_yearly": 340.25
        },
        "20223": {
            "year_quarter": 20223,
            "year": 2022,
            "quarter": 3,
            "eps": 0.35,
            "eps_growth_year": 59.09,
            "eps_4q": 0.63,
            "eps_4q_growth_year": -43.96,
            "roe": 2.96,
            "roe_4q": 5.4,
            "gross_profit": 57679,
            "gross_margin": 12.18,
            "gross_margin_4q_avg": 10.02,
            "net_income": 13034,
            "net_income_4q": null,
            "revenue": 473557,
            "revenue_4q": null,
            "common_shares": 371092,
            "book_valuer_per_share": 12.14,
            "book_valuer_per_share_4q_avg": 11.5,
            "equity": 450489,
            "current_ratio": 137.05,
            "debt_ratio": 66.84,
            "inventory_turnover_ratio": 1.42,
            "account_receivable_turnover_ratio": 0.73,
            "reinvestment_rate": -207.21,
            "research_to_sale_ratio": 3.64,
            "price_fair": 33.78,
            "eps_avg_yearly": 0.97,
            "eps_latest_yearly": 1.4,
            "eps_growth_yearly": 292.59
        },
        "20224": {
            "year_quarter": 20224,
            "year": 2022,
            "quarter": 4,
            "eps": -0,
            "eps_growth_year": -100.35,
            "eps_4q": 0.58,
            "eps_4q_growth_year": -33.26,
            "roe": -0,
            "roe_4q": 4.91,
            "gross_profit": 44195,
            "gross_margin": 10.03,
            "gross_margin_4q_avg": 10.31,
            "net_income": -7,
            "net_income_4q": null,
            "revenue": 440705,
            "revenue_4q": null,
            "common_shares": 371092,
            "book_valuer_per_share": 11.92,
            "book_valuer_per_share_4q_avg": 11.73,
            "equity": 442233,
            "current_ratio": 134.81,
            "debt_ratio": 68.19,
            "inventory_turnover_ratio": 1.46,
            "account_receivable_turnover_ratio": 0.74,
            "reinvestment_rate": -749.36,
            "research_to_sale_ratio": 3.47,
            "price_fair": 34,
            "eps_avg_yearly": 0.97,
            "eps_latest_yearly": 1.4,
            "eps_growth_yearly": 361.66
        },
        "20231": {
            "year_quarter": 20231,
            "year": 2023,
            "quarter": 1,
            "eps": -0.32,
            "eps_growth_year": null,
            "eps_4q": 0.42,
            "eps_4q_growth_year": 6.68,
            "roe": -2.72,
            "roe_4q": 3.61,
            "gross_profit": 31625,
            "gross_margin": 8.18,
            "gross_margin_4q_avg": 10.32,
            "net_income": -11884,
            "net_income_4q": null,
            "revenue": 386527,
            "revenue_4q": null,
            "common_shares": 371092,
            "book_valuer_per_share": 11.61,
            "book_valuer_per_share_4q_avg": 11.81,
            "equity": 430892,
            "current_ratio": 138.09,
            "debt_ratio": 65.98,
            "inventory_turnover_ratio": 1.36,
            "account_receivable_turnover_ratio": 0.73,
            "reinvestment_rate": -440.36,
            "research_to_sale_ratio": 2.71,
            "price_fair": 34,
            "eps_avg_yearly": 0.97,
            "eps_latest_yearly": 1.4,
            "eps_growth_yearly": 361.66
        },
        "20232": {
            "year_quarter": 20232,
            "year": 2023,
            "quarter": 2,
            "eps": 0.17,
            "eps_growth_year": -56.41,
            "eps_4q": 0.19,
            "eps_4q_growth_year": -62.72,
            "roe": 1.38,
            "roe_4q": 1.6199999999999997,
            "gross_profit": 39628,
            "gross_margin": 10,
            "gross_margin_4q_avg": 10.1,
            "net_income": 5909,
            "net_income_4q": null,
            "revenue": 396160,
            "revenue_4q": null,
            "common_shares": 371092,
            "book_valuer_per_share": 11.4,
            "book_valuer_per_share_4q_avg": 11.77,
            "equity": 422911,
            "current_ratio": 137.01,
            "debt_ratio": 66.91,
            "inventory_turnover_ratio": 1.62,
            "account_receivable_turnover_ratio": 0.81,
            "reinvestment_rate": -70.36,
            "research_to_sale_ratio": 3.53,
            "price_fair": 34,
            "eps_avg_yearly": 0.97,
            "eps_latest_yearly": 1.4,
            "eps_growth_yearly": 361.66
        },
        "20233": {
            "year_quarter": 20233,
            "year": 2023,
            "quarter": 3,
            "eps": -0.2,
            "eps_growth_year": -157.14,
            "eps_4q": -0.37,
            "eps_4q_growth_year": -157.95,
            "roe": -1.84,
            "roe_4q": -3.1800000000000006,
            "gross_profit": 32849,
            "gross_margin": 8.41,
            "gross_margin_4q_avg": 9.16,
            "net_income": -7869,
            "net_income_4q": null,
            "revenue": 390526,
            "revenue_4q": null,
            "common_shares": 378514,
            "book_valuer_per_share": 11.38,
            "book_valuer_per_share_4q_avg": 11.58,
            "equity": 430714,
            "current_ratio": 134.04,
            "debt_ratio": 68.73,
            "inventory_turnover_ratio": 1.68,
            "account_receivable_turnover_ratio": 0.79,
            "reinvestment_rate": -69.3,
            "research_to_sale_ratio": 2.85,
            "price_fair": 34,
            "eps_avg_yearly": 0.97,
            "eps_latest_yearly": 1.4,
            "eps_growth_yearly": 361.66
        }
    },
    "months": {
        "2003-06": {
            "month": "2003-06",
            "price": "44.94",
            "revenue": 104358
        },
        "2003-07": {
            "month": "2003-07",
            "price": "47.36",
            "revenue": 120835
        },
        "2003-08": {
            "month": "2003-08",
            "price": "42.05",
            "revenue": 186002
        },
        "2003-09": {
            "month": "2003-09",
            "price": "36.50",
            "revenue": 229849
        },
        "2003-10": {
            "month": "2003-10",
            "price": "33.58",
            "revenue": 206399
        },
        "2003-11": {
            "month": "2003-11",
            "price": "31.62",
            "revenue": 211330
        },
        "2003-12": {
            "month": "2003-12",
            "price": "32.37",
            "revenue": 149699
        },
        "2004-01": {
            "month": "2004-01",
            "price": "31.31",
            "revenue": 150985
        },
        "2004-02": {
            "month": "2004-02",
            "price": "31.80",
            "revenue": 170310
        },
        "2004-03": {
            "month": "2004-03",
            "price": "29.67",
            "revenue": 219186
        },
        "2004-04": {
            "month": "2004-04",
            "price": "26.67",
            "revenue": 248037
        },
        "2004-05": {
            "month": "2004-05",
            "price": "21.90",
            "revenue": 248090
        },
        "2004-06": {
            "month": "2004-06",
            "price": "21.20",
            "revenue": 223019
        },
        "2004-07": {
            "month": "2004-07",
            "price": "17.51",
            "revenue": 203540
        },
        "2004-08": {
            "month": "2004-08",
            "price": "13.47",
            "revenue": 196845
        },
        "2004-09": {
            "month": "2004-09",
            "price": "12.84",
            "revenue": 178308
        },
        "2004-10": {
            "month": "2004-10",
            "price": "12.05",
            "revenue": 209934
        },
        "2004-11": {
            "month": "2004-11",
            "price": "11.42",
            "revenue": 195392
        },
        "2004-12": {
            "month": "2004-12",
            "price": "11.31",
            "revenue": 183512
        },
        "2005-01": {
            "month": "2005-01",
            "price": "10.56",
            "revenue": 177516
        },
        "2005-02": {
            "month": "2005-02",
            "price": "10.86",
            "revenue": 93365
        },
        "2005-03": {
            "month": "2005-03",
            "price": "10.92",
            "revenue": 119688
        },
        "2005-04": {
            "month": "2005-04",
            "price": "8.40",
            "revenue": 136488
        },
        "2005-05": {
            "month": "2005-05",
            "price": "6.10",
            "revenue": 152539
        },
        "2005-06": {
            "month": "2005-06",
            "price": "7.17",
            "revenue": 128421
        },
        "2005-07": {
            "month": "2005-07",
            "price": "7.39",
            "revenue": 159470
        },
        "2005-08": {
            "month": "2005-08",
            "price": "6.06",
            "revenue": 172591
        },
        "2005-09": {
            "month": "2005-09",
            "price": "5.32",
            "revenue": 203552
        },
        "2005-10": {
            "month": "2005-10",
            "price": "4.58",
            "revenue": 243507
        },
        "2005-11": {
            "month": "2005-11",
            "price": "4.05",
            "revenue": 274016
        },
        "2005-12": {
            "month": "2005-12",
            "price": "4.93",
            "revenue": 264450
        },
        "2006-01": {
            "month": "2006-01",
            "price": "6.68",
            "revenue": 231563
        },
        "2006-02": {
            "month": "2006-02",
            "price": "5.97",
            "revenue": 251797
        },
        "2006-03": {
            "month": "2006-03",
            "price": "6.76",
            "revenue": 306923
        },
        "2006-04": {
            "month": "2006-04",
            "price": "8.62",
            "revenue": 169905
        },
        "2006-05": {
            "month": "2006-05",
            "price": "7.63",
            "revenue": 242047
        },
        "2006-06": {
            "month": "2006-06",
            "price": "6.55",
            "revenue": 234920
        },
        "2006-07": {
            "month": "2006-07",
            "price": "5.90",
            "revenue": 194128
        },
        "2006-08": {
            "month": "2006-08",
            "price": "5.96",
            "revenue": 218238
        },
        "2006-09": {
            "month": "2006-09",
            "price": "5.22",
            "revenue": 284165
        },
        "2006-10": {
            "month": "2006-10",
            "price": "5.07",
            "revenue": 302438
        },
        "2006-11": {
            "month": "2006-11",
            "price": "5.14",
            "revenue": 288603
        },
        "2006-12": {
            "month": "2006-12",
            "price": "6.21",
            "revenue": 254088
        },
        "2007-01": {
            "month": "2007-01",
            "price": "9.15",
            "revenue": 308634
        },
        "2007-02": {
            "month": "2007-02",
            "price": "8.27",
            "revenue": 329265
        },
        "2007-03": {
            "month": "2007-03",
            "price": "8.70",
            "revenue": 296770
        },
        "2007-04": {
            "month": "2007-04",
            "price": "9.34",
            "revenue": 254202
        },
        "2007-05": {
            "month": "2007-05",
            "price": "8.64",
            "revenue": 284841
        },
        "2007-06": {
            "month": "2007-06",
            "price": "8.53",
            "revenue": 235648
        },
        "2007-07": {
            "month": "2007-07",
            "price": "10.50",
            "revenue": 313564
        },
        "2007-08": {
            "month": "2007-08",
            "price": "10.01",
            "revenue": 212108
        },
        "2007-09": {
            "month": "2007-09",
            "price": "8.44",
            "revenue": 252463
        },
        "2007-10": {
            "month": "2007-10",
            "price": "7.38",
            "revenue": 244895
        },
        "2007-11": {
            "month": "2007-11",
            "price": "5.64",
            "revenue": 189562
        },
        "2007-12": {
            "month": "2007-12",
            "price": "4.66",
            "revenue": 254805
        },
        "2008-01": {
            "month": "2008-01",
            "price": "4.16",
            "revenue": 187712
        },
        "2008-02": {
            "month": "2008-02",
            "price": "4.30",
            "revenue": 152081
        },
        "2008-03": {
            "month": "2008-03",
            "price": "4.37",
            "revenue": 178722
        },
        "2008-04": {
            "month": "2008-04",
            "price": "4.49",
            "revenue": 182092
        },
        "2008-05": {
            "month": "2008-05",
            "price": "4.07",
            "revenue": 212069
        },
        "2008-06": {
            "month": "2008-06",
            "price": "4.20",
            "revenue": 191418
        },
        "2008-07": {
            "month": "2008-07",
            "price": "3.61",
            "revenue": 230378
        },
        "2008-08": {
            "month": "2008-08",
            "price": "3.13",
            "revenue": 276744
        },
        "2008-09": {
            "month": "2008-09",
            "price": "2.85",
            "revenue": 274525
        },
        "2008-10": {
            "month": "2008-10",
            "price": "2.88",
            "revenue": 241481
        },
        "2008-11": {
            "month": "2008-11",
            "price": "2.80",
            "revenue": 145760
        },
        "2008-12": {
            "month": "2008-12",
            "price": "2.27",
            "revenue": 123985
        },
        "2009-01": {
            "month": "2009-01",
            "price": "2.05",
            "revenue": 48488
        },
        "2009-02": {
            "month": "2009-02",
            "price": "2.39",
            "revenue": 91432
        },
        "2009-03": {
            "month": "2009-03",
            "price": "2.92",
            "revenue": 165285
        },
        "2009-04": {
            "month": "2009-04",
            "price": "4.28",
            "revenue": 337660
        },
        "2009-05": {
            "month": "2009-05",
            "price": "6.61",
            "revenue": 315109
        },
        "2009-06": {
            "month": "2009-06",
            "price": "9.16",
            "revenue": 435270
        },
        "2009-07": {
            "month": "2009-07",
            "price": "10.26",
            "revenue": 405567
        },
        "2009-08": {
            "month": "2009-08",
            "price": "12.11",
            "revenue": 359387
        },
        "2009-09": {
            "month": "2009-09",
            "price": "13.05",
            "revenue": 332641
        },
        "2009-10": {
            "month": "2009-10",
            "price": "17.03",
            "revenue": 273980
        },
        "2009-11": {
            "month": "2009-11",
            "price": "17.85",
            "revenue": 159478
        },
        "2009-12": {
            "month": "2009-12",
            "price": "17.01",
            "revenue": 191500
        },
        "2010-01": {
            "month": "2010-01",
            "price": "17.13",
            "revenue": 183963
        },
        "2010-02": {
            "month": "2010-02",
            "price": "15.88",
            "revenue": 196779
        },
        "2010-03": {
            "month": "2010-03",
            "price": "17.06",
            "revenue": 237063
        },
        "2010-04": {
            "month": "2010-04",
            "price": "18.35",
            "revenue": 241668
        },
        "2010-05": {
            "month": "2010-05",
            "price": "17.05",
            "revenue": 224681
        },
        "2010-06": {
            "month": "2010-06",
            "price": "15.69",
            "revenue": 209485
        },
        "2010-07": {
            "month": "2010-07",
            "price": "14.70",
            "revenue": 182016
        },
        "2010-08": {
            "month": "2010-08",
            "price": "16.34",
            "revenue": 175715
        },
        "2010-09": {
            "month": "2010-09",
            "price": "18.85",
            "revenue": 151746
        },
        "2010-10": {
            "month": "2010-10",
            "price": "23.10",
            "revenue": 177865
        },
        "2010-11": {
            "month": "2010-11",
            "price": "18.70",
            "revenue": 205662
        },
        "2010-12": {
            "month": "2010-12",
            "price": "22.34",
            "revenue": 265386
        },
        "2011-01": {
            "month": "2011-01",
            "price": "21.49",
            "revenue": 308595
        },
        "2011-02": {
            "month": "2011-02",
            "price": "28.60",
            "revenue": 208706
        },
        "2011-03": {
            "month": "2011-03",
            "price": "32.43",
            "revenue": 382108
        },
        "2011-04": {
            "month": "2011-04",
            "price": "31.03",
            "revenue": 405971
        },
        "2011-05": {
            "month": "2011-05",
            "price": "31.68",
            "revenue": 416633
        },
        "2011-06": {
            "month": "2011-06",
            "price": "27.94",
            "revenue": 383923
        },
        "2011-07": {
            "month": "2011-07",
            "price": "22.02",
            "revenue": 331759
        },
        "2011-08": {
            "month": "2011-08",
            "price": "20.82",
            "revenue": 234720
        },
        "2011-09": {
            "month": "2011-09",
            "price": "17.49",
            "revenue": 283537
        },
        "2011-10": {
            "month": "2011-10",
            "price": "14.73",
            "revenue": 187058
        },
        "2011-11": {
            "month": "2011-11",
            "price": "12.79",
            "revenue": 220941
        },
        "2011-12": {
            "month": "2011-12",
            "price": "10.72",
            "revenue": 230958
        },
        "2012-01": {
            "month": "2012-01",
            "price": "12.12",
            "revenue": 189881
        },
        "2012-02": {
            "month": "2012-02",
            "price": "15.26",
            "revenue": 171790
        },
        "2012-03": {
            "month": "2012-03",
            "price": "14.74",
            "revenue": 242803
        },
        "2012-04": {
            "month": "2012-04",
            "price": "11.62",
            "revenue": 267433
        },
        "2012-05": {
            "month": "2012-05",
            "price": "11.91",
            "revenue": 371975
        },
        "2012-06": {
            "month": "2012-06",
            "price": "11.32",
            "revenue": 355921
        },
        "2012-07": {
            "month": "2012-07",
            "price": "10.58",
            "revenue": 324503
        },
        "2012-08": {
            "month": "2012-08",
            "price": "9.94",
            "revenue": 321816
        },
        "2012-09": {
            "month": "2012-09",
            "price": "10.40",
            "revenue": 259852
        },
        "2012-10": {
            "month": "2012-10",
            "price": "10.99",
            "revenue": 187715
        },
        "2012-11": {
            "month": "2012-11",
            "price": "9.70",
            "revenue": 184199
        },
        "2012-12": {
            "month": "2012-12",
            "price": "10.02",
            "revenue": 263885
        },
        "2013-01": {
            "month": "2013-01",
            "price": "9.73",
            "revenue": 234338
        },
        "2013-02": {
            "month": "2013-02",
            "price": "9.00",
            "revenue": 130224
        },
        "2013-03": {
            "month": "2013-03",
            "price": "8.89",
            "revenue": 244180
        },
        "2013-04": {
            "month": "2013-04",
            "price": "7.68",
            "revenue": 249545
        },
        "2013-05": {
            "month": "2013-05",
            "price": "7.72",
            "revenue": 272554
        },
        "2013-06": {
            "month": "2013-06",
            "price": "7.93",
            "revenue": 239830
        },
        "2013-07": {
            "month": "2013-07",
            "price": "7.54",
            "revenue": 279222
        },
        "2013-08": {
            "month": "2013-08",
            "price": "6.82",
            "revenue": 238422
        },
        "2013-09": {
            "month": "2013-09",
            "price": "6.28",
            "revenue": 247447
        },
        "2013-10": {
            "month": "2013-10",
            "price": "6.07",
            "revenue": 285769
        },
        "2013-11": {
            "month": "2013-11",
            "price": "5.05",
            "revenue": 190920
        },
        "2013-12": {
            "month": "2013-12",
            "price": "6.30",
            "revenue": 285551
        },
        "2014-01": {
            "month": "2014-01",
            "price": "6.97",
            "revenue": 174788
        },
        "2014-02": {
            "month": "2014-02",
            "price": "6.86",
            "revenue": 143095
        },
        "2014-03": {
            "month": "2014-03",
            "price": "7.21",
            "revenue": 163862
        },
        "2014-04": {
            "month": "2014-04",
            "price": "8.39",
            "revenue": 214180
        },
        "2014-05": {
            "month": "2014-05",
            "price": "7.24",
            "revenue": 165683
        },
        "2014-06": {
            "month": "2014-06",
            "price": "6.86",
            "revenue": 141628
        },
        "2014-07": {
            "month": "2014-07",
            "price": "7.58",
            "revenue": 177843
        },
        "2014-08": {
            "month": "2014-08",
            "price": "5.88",
            "revenue": 98819
        },
        "2014-09": {
            "month": "2014-09",
            "price": "4.09",
            "revenue": 87689
        },
        "2014-10": {
            "month": "2014-10",
            "price": "3.67",
            "revenue": 88258
        },
        "2014-11": {
            "month": "2014-11",
            "price": "3.78",
            "revenue": 76977
        },
        "2014-12": {
            "month": "2014-12",
            "price": "3.57",
            "revenue": 73657
        },
        "2015-01": {
            "month": "2015-01",
            "price": "3.78",
            "revenue": 100045
        },
        "2015-02": {
            "month": "2015-02",
            "price": "4.37",
            "revenue": 62771
        },
        "2015-03": {
            "month": "2015-03",
            "price": "4.26",
            "revenue": 74705
        },
        "2015-04": {
            "month": "2015-04",
            "price": "4.24",
            "revenue": 93792
        },
        "2015-05": {
            "month": "2015-05",
            "price": "3.76",
            "revenue": 86223
        },
        "2015-06": {
            "month": "2015-06",
            "price": "3.37",
            "revenue": 83283
        },
        "2015-07": {
            "month": "2015-07",
            "price": "3.57",
            "revenue": 65287
        },
        "2015-08": {
            "month": "2015-08",
            "price": "3.02",
            "revenue": 72747
        },
        "2015-09": {
            "month": "2015-09",
            "price": "2.89",
            "revenue": 60724
        },
        "2015-10": {
            "month": "2015-10",
            "price": "2.76",
            "revenue": 51392
        },
        "2015-11": {
            "month": "2015-11",
            "price": "2.39",
            "revenue": 53714
        },
        "2015-12": {
            "month": "2015-12",
            "price": "2.76",
            "revenue": 69403
        },
        "2016-01": {
            "month": "2016-01",
            "price": "2.86",
            "revenue": 67045
        },
        "2016-02": {
            "month": "2016-02",
            "price": "2.94",
            "revenue": 40509
        },
        "2016-03": {
            "month": "2016-03",
            "price": "2.51",
            "revenue": 65736
        },
        "2016-04": {
            "month": "2016-04",
            "price": "2.44",
            "revenue": 77711
        },
        "2016-05": {
            "month": "2016-05",
            "price": "2.30",
            "revenue": 84593
        },
        "2016-06": {
            "month": "2016-06",
            "price": "2.71",
            "revenue": 65911
        },
        "2016-07": {
            "month": "2016-07",
            "price": "3.32",
            "revenue": 90219
        },
        "2016-08": {
            "month": "2016-08",
            "price": "3.29",
            "revenue": 77704
        },
        "2016-09": {
            "month": "2016-09",
            "price": "3.49",
            "revenue": 94129
        },
        "2016-10": {
            "month": "2016-10",
            "price": "4.97",
            "revenue": 62048
        },
        "2016-11": {
            "month": "2016-11",
            "price": "23.84",
            "revenue": 80064
        },
        "2016-12": {
            "month": "2016-12",
            "price": "20.16",
            "revenue": 87362
        },
        "2017-01": {
            "month": "2017-01",
            "price": "19.09",
            "revenue": 67023
        },
        "2017-02": {
            "month": "2017-02",
            "price": "23.89",
            "revenue": 52625
        },
        "2017-03": {
            "month": "2017-03",
            "price": "28.39",
            "revenue": 70646
        },
        "2017-04": {
            "month": "2017-04",
            "price": "27.15",
            "revenue": 72508
        },
        "2017-05": {
            "month": "2017-05",
            "price": "25.37",
            "revenue": 85601
        },
        "2017-06": {
            "month": "2017-06",
            "price": "26.62",
            "revenue": 107228
        },
        "2017-07": {
            "month": "2017-07",
            "price": "22.48",
            "revenue": 99690
        },
        "2017-08": {
            "month": "2017-08",
            "price": "21.13",
            "revenue": 88299
        },
        "2017-09": {
            "month": "2017-09",
            "price": "20.83",
            "revenue": 93836
        },
        "2017-10": {
            "month": "2017-10",
            "price": "19.25",
            "revenue": 94736
        },
        "2017-11": {
            "month": "2017-11",
            "price": "22.00",
            "revenue": 103645
        },
        "2017-12": {
            "month": "2017-12",
            "price": "24.66",
            "revenue": 95425
        },
        "2018-01": {
            "month": "2018-01",
            "price": "22.42",
            "revenue": 98187
        },
        "2018-02": {
            "month": "2018-02",
            "price": "20.57",
            "revenue": 52828
        },
        "2018-03": {
            "month": "2018-03",
            "price": "20.49",
            "revenue": 83416
        },
        "2018-04": {
            "month": "2018-04",
            "price": "18.82",
            "revenue": 117254
        },
        "2018-05": {
            "month": "2018-05",
            "price": "19.75",
            "revenue": 94439
        },
        "2018-06": {
            "month": "2018-06",
            "price": "20.16",
            "revenue": 92117
        },
        "2018-07": {
            "month": "2018-07",
            "price": "18.26",
            "revenue": 95919
        },
        "2018-08": {
            "month": "2018-08",
            "price": "15.77",
            "revenue": 85764
        },
        "2018-09": {
            "month": "2018-09",
            "price": "13.46",
            "revenue": 79182
        },
        "2018-10": {
            "month": "2018-10",
            "price": "11.17",
            "revenue": 67950
        },
        "2018-11": {
            "month": "2018-11",
            "price": "10.34",
            "revenue": 90374
        },
        "2018-12": {
            "month": "2018-12",
            "price": "10.24",
            "revenue": 88148
        },
        "2019-01": {
            "month": "2019-01",
            "price": "9.70",
            "revenue": 73996
        },
        "2019-02": {
            "month": "2019-02",
            "price": "10.44",
            "revenue": 44859
        },
        "2019-03": {
            "month": "2019-03",
            "price": "11.18",
            "revenue": 70919
        },
        "2019-04": {
            "month": "2019-04",
            "price": "12.51",
            "revenue": 63487
        },
        "2019-05": {
            "month": "2019-05",
            "price": "10.56",
            "revenue": 71037
        },
        "2019-06": {
            "month": "2019-06",
            "price": "9.91",
            "revenue": 61194
        },
        "2019-07": {
            "month": "2019-07",
            "price": "10.09",
            "revenue": 64606
        },
        "2019-08": {
            "month": "2019-08",
            "price": "9.81",
            "revenue": 73077
        },
        "2019-09": {
            "month": "2019-09",
            "price": "9.62",
            "revenue": 75178
        },
        "2019-10": {
            "month": "2019-10",
            "price": "9.55",
            "revenue": 84263
        },
        "2019-11": {
            "month": "2019-11",
            "price": "8.72",
            "revenue": 82949
        },
        "2019-12": {
            "month": "2019-12",
            "price": "8.73",
            "revenue": 60061
        },
        "2020-01": {
            "month": "2020-01",
            "price": "9.15",
            "revenue": 47599
        },
        "2020-02": {
            "month": "2020-02",
            "price": "8.89",
            "revenue": 66625
        },
        "2020-03": {
            "month": "2020-03",
            "price": "8.03",
            "revenue": 82072
        },
        "2020-04": {
            "month": "2020-04",
            "price": "7.37",
            "revenue": 126120
        },
        "2020-05": {
            "month": "2020-05",
            "price": "7.35",
            "revenue": 108869
        },
        "2020-06": {
            "month": "2020-06",
            "price": "8.38",
            "revenue": 124295
        },
        "2020-07": {
            "month": "2020-07",
            "price": "10.09",
            "revenue": 115615
        },
        "2020-08": {
            "month": "2020-08",
            "price": "10.24",
            "revenue": 142212
        },
        "2020-09": {
            "month": "2020-09",
            "price": "13.40",
            "revenue": 145457
        },
        "2020-10": {
            "month": "2020-10",
            "price": "17.63",
            "revenue": 173697
        },
        "2020-11": {
            "month": "2020-11",
            "price": "16.64",
            "revenue": 178540
        },
        "2020-12": {
            "month": "2020-12",
            "price": "15.80",
            "revenue": 158093
        },
        "2021-01": {
            "month": "2021-01",
            "price": "13.93",
            "revenue": 170407
        },
        "2021-02": {
            "month": "2021-02",
            "price": "14.24",
            "revenue": 139673
        },
        "2021-03": {
            "month": "2021-03",
            "price": "15.59",
            "revenue": 159507
        },
        "2021-04": {
            "month": "2021-04",
            "price": "17.92",
            "revenue": 153428
        },
        "2021-05": {
            "month": "2021-05",
            "price": "15.48",
            "revenue": 182546
        },
        "2021-06": {
            "month": "2021-06",
            "price": "16.79",
            "revenue": 137492
        },
        "2021-07": {
            "month": "2021-07",
            "price": "16.62",
            "revenue": 166152
        },
        "2021-08": {
            "month": "2021-08",
            "price": "18.12",
            "revenue": 163473
        },
        "2021-09": {
            "month": "2021-09",
            "price": "17.47",
            "revenue": 132299
        },
        "2021-10": {
            "month": "2021-10",
            "price": "17.09",
            "revenue": 159022
        },
        "2021-11": {
            "month": "2021-11",
            "price": "17.45",
            "revenue": 170132
        },
        "2021-12": {
            "month": "2021-12",
            "price": "17.24",
            "revenue": 179481
        },
        "2022-01": {
            "month": "2022-01",
            "price": "16.76",
            "revenue": 163264
        },
        "2022-02": {
            "month": "2022-02",
            "price": "16.68",
            "revenue": 158106
        },
        "2022-03": {
            "month": "2022-03",
            "price": "16.25",
            "revenue": 163192
        },
        "2022-04": {
            "month": "2022-04",
            "price": "15.33",
            "revenue": 170765
        },
        "2022-05": {
            "month": "2022-05",
            "price": "13.87",
            "revenue": 161813
        },
        "2022-06": {
            "month": "2022-06",
            "price": "13.94",
            "revenue": 208097
        },
        "2022-07": {
            "month": "2022-07",
            "price": "13.76",
            "revenue": 143860
        },
        "2022-08": {
            "month": "2022-08",
            "price": "14.64",
            "revenue": 159559
        },
        "2022-09": {
            "month": "2022-09",
            "price": "14.80",
            "revenue": 169871
        },
        "2022-10": {
            "month": "2022-10",
            "price": "14.36",
            "revenue": 189822
        },
        "2022-11": {
            "month": "2022-11",
            "price": "14.56",
            "revenue": 139930
        },
        "2022-12": {
            "month": "2022-12",
            "price": "14.92",
            "revenue": 111219
        },
        "2023-01": {
            "month": "2023-01",
            "price": "14.10",
            "revenue": 111765
        },
        "2023-02": {
            "month": "2023-02",
            "price": "14.18",
            "revenue": 128910
        },
        "2023-03": {
            "month": "2023-03",
            "price": "13.97",
            "revenue": 145852
        },
        "2023-04": {
            "month": "2023-04",
            "price": "13.93",
            "revenue": 132629
        },
        "2023-05": {
            "month": "2023-05",
            "price": "13.79",
            "revenue": 135065
        },
        "2023-06": {
            "month": "2023-06",
            "price": "13.78",
            "revenue": 128466
        },
        "2023-07": {
            "month": "2023-07",
            "price": "13.64",
            "revenue": 107041
        },
        "2023-08": {
            "month": "2023-08",
            "price": "13.31",
            "revenue": 130850
        },
        "2023-09": {
            "month": "2023-09",
            "price": "12.54",
            "revenue": 152635
        },
        "2023-10": {
            "month": "2023-10",
            "price": "12.42",
            "revenue": 160199
        },
        "2023-11": {
            "month": "2023-11",
            "price": "12.91",
            "revenue": 168983
        },
        "2023-12": {
            "month": "2023-12",
            "price": "14.64",
            "revenue": 135035
        }
    }
}
