{
    "summary": {
        "stock_name": "淇譽電",
        "stock_id": "6247",
        "category": "其他電子",
        "main_business": "SPESKERS<br>DRIVER<br>OTHERS",
        "website_url": "http://www.jazzspeakers.com/",
        "ceo": "許文銓",
        "pe_ratio": -8,
        "report_year_from": 2002,
        "report_year_to": 2022,
        "age": 21,
        "eps_negative_percentage": 45,
        "eps_growth_avg": {
            "last_all": -25.93,
            "last_2y": null,
            "last_4y": null,
            "last_8y": -29.09,
            "last_12y": -36.69,
            "last_16y": -25.57,
            "last_20y": -25.93,
            "at_2006_last_3y": -42.64,
            "at_2007_last_3y": -67.08,
            "at_2008_last_3y": -48.9,
            "at_2009_last_3y": -11.67,
            "at_2010_last_3y": 4.87,
            "at_2011_last_3y": -10.41,
            "at_2012_last_3y": 1.27,
            "at_2013_last_3y": -48.1,
            "at_2014_last_3y": -100,
            "at_2015_last_3y": 100,
            "at_2016_last_3y": 6.37,
            "at_2017_last_3y": -29.09,
            "at_2018_last_3y": -29.09,
            "at_2019_last_3y": -93.63,
            "at_2020_last_3y": -100,
            "at_2021_last_3y": null,
            "at_2022_last_3y": null,
            "at_2023_last_3y": null,
            "at_2006_last_all": -35.85,
            "at_2007_last_all": -36.46,
            "at_2008_last_all": -37.96,
            "at_2009_last_all": -18.25,
            "at_2010_last_all": -15.49,
            "at_2011_last_all": -24.88,
            "at_2012_last_all": -24.88,
            "at_2013_last_all": -24.88,
            "at_2014_last_all": -24.88,
            "at_2015_last_all": -12.39,
            "at_2016_last_all": -19.2,
            "at_2017_last_all": -25.93,
            "at_2018_last_all": -25.93,
            "at_2019_last_all": -25.93,
            "at_2020_last_all": -25.93,
            "at_2021_last_all": -25.93,
            "at_2022_last_all": -25.93,
            "at_2023_last_all": -25.93
        },
        "latest_eps": -1.84,
        "latest_price": 15.45,
        "latest_roe": -24.67,
        "latest_gross_margin": 5.48,
        "latest_equity": 409864,
        "latest_revenue": 111944,
        "latest_gross_profit": 6135,
        "latest_net_income": -25101,
        "latest_debt_ratio": 63.14,
        "latest_current_ratio": 193.54,
        "latest_account_receivable_turnover_ratio": 1.46,
        "latest_inventory_turnover_ratio": 0.34,
        "latest_reinvestment_rate": null,
        "latest_research_to_sale_ratio": 16.39
    },
    "eps_dividends": {
        "2001": {
            "cash": 0,
            "stock": 0,
            "eps": 1.1
        },
        "2002": {
            "cash": 0,
            "stock": 0,
            "eps": 0.93
        },
        "2003": {
            "cash": 0.8,
            "stock": 0,
            "eps": 1.25
        },
        "2004": {
            "cash": 1,
            "stock": 0,
            "eps": -0.95
        },
        "2005": {
            "cash": 0.24,
            "stock": 0,
            "eps": 2.39
        },
        "2006": {
            "cash": 1.5,
            "stock": 0,
            "eps": 0.9
        },
        "2007": {
            "cash": 0.28,
            "stock": 0,
            "eps": 0.55
        },
        "2008": {
            "cash": 0.26,
            "stock": 0,
            "eps": 0.3
        },
        "2009": {
            "cash": 0.2,
            "stock": 0,
            "eps": 1.05
        },
        "2010": {
            "cash": 0.75,
            "stock": 0,
            "eps": 1.09
        },
        "2011": {
            "cash": 0.45,
            "stock": 0,
            "eps": -0.99
        },
        "2012": {
            "cash": 0.2,
            "stock": 0,
            "eps": -0.11
        },
        "2013": {
            "cash": 0.2,
            "stock": 0,
            "eps": -1.04
        },
        "2014": {
            "cash": 0,
            "stock": 0,
            "eps": 0.58
        },
        "2015": {
            "cash": 0.1,
            "stock": 0,
            "eps": 1.57
        },
        "2016": {
            "cash": 0.5,
            "stock": 0,
            "eps": 0.2
        },
        "2017": {
            "cash": 0.15,
            "stock": 0,
            "eps": -1.05
        },
        "2018": {
            "cash": 0.2,
            "stock": 0,
            "eps": -0.88
        },
        "2019": {
            "cash": 0,
            "stock": 0,
            "eps": -1.07
        },
        "2020": {
            "cash": 0,
            "stock": 0,
            "eps": -1.31
        },
        "2021": {
            "cash": 0,
            "stock": 0,
            "eps": -1.42
        },
        "2022": {
            "cash": 0,
            "stock": 0,
            "eps": -1.47
        }
    },
    "dividends": {
        "2003-06-19": {
            "cash": 0.8,
            "stock": 0
        },
        "2004-04-07": {
            "cash": 1,
            "stock": 0
        },
        "2005-04-06": {
            "cash": 0.24,
            "stock": 0
        },
        "2006-03-31": {
            "cash": 1.5,
            "stock": 0
        },
        "2007-04-02": {
            "cash": 0.28,
            "stock": 0
        },
        "2008-04-08": {
            "cash": 0.26,
            "stock": 0
        },
        "2009-04-07": {
            "cash": 0.2,
            "stock": 0
        },
        "2010-03-31": {
            "cash": 0.75,
            "stock": 0
        },
        "2011-03-30": {
            "cash": 0.45,
            "stock": 0
        },
        "2012-06-28": {
            "cash": 0.2,
            "stock": 0
        },
        "2013-06-27": {
            "cash": 0.2,
            "stock": 0
        },
        "2015-09-18": {
            "cash": 0.1,
            "stock": 0
        },
        "2016-09-23": {
            "cash": 0.5,
            "stock": 0
        },
        "2017-09-21": {
            "cash": 0.15,
            "stock": 0
        },
        "2018-09-21": {
            "cash": 0.2,
            "stock": 0
        }
    },
    "prices": {
        "200101": "無",
        "200102": "無",
        "200103": "無",
        "200104": "無",
        "200105": "無",
        "200106": "無",
        "200107": "無",
        "200108": "無",
        "200109": "無",
        "200110": "無",
        "200111": "無",
        "200112": "無",
        "200201": "無",
        "200202": "無",
        "200203": "無",
        "200204": "無",
        "200205": "無",
        "200206": "無",
        "200207": "無",
        "200208": "無",
        "200209": "無",
        "200210": "無",
        "200211": "無",
        "200212": "無",
        "200301": "無",
        "200302": "無",
        "200303": "無",
        "200304": "無",
        "200305": "無",
        "200306": "無",
        "200307": "20.80",
        "200308": "22.53",
        "200309": "23.20",
        "200310": "22.51",
        "200311": "22.92",
        "200312": "23.63",
        "200401": "22.84",
        "200402": "22.94",
        "200403": "21.75",
        "200404": "20.79",
        "200405": "18.08",
        "200406": "17.84",
        "200407": "17.05",
        "200408": "16.38",
        "200409": "16.21",
        "200410": "16.12",
        "200411": "15.35",
        "200412": "15.17",
        "200501": "14.52",
        "200502": "14.70",
        "200503": "14.61",
        "200504": "14.39",
        "200505": "14.40",
        "200506": "15.15",
        "200507": "17.10",
        "200508": "19.48",
        "200509": "21.01",
        "200510": "20.40",
        "200511": "20.99",
        "200512": "29.83",
        "200601": "32.98",
        "200602": "30.32",
        "200603": "30.84",
        "200604": "33.07",
        "200605": "30.10",
        "200606": "28.46",
        "200607": "27.14",
        "200608": "24.87",
        "200609": "25.21",
        "200610": "28.47",
        "200611": "27.92",
        "200612": "27.60",
        "200701": "25.59",
        "200702": "23.76",
        "200703": "22.90",
        "200704": "24.48",
        "200705": "25.33",
        "200706": "25.89",
        "200707": "26.52",
        "200708": "24.26",
        "200709": "23.58",
        "200710": "24.33",
        "200711": "23.14",
        "200712": "22.33",
        "200801": "20.96",
        "200802": "20.23",
        "200803": "20.23",
        "200804": "20.12",
        "200805": "19.45",
        "200806": "17.38",
        "200807": "15.75",
        "200808": "15.19",
        "200809": "14.44",
        "200810": "12.79",
        "200811": "12.32",
        "200812": "12.45",
        "200901": "12.52",
        "200902": "12.54",
        "200903": "12.77",
        "200904": "14.45",
        "200905": "15.50",
        "200906": "15.18",
        "200907": "15.88",
        "200908": "16.60",
        "200909": "18.06",
        "200910": "20.11",
        "200911": "19.69",
        "200912": "21.05",
        "201001": "20.28",
        "201002": "18.97",
        "201003": "20.38",
        "201004": "20.70",
        "201005": "19.75",
        "201006": "19.27",
        "201007": "19.41",
        "201008": "19.64",
        "201009": "19.92",
        "201010": "19.70",
        "201011": "19.39",
        "201012": "18.86",
        "201101": "18.25",
        "201102": "18.22",
        "201103": "17.48",
        "201104": "17.55",
        "201105": "16.64",
        "201106": "15.44",
        "201107": "14.84",
        "201108": "13.50",
        "201109": "13.08",
        "201110": "13.12",
        "201111": "12.42",
        "201112": "12.13",
        "201201": "12.38",
        "201202": "12.96",
        "201203": "13.04",
        "201204": "12.27",
        "201205": "12.15",
        "201206": "12.12",
        "201207": "12.09",
        "201208": "12.15",
        "201209": "12.07",
        "201210": "11.74",
        "201211": "11.51",
        "201212": "11.69",
        "201301": "11.67",
        "201302": "11.65",
        "201303": "11.24",
        "201304": "11.36",
        "201305": "11.63",
        "201306": "11.65",
        "201307": "11.54",
        "201308": "11.34",
        "201309": "11.26",
        "201310": "12.45",
        "201311": "11.90",
        "201312": "11.79",
        "201401": "11.99",
        "201402": "11.99",
        "201403": "11.58",
        "201404": "11.12",
        "201405": "11.37",
        "201406": "11.36",
        "201407": "11.37",
        "201408": "11.26",
        "201409": "11.28",
        "201410": "10.49",
        "201411": "10.47",
        "201412": "11.06",
        "201501": "11.68",
        "201502": "12.18",
        "201503": "15.77",
        "201504": "15.40",
        "201505": "16.35",
        "201506": "15.06",
        "201507": "13.91",
        "201508": "13.43",
        "201509": "12.24",
        "201510": "14.87",
        "201511": "14.44",
        "201512": "14.58",
        "201601": "12.42",
        "201602": "12.39",
        "201603": "12.48",
        "201604": "11.46",
        "201605": "10.66",
        "201606": "10.50",
        "201607": "10.37",
        "201608": "10.30",
        "201609": "9.50",
        "201610": "9.70",
        "201611": "9.55",
        "201612": "9.31",
        "201701": "9.70",
        "201702": "9.68",
        "201703": "9.81",
        "201704": "9.96",
        "201705": "10.09",
        "201706": "10.27",
        "201707": "10.21",
        "201708": "9.82",
        "201709": "12.59",
        "201710": "12.19",
        "201711": "11.24",
        "201712": "10.74",
        "201801": "10.73",
        "201802": "11.60",
        "201803": "15.51",
        "201804": "15.19",
        "201805": "13.20",
        "201806": "13.39",
        "201807": "12.44",
        "201808": "12.00",
        "201809": "11.78",
        "201810": "10.78",
        "201811": "10.71",
        "201812": "10.34",
        "201901": "10.17",
        "201902": "10.06",
        "201903": "9.89",
        "201904": "10.62",
        "201905": "11.26",
        "201906": "10.72",
        "201907": "10.56",
        "201908": "10.31",
        "201909": "10.33",
        "201910": "10.33",
        "201911": "10.04",
        "201912": "9.90",
        "202001": "9.87",
        "202002": "9.77",
        "202003": "9.15",
        "202004": "9.46",
        "202005": "9.50",
        "202006": "9.25",
        "202007": "9.09",
        "202008": "9.08",
        "202009": "9.39",
        "202010": "9.45",
        "202011": "9.59",
        "202012": "9.57",
        "202101": "9.58",
        "202102": "9.58",
        "202103": "10.41",
        "202104": "11.28",
        "202105": "10.17",
        "202106": "9.92",
        "202107": "10.29",
        "202108": "9.98",
        "202109": "9.90",
        "202110": "9.93",
        "202111": "10.02",
        "202112": "11.26",
        "202201": "11.79",
        "202202": "11.09",
        "202203": "10.60",
        "202204": "10.79",
        "202205": "10.27",
        "202206": "10.46",
        "202207": "9.98",
        "202208": "10.94",
        "202209": "10.93",
        "202210": "13.35",
        "202211": "15.34",
        "202212": "15.37",
        "202301": "15.40",
        "202302": "15.45",
        "202303": "無",
        "202304": "無",
        "202305": "無"
    },
    "quarters": {
        "20011": {
            "year_quarter": 20011,
            "year": 2001,
            "quarter": 1,
            "eps": null,
            "eps_growth_year": null,
            "eps_4q": null,
            "eps_4q_growth_year": null,
            "roe": null,
            "roe_4q": 0,
            "gross_profit": null,
            "gross_margin": null,
            "gross_margin_4q_avg": 0,
            "net_income": null,
            "revenue": null,
            "common_shares": null,
            "book_valuer_per_share": null,
            "book_valuer_per_share_4q_avg": 0,
            "equity": null,
            "current_ratio": null,
            "debt_ratio": null,
            "inventory_turnover_ratio": null,
            "account_receivable_turnover_ratio": null,
            "reinvestment_rate": null,
            "research_to_sale_ratio": null,
            "price_fair": 0,
            "eps_avg_yearly": 0,
            "eps_latest_yearly": 0,
            "eps_growth_yearly": 0
        },
        "20012": {
            "year_quarter": 20012,
            "year": 2001,
            "quarter": 2,
            "eps": null,
            "eps_growth_year": null,
            "eps_4q": null,
            "eps_4q_growth_year": null,
            "roe": null,
            "roe_4q": 0,
            "gross_profit": null,
            "gross_margin": null,
            "gross_margin_4q_avg": 0,
            "net_income": null,
            "revenue": null,
            "common_shares": null,
            "book_valuer_per_share": null,
            "book_valuer_per_share_4q_avg": 0,
            "equity": null,
            "current_ratio": null,
            "debt_ratio": null,
            "inventory_turnover_ratio": null,
            "account_receivable_turnover_ratio": null,
            "reinvestment_rate": null,
            "research_to_sale_ratio": null,
            "price_fair": 0,
            "eps_avg_yearly": 0,
            "eps_latest_yearly": 0,
            "eps_growth_yearly": 0
        },
        "20013": {
            "year_quarter": 20013,
            "year": 2001,
            "quarter": 3,
            "eps": 0.26,
            "eps_growth_year": null,
            "eps_4q": null,
            "eps_4q_growth_year": null,
            "roe": 1.98,
            "roe_4q": 1.98,
            "gross_profit": 54805,
            "gross_margin": 23.21,
            "gross_margin_4q_avg": 7.74,
            "net_income": 15638,
            "revenue": 236168,
            "common_shares": 603210,
            "book_valuer_per_share": 13.09,
            "book_valuer_per_share_4q_avg": 4.36,
            "equity": 789682,
            "current_ratio": 143.76,
            "debt_ratio": 22.14,
            "inventory_turnover_ratio": 5.25,
            "account_receivable_turnover_ratio": null,
            "reinvestment_rate": null,
            "research_to_sale_ratio": null,
            "price_fair": 0,
            "eps_avg_yearly": 0,
            "eps_latest_yearly": 0,
            "eps_growth_yearly": 0
        },
        "20014": {
            "year_quarter": 20014,
            "year": 2001,
            "quarter": 4,
            "eps": 0.84,
            "eps_growth_year": null,
            "eps_4q": null,
            "eps_4q_growth_year": null,
            "roe": 6.23,
            "roe_4q": 8.21,
            "gross_profit": 75716,
            "gross_margin": 20.85,
            "gross_margin_4q_avg": 11.02,
            "net_income": 50966,
            "revenue": 363088,
            "common_shares": 603210,
            "book_valuer_per_share": 14.03,
            "book_valuer_per_share_4q_avg": 6.78,
            "equity": 846194,
            "current_ratio": 131.43,
            "debt_ratio": 51.11,
            "inventory_turnover_ratio": 2.99,
            "account_receivable_turnover_ratio": null,
            "reinvestment_rate": null,
            "research_to_sale_ratio": null,
            "price_fair": 0,
            "eps_avg_yearly": 0,
            "eps_latest_yearly": 0,
            "eps_growth_yearly": 0
        },
        "20021": {
            "year_quarter": 20021,
            "year": 2002,
            "quarter": 1,
            "eps": 0.47,
            "eps_growth_year": null,
            "eps_4q": null,
            "eps_4q_growth_year": null,
            "roe": 3.29,
            "roe_4q": 11.5,
            "gross_profit": 82740,
            "gross_margin": 24.74,
            "gross_margin_4q_avg": 17.2,
            "net_income": 28266,
            "revenue": 334451,
            "common_shares": 603210,
            "book_valuer_per_share": 14.49,
            "book_valuer_per_share_4q_avg": 10.4,
            "equity": 874290,
            "current_ratio": 176.68,
            "debt_ratio": 20.64,
            "inventory_turnover_ratio": 1.6,
            "account_receivable_turnover_ratio": null,
            "reinvestment_rate": null,
            "research_to_sale_ratio": null,
            "price_fair": 5.64,
            "eps_avg_yearly": 1.88,
            "eps_latest_yearly": 1.88,
            "eps_growth_yearly": -176.19
        },
        "20022": {
            "year_quarter": 20022,
            "year": 2002,
            "quarter": 2,
            "eps": 0.08,
            "eps_growth_year": null,
            "eps_4q": 1.75,
            "eps_4q_growth_year": null,
            "roe": 0.53,
            "roe_4q": 12.030000000000001,
            "gross_profit": 64041,
            "gross_margin": 22.8,
            "gross_margin_4q_avg": 22.9,
            "net_income": 4540,
            "revenue": 280866,
            "common_shares": 603210,
            "book_valuer_per_share": 13.81,
            "book_valuer_per_share_4q_avg": 13.86,
            "equity": 832945,
            "current_ratio": 177.36,
            "debt_ratio": 19.47,
            "inventory_turnover_ratio": 9,
            "account_receivable_turnover_ratio": null,
            "reinvestment_rate": null,
            "research_to_sale_ratio": null,
            "price_fair": 3.3,
            "eps_avg_yearly": 1.1,
            "eps_latest_yearly": 0.32,
            "eps_growth_yearly": -254.05
        },
        "20023": {
            "year_quarter": 20023,
            "year": 2002,
            "quarter": 3,
            "eps": -0.06,
            "eps_growth_year": -123.08,
            "eps_4q": 1.32,
            "eps_4q_growth_year": null,
            "roe": -0.47,
            "roe_4q": 9.58,
            "gross_profit": 46910,
            "gross_margin": 19.81,
            "gross_margin_4q_avg": 22.05,
            "net_income": -3916,
            "revenue": 236825,
            "common_shares": 603210,
            "book_valuer_per_share": 13.93,
            "book_valuer_per_share_4q_avg": 14.07,
            "equity": 840507,
            "current_ratio": 178.32,
            "debt_ratio": 18.03,
            "inventory_turnover_ratio": 8.45,
            "account_receivable_turnover_ratio": null,
            "reinvestment_rate": null,
            "research_to_sale_ratio": null,
            "price_fair": 3.3,
            "eps_avg_yearly": 1.1,
            "eps_latest_yearly": 0.32,
            "eps_growth_yearly": -254.05
        },
        "20024": {
            "year_quarter": 20024,
            "year": 2002,
            "quarter": 4,
            "eps": 0.44,
            "eps_growth_year": -47.62,
            "eps_4q": 0.92,
            "eps_4q_growth_year": null,
            "roe": 3.09,
            "roe_4q": 6.44,
            "gross_profit": 68192,
            "gross_margin": 19.32,
            "gross_margin_4q_avg": 21.67,
            "net_income": 26341,
            "revenue": 353033,
            "common_shares": 603210,
            "book_valuer_per_share": 14.33,
            "book_valuer_per_share_4q_avg": 14.14,
            "equity": 864308,
            "current_ratio": 98.22,
            "debt_ratio": 49.76,
            "inventory_turnover_ratio": 2.63,
            "account_receivable_turnover_ratio": null,
            "reinvestment_rate": null,
            "research_to_sale_ratio": null,
            "price_fair": 3.3,
            "eps_avg_yearly": 1.1,
            "eps_latest_yearly": 0.32,
            "eps_growth_yearly": -254.05
        },
        "20031": {
            "year_quarter": 20031,
            "year": 2003,
            "quarter": 1,
            "eps": 0,
            "eps_growth_year": -100,
            "eps_4q": 0.45,
            "eps_4q_growth_year": null,
            "roe": 0.02,
            "roe_4q": 3.17,
            "gross_profit": 57578,
            "gross_margin": 22.81,
            "gross_margin_4q_avg": 21.19,
            "net_income": 170,
            "revenue": 252408,
            "common_shares": 603210,
            "book_valuer_per_share": 14.32,
            "book_valuer_per_share_4q_avg": 14.1,
            "equity": 863680,
            "current_ratio": 172.84,
            "debt_ratio": 19.91,
            "inventory_turnover_ratio": 1.75,
            "account_receivable_turnover_ratio": null,
            "reinvestment_rate": null,
            "research_to_sale_ratio": null,
            "price_fair": 3.3,
            "eps_avg_yearly": 1.1,
            "eps_latest_yearly": 0.32,
            "eps_growth_yearly": -254.05
        },
        "20032": {
            "year_quarter": 20032,
            "year": 2003,
            "quarter": 2,
            "eps": 0.05,
            "eps_growth_year": -37.5,
            "eps_4q": 0.45,
            "eps_4q_growth_year": -74.28,
            "roe": 0.34,
            "roe_4q": 2.9799999999999995,
            "gross_profit": 53385,
            "gross_margin": 22.37,
            "gross_margin_4q_avg": 21.08,
            "net_income": 2820,
            "revenue": 238622,
            "common_shares": 603210,
            "book_valuer_per_share": 13.48,
            "book_valuer_per_share_4q_avg": 14.02,
            "equity": 812979,
            "current_ratio": 134.4,
            "debt_ratio": 29.03,
            "inventory_turnover_ratio": 6.55,
            "account_receivable_turnover_ratio": null,
            "reinvestment_rate": null,
            "research_to_sale_ratio": null,
            "price_fair": 3.3,
            "eps_avg_yearly": 1.1,
            "eps_latest_yearly": 0.32,
            "eps_growth_yearly": -254.05
        },
        "20033": {
            "year_quarter": 20033,
            "year": 2003,
            "quarter": 3,
            "eps": 0.55,
            "eps_growth_year": null,
            "eps_4q": 1.04,
            "eps_4q_growth_year": -21.52,
            "roe": 4,
            "roe_4q": 7.449999999999999,
            "gross_profit": 73352,
            "gross_margin": 22.57,
            "gross_margin_4q_avg": 21.77,
            "net_income": 32993,
            "revenue": 324990,
            "common_shares": 603210,
            "book_valuer_per_share": 13.86,
            "book_valuer_per_share_4q_avg": 14,
            "equity": 836326,
            "current_ratio": 157.35,
            "debt_ratio": 22.72,
            "inventory_turnover_ratio": 7.83,
            "account_receivable_turnover_ratio": null,
            "reinvestment_rate": null,
            "research_to_sale_ratio": null,
            "price_fair": 51.33,
            "eps_avg_yearly": 1.47,
            "eps_latest_yearly": 2.2,
            "eps_growth_yearly": 1163.96
        },
        "20034": {
            "year_quarter": 20034,
            "year": 2003,
            "quarter": 4,
            "eps": 0.65,
            "eps_growth_year": 47.73,
            "eps_4q": 1.25,
            "eps_4q_growth_year": 35.08,
            "roe": 4.58,
            "roe_4q": 8.94,
            "gross_profit": 83152,
            "gross_margin": 21.33,
            "gross_margin_4q_avg": 22.27,
            "net_income": 39226,
            "revenue": 389752,
            "common_shares": 603210,
            "book_valuer_per_share": 14.55,
            "book_valuer_per_share_4q_avg": 14.05,
            "equity": 877965,
            "current_ratio": 102.04,
            "debt_ratio": 48.59,
            "inventory_turnover_ratio": 2.37,
            "account_receivable_turnover_ratio": null,
            "reinvestment_rate": null,
            "research_to_sale_ratio": null,
            "price_fair": 61.25,
            "eps_avg_yearly": 1.75,
            "eps_latest_yearly": 2.6,
            "eps_growth_yearly": 891.16
        },
        "20041": {
            "year_quarter": 20041,
            "year": 2004,
            "quarter": 1,
            "eps": -0.09,
            "eps_growth_year": null,
            "eps_4q": 1.18,
            "eps_4q_growth_year": 161.4,
            "roe": -0.61,
            "roe_4q": 8.31,
            "gross_profit": 51481,
            "gross_margin": 19.68,
            "gross_margin_4q_avg": 21.49,
            "net_income": -5335,
            "revenue": 261641,
            "common_shares": 603210,
            "book_valuer_per_share": 14.29,
            "book_valuer_per_share_4q_avg": 14.05,
            "equity": 862272,
            "current_ratio": 206.24,
            "debt_ratio": 16.98,
            "inventory_turnover_ratio": 1.64,
            "account_receivable_turnover_ratio": null,
            "reinvestment_rate": null,
            "research_to_sale_ratio": null,
            "price_fair": 61.25,
            "eps_avg_yearly": 1.75,
            "eps_latest_yearly": 2.6,
            "eps_growth_yearly": 891.16
        },
        "20042": {
            "year_quarter": 20042,
            "year": 2004,
            "quarter": 2,
            "eps": -0.25,
            "eps_growth_year": -600,
            "eps_4q": 0.85,
            "eps_4q_growth_year": 89.73,
            "roe": -1.85,
            "roe_4q": 6.12,
            "gross_profit": 32388,
            "gross_margin": 16.99,
            "gross_margin_4q_avg": 20.14,
            "net_income": -15311,
            "revenue": 190671,
            "common_shares": 603210,
            "book_valuer_per_share": 13.08,
            "book_valuer_per_share_4q_avg": 13.95,
            "equity": 788815,
            "current_ratio": 157.2,
            "debt_ratio": 20.11,
            "inventory_turnover_ratio": 4.89,
            "account_receivable_turnover_ratio": null,
            "reinvestment_rate": null,
            "research_to_sale_ratio": null,
            "price_fair": 61.25,
            "eps_avg_yearly": 1.75,
            "eps_latest_yearly": 2.6,
            "eps_growth_yearly": 891.16
        },
        "20043": {
            "year_quarter": 20043,
            "year": 2004,
            "quarter": 3,
            "eps": -0.04,
            "eps_growth_year": -107.27,
            "eps_4q": 0.27,
            "eps_4q_growth_year": -73.94,
            "roe": -0.29,
            "roe_4q": 1.83,
            "gross_profit": 42964,
            "gross_margin": 14.53,
            "gross_margin_4q_avg": 18.13,
            "net_income": -2249,
            "revenue": 295787,
            "common_shares": 603210,
            "book_valuer_per_share": 13.08,
            "book_valuer_per_share_4q_avg": 13.75,
            "equity": 788845,
            "current_ratio": 141.7,
            "debt_ratio": 26.02,
            "inventory_turnover_ratio": 7.94,
            "account_receivable_turnover_ratio": null,
            "reinvestment_rate": null,
            "research_to_sale_ratio": null,
            "price_fair": 61.25,
            "eps_avg_yearly": 1.75,
            "eps_latest_yearly": 2.6,
            "eps_growth_yearly": 891.16
        },
        "20044": {
            "year_quarter": 20044,
            "year": 2004,
            "quarter": 4,
            "eps": -0.57,
            "eps_growth_year": -187.69,
            "eps_4q": -0.95,
            "eps_4q_growth_year": -176.23,
            "roe": -4.49,
            "roe_4q": -7.240000000000001,
            "gross_profit": 38887,
            "gross_margin": 10.82,
            "gross_margin_4q_avg": 15.51,
            "net_income": -34124,
            "revenue": 359526,
            "common_shares": 603210,
            "book_valuer_per_share": 12.12,
            "book_valuer_per_share_4q_avg": 13.14,
            "equity": 730939,
            "current_ratio": 93.98,
            "debt_ratio": 55.54,
            "inventory_turnover_ratio": 2.44,
            "account_receivable_turnover_ratio": null,
            "reinvestment_rate": null,
            "research_to_sale_ratio": null,
            "price_fair": 61.25,
            "eps_avg_yearly": 1.75,
            "eps_latest_yearly": 2.6,
            "eps_growth_yearly": 891.16
        },
        "20051": {
            "year_quarter": 20051,
            "year": 2005,
            "quarter": 1,
            "eps": 0.14,
            "eps_growth_year": null,
            "eps_4q": -0.74,
            "eps_4q_growth_year": -162.51,
            "roe": 1.13,
            "roe_4q": -5.5,
            "gross_profit": 54711,
            "gross_margin": 15.27,
            "gross_margin_4q_avg": 14.4,
            "net_income": 8269,
            "revenue": 358324,
            "common_shares": 603210,
            "book_valuer_per_share": 12.24,
            "book_valuer_per_share_4q_avg": 12.63,
            "equity": 738091,
            "current_ratio": 137.38,
            "debt_ratio": 29.54,
            "inventory_turnover_ratio": 2.18,
            "account_receivable_turnover_ratio": null,
            "reinvestment_rate": null,
            "research_to_sale_ratio": null,
            "price_fair": 61.25,
            "eps_avg_yearly": 1.75,
            "eps_latest_yearly": 2.6,
            "eps_growth_yearly": 891.16
        },
        "20052": {
            "year_quarter": 20052,
            "year": 2005,
            "quarter": 2,
            "eps": 0.65,
            "eps_growth_year": null,
            "eps_4q": 0.18,
            "eps_4q_growth_year": -78.45,
            "roe": 5.23,
            "roe_4q": 1.58,
            "gross_profit": 70740,
            "gross_margin": 16.2,
            "gross_margin_4q_avg": 14.21,
            "net_income": 39221,
            "revenue": 436774,
            "common_shares": 603210,
            "book_valuer_per_share": 12.64,
            "book_valuer_per_share_4q_avg": 12.52,
            "equity": 762613,
            "current_ratio": 129.4,
            "debt_ratio": 35.66,
            "inventory_turnover_ratio": 8.86,
            "account_receivable_turnover_ratio": null,
            "reinvestment_rate": 145.79,
            "research_to_sale_ratio": null,
            "price_fair": 67.2,
            "eps_avg_yearly": 1.92,
            "eps_latest_yearly": 2.6,
            "eps_growth_yearly": 1004.35
        },
        "20053": {
            "year_quarter": 20053,
            "year": 2005,
            "quarter": 3,
            "eps": 1.04,
            "eps_growth_year": null,
            "eps_4q": 1.26,
            "eps_4q_growth_year": 365.88,
            "roe": 7.8,
            "roe_4q": 9.67,
            "gross_profit": 78338,
            "gross_margin": 16.2,
            "gross_margin_4q_avg": 14.62,
            "net_income": 62817,
            "revenue": 483486,
            "common_shares": 603210,
            "book_valuer_per_share": 14.07,
            "book_valuer_per_share_4q_avg": 12.77,
            "equity": 848524,
            "current_ratio": 142.72,
            "debt_ratio": 31.18,
            "inventory_turnover_ratio": 11.52,
            "account_receivable_turnover_ratio": null,
            "reinvestment_rate": -8.5,
            "research_to_sale_ratio": null,
            "price_fair": 80.27,
            "eps_avg_yearly": 2.29,
            "eps_latest_yearly": 4.16,
            "eps_growth_yearly": 876.96
        },
        "20054": {
            "year_quarter": 20054,
            "year": 2005,
            "quarter": 4,
            "eps": 0.56,
            "eps_growth_year": null,
            "eps_4q": 2.39,
            "eps_4q_growth_year": null,
            "roe": 3.9,
            "roe_4q": 18.06,
            "gross_profit": 84079,
            "gross_margin": 16.5,
            "gross_margin_4q_avg": 16.04,
            "net_income": 33697,
            "revenue": 509479,
            "common_shares": 603210,
            "book_valuer_per_share": 14.59,
            "book_valuer_per_share_4q_avg": 13.39,
            "equity": 879940,
            "current_ratio": 108.92,
            "debt_ratio": 49.13,
            "inventory_turnover_ratio": 3.63,
            "account_receivable_turnover_ratio": null,
            "reinvestment_rate": -30.5,
            "research_to_sale_ratio": null,
            "price_fair": 80,
            "eps_avg_yearly": 2.29,
            "eps_latest_yearly": 2.24,
            "eps_growth_yearly": 725.31
        },
        "20061": {
            "year_quarter": 20061,
            "year": 2006,
            "quarter": 1,
            "eps": 0.12,
            "eps_growth_year": -14.29,
            "eps_4q": 2.38,
            "eps_4q_growth_year": null,
            "roe": 0.82,
            "roe_4q": 17.75,
            "gross_profit": 50812,
            "gross_margin": 16.03,
            "gross_margin_4q_avg": 16.23,
            "net_income": 7210,
            "revenue": 316985,
            "common_shares": 603210,
            "book_valuer_per_share": 14.66,
            "book_valuer_per_share_4q_avg": 13.99,
            "equity": 884082,
            "current_ratio": 183.81,
            "debt_ratio": 20.84,
            "inventory_turnover_ratio": 2.32,
            "account_receivable_turnover_ratio": null,
            "reinvestment_rate": -7.22,
            "research_to_sale_ratio": null,
            "price_fair": 73,
            "eps_avg_yearly": 2.09,
            "eps_latest_yearly": 0.48,
            "eps_growth_yearly": 705.58
        },
        "20062": {
            "year_quarter": 20062,
            "year": 2006,
            "quarter": 2,
            "eps": 0.05,
            "eps_growth_year": -92.31,
            "eps_4q": 1.85,
            "eps_4q_growth_year": 903.19,
            "roe": 0.35,
            "roe_4q": 12.870000000000001,
            "gross_profit": 51190,
            "gross_margin": 15.09,
            "gross_margin_4q_avg": 15.96,
            "net_income": 2884,
            "revenue": 339221,
            "common_shares": 603210,
            "book_valuer_per_share": 12.99,
            "book_valuer_per_share_4q_avg": 14.08,
            "equity": 783343,
            "current_ratio": 116.49,
            "debt_ratio": 34.36,
            "inventory_turnover_ratio": 8.99,
            "account_receivable_turnover_ratio": null,
            "reinvestment_rate": -1.16,
            "research_to_sale_ratio": null,
            "price_fair": 72.4,
            "eps_avg_yearly": 2.07,
            "eps_latest_yearly": 0.2,
            "eps_growth_yearly": 719.66
        },
        "20063": {
            "year_quarter": 20063,
            "year": 2006,
            "quarter": 3,
            "eps": 0.49,
            "eps_growth_year": -52.88,
            "eps_4q": 1.21,
            "eps_4q_growth_year": -4.04,
            "roe": 3.7,
            "roe_4q": 8.77,
            "gross_profit": 78824,
            "gross_margin": 15.15,
            "gross_margin_4q_avg": 15.69,
            "net_income": 29787,
            "revenue": 520156,
            "common_shares": 603210,
            "book_valuer_per_share": 13.69,
            "book_valuer_per_share_4q_avg": 13.98,
            "equity": 825847,
            "current_ratio": 115.03,
            "debt_ratio": 41.4,
            "inventory_turnover_ratio": 11.16,
            "account_receivable_turnover_ratio": null,
            "reinvestment_rate": 1.84,
            "research_to_sale_ratio": null,
            "price_fair": 71.93,
            "eps_avg_yearly": 2.06,
            "eps_latest_yearly": 1.96,
            "eps_growth_yearly": 1069.7
        },
        "20064": {
            "year_quarter": 20064,
            "year": 2006,
            "quarter": 4,
            "eps": 0.24,
            "eps_growth_year": -57.14,
            "eps_4q": 0.91,
            "eps_4q_growth_year": -61.88,
            "roe": 1.71,
            "roe_4q": 6.58,
            "gross_profit": 81409,
            "gross_margin": 15.74,
            "gross_margin_4q_avg": 15.5,
            "net_income": 14237,
            "revenue": 517264,
            "common_shares": 603210,
            "book_valuer_per_share": 13.9,
            "book_valuer_per_share_4q_avg": 13.81,
            "equity": 838704,
            "current_ratio": 98.65,
            "debt_ratio": 58.2,
            "inventory_turnover_ratio": 2.05,
            "account_receivable_turnover_ratio": null,
            "reinvestment_rate": -24.03,
            "research_to_sale_ratio": null,
            "price_fair": 67.67,
            "eps_avg_yearly": 1.93,
            "eps_latest_yearly": 0.96,
            "eps_growth_yearly": 928.17
        },
        "20071": {
            "year_quarter": 20071,
            "year": 2007,
            "quarter": 1,
            "eps": 0.02,
            "eps_growth_year": -83.33,
            "eps_4q": 0.73,
            "eps_4q_growth_year": -69.31,
            "roe": 0.16,
            "roe_4q": 5.92,
            "gross_profit": 61812,
            "gross_margin": 17.57,
            "gross_margin_4q_avg": 15.89,
            "net_income": 1321,
            "revenue": 351724,
            "common_shares": 603210,
            "book_valuer_per_share": 14.09,
            "book_valuer_per_share_4q_avg": 13.67,
            "equity": 849823,
            "current_ratio": 119.77,
            "debt_ratio": 39.18,
            "inventory_turnover_ratio": 1.08,
            "account_receivable_turnover_ratio": null,
            "reinvestment_rate": -2.02,
            "research_to_sale_ratio": null,
            "price_fair": 61.18,
            "eps_avg_yearly": 1.75,
            "eps_latest_yearly": 0.08,
            "eps_growth_yearly": 798.69
        },
        "20072": {
            "year_quarter": 20072,
            "year": 2007,
            "quarter": 2,
            "eps": 0.05,
            "eps_growth_year": 0,
            "eps_4q": 0.74,
            "eps_4q_growth_year": -59.8,
            "roe": 0.39,
            "roe_4q": 5.96,
            "gross_profit": 68971,
            "gross_margin": 15.72,
            "gross_margin_4q_avg": 16.05,
            "net_income": 3272,
            "revenue": 438701,
            "common_shares": 603210,
            "book_valuer_per_share": 13.84,
            "book_valuer_per_share_4q_avg": 13.88,
            "equity": 834984,
            "current_ratio": 123.93,
            "debt_ratio": 34.82,
            "inventory_turnover_ratio": 2.53,
            "account_receivable_turnover_ratio": null,
            "reinvestment_rate": -4.17,
            "research_to_sale_ratio": null,
            "price_fair": 56.25,
            "eps_avg_yearly": 1.61,
            "eps_latest_yearly": 0.2,
            "eps_growth_yearly": 780.63
        },
        "20073": {
            "year_quarter": 20073,
            "year": 2007,
            "quarter": 3,
            "eps": 0.19,
            "eps_growth_year": -61.22,
            "eps_4q": 0.5,
            "eps_4q_growth_year": -58.85,
            "roe": 1.38,
            "roe_4q": 3.6399999999999997,
            "gross_profit": 79214,
            "gross_margin": 14.29,
            "gross_margin_4q_avg": 15.83,
            "net_income": 11614,
            "revenue": 554483,
            "common_shares": 603210,
            "book_valuer_per_share": 14.06,
            "book_valuer_per_share_4q_avg": 13.97,
            "equity": 848391,
            "current_ratio": 119.79,
            "debt_ratio": 42.09,
            "inventory_turnover_ratio": 4.02,
            "account_receivable_turnover_ratio": null,
            "reinvestment_rate": -2.56,
            "research_to_sale_ratio": null,
            "price_fair": 51.67,
            "eps_avg_yearly": 1.48,
            "eps_latest_yearly": 0.76,
            "eps_growth_yearly": 518.81
        },
        "20074": {
            "year_quarter": 20074,
            "year": 2007,
            "quarter": 4,
            "eps": 0.29,
            "eps_growth_year": 20.83,
            "eps_4q": 0.55,
            "eps_4q_growth_year": -39.18,
            "roe": 2.06,
            "roe_4q": 3.99,
            "gross_profit": 82150,
            "gross_margin": 13.6,
            "gross_margin_4q_avg": 15.3,
            "net_income": 17745,
            "revenue": 604152,
            "common_shares": 603210,
            "book_valuer_per_share": 14.48,
            "book_valuer_per_share_4q_avg": 14.12,
            "equity": 873713,
            "current_ratio": 100.96,
            "debt_ratio": 56,
            "inventory_turnover_ratio": 2.88,
            "account_receivable_turnover_ratio": null,
            "reinvestment_rate": -17.24,
            "research_to_sale_ratio": null,
            "price_fair": 47.09,
            "eps_avg_yearly": 1.35,
            "eps_latest_yearly": 1.16,
            "eps_growth_yearly": 531.34
        },
        "20081": {
            "year_quarter": 20081,
            "year": 2008,
            "quarter": 1,
            "eps": -0.4,
            "eps_growth_year": -2100,
            "eps_4q": 0.14,
            "eps_4q_growth_year": -81.33,
            "roe": -2.85,
            "roe_4q": 0.9799999999999999,
            "gross_profit": 70744,
            "gross_margin": 19.62,
            "gross_margin_4q_avg": 15.81,
            "net_income": -24337,
            "revenue": 360621,
            "common_shares": 603210,
            "book_valuer_per_share": 13.86,
            "book_valuer_per_share_4q_avg": 14.06,
            "equity": 836087,
            "current_ratio": 98.85,
            "debt_ratio": 51.35,
            "inventory_turnover_ratio": 1.1,
            "account_receivable_turnover_ratio": null,
            "reinvestment_rate": 303.69,
            "research_to_sale_ratio": null,
            "price_fair": 47.09,
            "eps_avg_yearly": 1.35,
            "eps_latest_yearly": 1.16,
            "eps_growth_yearly": 531.34
        },
        "20082": {
            "year_quarter": 20082,
            "year": 2008,
            "quarter": 2,
            "eps": 0.19,
            "eps_growth_year": 280,
            "eps_4q": 0.28,
            "eps_4q_growth_year": -62.96,
            "roe": 1.34,
            "roe_4q": 1.93,
            "gross_profit": 73855,
            "gross_margin": 15.7,
            "gross_margin_4q_avg": 15.8,
            "net_income": 11200,
            "revenue": 470512,
            "common_shares": 603210,
            "book_valuer_per_share": 13.9,
            "book_valuer_per_share_4q_avg": 14.08,
            "equity": 838431,
            "current_ratio": 99.04,
            "debt_ratio": 52.24,
            "inventory_turnover_ratio": 1.54,
            "account_receivable_turnover_ratio": null,
            "reinvestment_rate": 262.79,
            "research_to_sale_ratio": null,
            "price_fair": 47.09,
            "eps_avg_yearly": 1.35,
            "eps_latest_yearly": 1.16,
            "eps_growth_yearly": 531.34
        },
        "20083": {
            "year_quarter": 20083,
            "year": 2008,
            "quarter": 3,
            "eps": 0.38,
            "eps_growth_year": 100,
            "eps_4q": 0.46,
            "eps_4q_growth_year": -8.37,
            "roe": 2.67,
            "roe_4q": 3.2199999999999998,
            "gross_profit": 80242,
            "gross_margin": 16.79,
            "gross_margin_4q_avg": 16.43,
            "net_income": 22935,
            "revenue": 478015,
            "common_shares": 603210,
            "book_valuer_per_share": 14.55,
            "book_valuer_per_share_4q_avg": 14.2,
            "equity": 877761,
            "current_ratio": 102.37,
            "debt_ratio": 53.83,
            "inventory_turnover_ratio": 1.38,
            "account_receivable_turnover_ratio": null,
            "reinvestment_rate": 234.83,
            "research_to_sale_ratio": null,
            "price_fair": 47.6,
            "eps_avg_yearly": 1.36,
            "eps_latest_yearly": 1.52,
            "eps_growth_yearly": 520.39
        },
        "20084": {
            "year_quarter": 20084,
            "year": 2008,
            "quarter": 4,
            "eps": 0.13,
            "eps_growth_year": -55.17,
            "eps_4q": 0.29,
            "eps_4q_growth_year": -48.25,
            "roe": 0.91,
            "roe_4q": 2.07,
            "gross_profit": 92514,
            "gross_margin": 17.83,
            "gross_margin_4q_avg": 17.49,
            "net_income": 8105,
            "revenue": 518816,
            "common_shares": 603210,
            "book_valuer_per_share": 14.97,
            "book_valuer_per_share_4q_avg": 14.32,
            "equity": 902898,
            "current_ratio": 104.01,
            "debt_ratio": 49.71,
            "inventory_turnover_ratio": 1.37,
            "account_receivable_turnover_ratio": 3.27,
            "reinvestment_rate": 21.48,
            "research_to_sale_ratio": null,
            "price_fair": 45.34,
            "eps_avg_yearly": 1.3,
            "eps_latest_yearly": 0.52,
            "eps_growth_yearly": 460.12
        },
        "20091": {
            "year_quarter": 20091,
            "year": 2009,
            "quarter": 1,
            "eps": -0.07,
            "eps_growth_year": null,
            "eps_4q": 0.63,
            "eps_4q_growth_year": 365.2,
            "roe": -0.44,
            "roe_4q": 4.48,
            "gross_profit": 46958,
            "gross_margin": 16.68,
            "gross_margin_4q_avg": 16.75,
            "net_income": -3987,
            "revenue": 281486,
            "common_shares": 603210,
            "book_valuer_per_share": 15.09,
            "book_valuer_per_share_4q_avg": 14.63,
            "equity": 909995,
            "current_ratio": 106.49,
            "debt_ratio": 45.28,
            "inventory_turnover_ratio": 0.83,
            "account_receivable_turnover_ratio": 1.14,
            "reinvestment_rate": 207.86,
            "research_to_sale_ratio": null,
            "price_fair": 45.34,
            "eps_avg_yearly": 1.3,
            "eps_latest_yearly": 0.52,
            "eps_growth_yearly": 460.12
        },
        "20092": {
            "year_quarter": 20092,
            "year": 2009,
            "quarter": 2,
            "eps": 0.06,
            "eps_growth_year": -68.42,
            "eps_4q": 0.52,
            "eps_4q_growth_year": 88.8,
            "roe": 0.39,
            "roe_4q": 3.5300000000000002,
            "gross_profit": 74906,
            "gross_margin": 18.98,
            "gross_margin_4q_avg": 17.57,
            "net_income": 3532,
            "revenue": 394601,
            "common_shares": 603210,
            "book_valuer_per_share": 14.72,
            "book_valuer_per_share_4q_avg": 14.83,
            "equity": 888103,
            "current_ratio": 115.89,
            "debt_ratio": 50.08,
            "inventory_turnover_ratio": 1.19,
            "account_receivable_turnover_ratio": 1.9,
            "reinvestment_rate": 230.51,
            "research_to_sale_ratio": null,
            "price_fair": 41.53,
            "eps_avg_yearly": 1.19,
            "eps_latest_yearly": 0.52,
            "eps_growth_yearly": 377.03
        },
        "20093": {
            "year_quarter": 20093,
            "year": 2009,
            "quarter": 3,
            "eps": 0.66,
            "eps_growth_year": 73.68,
            "eps_4q": 0.79,
            "eps_4q_growth_year": 72.51,
            "roe": 4.39,
            "roe_4q": 5.249999999999999,
            "gross_profit": 122636,
            "gross_margin": 26.13,
            "gross_margin_4q_avg": 19.91,
            "net_income": 39682,
            "revenue": 469380,
            "common_shares": 603210,
            "book_valuer_per_share": 15.24,
            "book_valuer_per_share_4q_avg": 15.01,
            "equity": 919225,
            "current_ratio": 122.01,
            "debt_ratio": 49.96,
            "inventory_turnover_ratio": 1.25,
            "account_receivable_turnover_ratio": 1.79,
            "reinvestment_rate": 246.01,
            "research_to_sale_ratio": null,
            "price_fair": 37.1,
            "eps_avg_yearly": 1.06,
            "eps_latest_yearly": 2.64,
            "eps_growth_yearly": 690.37
        },
        "20094": {
            "year_quarter": 20094,
            "year": 2009,
            "quarter": 4,
            "eps": 0.4,
            "eps_growth_year": 207.69,
            "eps_4q": 1.06,
            "eps_4q_growth_year": 267.45,
            "roe": 2.62,
            "roe_4q": 6.959999999999999,
            "gross_profit": 91871,
            "gross_margin": 21.46,
            "gross_margin_4q_avg": 20.81,
            "net_income": 24420,
            "revenue": 428192,
            "common_shares": 603210,
            "book_valuer_per_share": 15.64,
            "book_valuer_per_share_4q_avg": 15.17,
            "equity": 943407,
            "current_ratio": 133.1,
            "debt_ratio": 43.77,
            "inventory_turnover_ratio": 1.21,
            "account_receivable_turnover_ratio": 3.01,
            "reinvestment_rate": 203.29,
            "research_to_sale_ratio": null,
            "price_fair": 35.23,
            "eps_avg_yearly": 1.01,
            "eps_latest_yearly": 1.6,
            "eps_growth_yearly": 692.62
        },
        "20101": {
            "year_quarter": 20101,
            "year": 2010,
            "quarter": 1,
            "eps": 0.42,
            "eps_growth_year": null,
            "eps_4q": 1.54,
            "eps_4q_growth_year": 143.39,
            "roe": 2.67,
            "roe_4q": 10.07,
            "gross_profit": 85815,
            "gross_margin": 23.49,
            "gross_margin_4q_avg": 22.52,
            "net_income": 25470,
            "revenue": 365372,
            "common_shares": 603210,
            "book_valuer_per_share": 16.01,
            "book_valuer_per_share_4q_avg": 15.4,
            "equity": 965624,
            "current_ratio": 139.27,
            "debt_ratio": 45.66,
            "inventory_turnover_ratio": 0.95,
            "account_receivable_turnover_ratio": 1.52,
            "reinvestment_rate": 440.31,
            "research_to_sale_ratio": 2.98,
            "price_fair": 38.73,
            "eps_avg_yearly": 1.11,
            "eps_latest_yearly": 1.68,
            "eps_growth_yearly": 720.48
        },
        "20102": {
            "year_quarter": 20102,
            "year": 2010,
            "quarter": 2,
            "eps": 0.52,
            "eps_growth_year": 767.69,
            "eps_4q": 2.01,
            "eps_4q_growth_year": 286,
            "roe": 3.27,
            "roe_4q": 12.95,
            "gross_profit": 89178,
            "gross_margin": 21.23,
            "gross_margin_4q_avg": 23.08,
            "net_income": 31404,
            "revenue": 419985,
            "common_shares": 603210,
            "book_valuer_per_share": 15.87,
            "book_valuer_per_share_4q_avg": 15.69,
            "equity": 957132,
            "current_ratio": 142.7,
            "debt_ratio": 43.67,
            "inventory_turnover_ratio": 1.05,
            "account_receivable_turnover_ratio": 1.82,
            "reinvestment_rate": 377.81,
            "research_to_sale_ratio": 3.13,
            "price_fair": 44.22,
            "eps_avg_yearly": 1.26,
            "eps_latest_yearly": 2.08,
            "eps_growth_yearly": 747.86
        },
        "20103": {
            "year_quarter": 20103,
            "year": 2010,
            "quarter": 3,
            "eps": 0.3,
            "eps_growth_year": -55.03,
            "eps_4q": 1.64,
            "eps_4q_growth_year": 108.9,
            "roe": 1.86,
            "roe_4q": 10.42,
            "gross_profit": 91521,
            "gross_margin": 21.22,
            "gross_margin_4q_avg": 21.85,
            "net_income": 17905,
            "revenue": 431328,
            "common_shares": 603210,
            "book_valuer_per_share": 15.99,
            "book_valuer_per_share_4q_avg": 15.88,
            "equity": 964805,
            "current_ratio": 148.72,
            "debt_ratio": 40.58,
            "inventory_turnover_ratio": 1.17,
            "account_receivable_turnover_ratio": 1.52,
            "reinvestment_rate": 383.97,
            "research_to_sale_ratio": 2.86,
            "price_fair": 42,
            "eps_avg_yearly": 1.2,
            "eps_latest_yearly": 1.2,
            "eps_growth_yearly": 440.42
        },
        "20104": {
            "year_quarter": 20104,
            "year": 2010,
            "quarter": 4,
            "eps": -0.15,
            "eps_growth_year": -137.48,
            "eps_4q": 1.09,
            "eps_4q_growth_year": 3.28,
            "roe": -0.95,
            "roe_4q": 6.85,
            "gross_profit": 79222,
            "gross_margin": 25.13,
            "gross_margin_4q_avg": 22.77,
            "net_income": -9043,
            "revenue": 315247,
            "common_shares": 603210,
            "book_valuer_per_share": 15.57,
            "book_valuer_per_share_4q_avg": 15.86,
            "equity": 939062,
            "current_ratio": 148.58,
            "debt_ratio": 37.37,
            "inventory_turnover_ratio": 0.87,
            "account_receivable_turnover_ratio": 1.24,
            "reinvestment_rate": 153.49,
            "research_to_sale_ratio": 4.1,
            "price_fair": 42.76,
            "eps_avg_yearly": 1.22,
            "eps_latest_yearly": 1.2,
            "eps_growth_yearly": 499.01
        },
        "20111": {
            "year_quarter": 20111,
            "year": 2011,
            "quarter": 1,
            "eps": 0,
            "eps_growth_year": -100,
            "eps_4q": 0.52,
            "eps_4q_growth_year": -66.35,
            "roe": -0.95,
            "roe_4q": 3.2300000000000004,
            "gross_profit": 45468,
            "gross_margin": 20.26,
            "gross_margin_4q_avg": 21.96,
            "net_income": -8934,
            "revenue": 224394,
            "common_shares": 603210,
            "book_valuer_per_share": 15.51,
            "book_valuer_per_share_4q_avg": 15.74,
            "equity": 935608,
            "current_ratio": 160.58,
            "debt_ratio": 33,
            "inventory_turnover_ratio": 0.65,
            "account_receivable_turnover_ratio": 1.25,
            "reinvestment_rate": 443,
            "research_to_sale_ratio": 5.28,
            "price_fair": 46.76,
            "eps_avg_yearly": 1.34,
            "eps_latest_yearly": 1.2,
            "eps_growth_yearly": 585.58
        },
        "20112": {
            "year_quarter": 20112,
            "year": 2011,
            "quarter": 2,
            "eps": -0.11,
            "eps_growth_year": -120.39,
            "eps_4q": -0.11,
            "eps_4q_growth_year": -105.35,
            "roe": -0.7,
            "roe_4q": -0.7399999999999995,
            "gross_profit": 64625,
            "gross_margin": 24.61,
            "gross_margin_4q_avg": 22.81,
            "net_income": -6404,
            "revenue": 262636,
            "common_shares": 603210,
            "book_valuer_per_share": 14.82,
            "book_valuer_per_share_4q_avg": 15.47,
            "equity": 894142,
            "current_ratio": 141.13,
            "debt_ratio": 36.91,
            "inventory_turnover_ratio": 0.72,
            "account_receivable_turnover_ratio": 1.57,
            "reinvestment_rate": 448.69,
            "research_to_sale_ratio": 5.58,
            "price_fair": 51.18,
            "eps_avg_yearly": 1.46,
            "eps_latest_yearly": 1.2,
            "eps_growth_yearly": 583.98
        },
        "20113": {
            "year_quarter": 20113,
            "year": 2011,
            "quarter": 3,
            "eps": -0.18,
            "eps_growth_year": -159.63,
            "eps_4q": -0.58,
            "eps_4q_growth_year": -135.34,
            "roe": -1.18,
            "roe_4q": -3.7800000000000002,
            "gross_profit": 34821,
            "gross_margin": 13.59,
            "gross_margin_4q_avg": 20.9,
            "net_income": -10676,
            "revenue": 256193,
            "common_shares": 603210,
            "book_valuer_per_share": 15.28,
            "book_valuer_per_share_4q_avg": 15.3,
            "equity": 921657,
            "current_ratio": 135.25,
            "debt_ratio": 37.49,
            "inventory_turnover_ratio": 0.77,
            "account_receivable_turnover_ratio": 1.56,
            "reinvestment_rate": 670.88,
            "research_to_sale_ratio": 5.42,
            "price_fair": 54.25,
            "eps_avg_yearly": 1.55,
            "eps_latest_yearly": 1.2,
            "eps_growth_yearly": 516.97
        },
        "20114": {
            "year_quarter": 20114,
            "year": 2011,
            "quarter": 4,
            "eps": -0.7,
            "eps_growth_year": null,
            "eps_4q": -1.13,
            "eps_4q_growth_year": -203.98,
            "roe": -4.7,
            "roe_4q": -7.53,
            "gross_profit": 23873,
            "gross_margin": 9.5,
            "gross_margin_4q_avg": 16.99,
            "net_income": -42340,
            "revenue": 251359,
            "common_shares": 603210,
            "book_valuer_per_share": 14.59,
            "book_valuer_per_share_4q_avg": 15.05,
            "equity": 880335,
            "current_ratio": 132.9,
            "debt_ratio": 35.94,
            "inventory_turnover_ratio": 0.78,
            "account_receivable_turnover_ratio": 1.64,
            "reinvestment_rate": 628.37,
            "research_to_sale_ratio": 5.6,
            "price_fair": 56.2,
            "eps_avg_yearly": 1.61,
            "eps_latest_yearly": 1.2,
            "eps_growth_yearly": 560.75
        },
        "20121": {
            "year_quarter": 20121,
            "year": 2012,
            "quarter": 1,
            "eps": -0.16,
            "eps_growth_year": null,
            "eps_4q": -1.15,
            "eps_4q_growth_year": -320.66,
            "roe": -1.12,
            "roe_4q": -7.7,
            "gross_profit": 53177,
            "gross_margin": 23.33,
            "gross_margin_4q_avg": 17.76,
            "net_income": -9718,
            "revenue": 227969,
            "common_shares": 603210,
            "book_valuer_per_share": 14.25,
            "book_valuer_per_share_4q_avg": 14.74,
            "equity": 859774,
            "current_ratio": 130.54,
            "debt_ratio": 35.91,
            "inventory_turnover_ratio": 0.63,
            "account_receivable_turnover_ratio": 1.44,
            "reinvestment_rate": 504.88,
            "research_to_sale_ratio": 5.91,
            "price_fair": 56.2,
            "eps_avg_yearly": 1.61,
            "eps_latest_yearly": 1.2,
            "eps_growth_yearly": 560.75
        },
        "20122": {
            "year_quarter": 20122,
            "year": 2012,
            "quarter": 2,
            "eps": -0.46,
            "eps_growth_year": null,
            "eps_4q": -1.5,
            "eps_4q_growth_year": null,
            "roe": -3.33,
            "roe_4q": -10.33,
            "gross_profit": 26790,
            "gross_margin": 13.87,
            "gross_margin_4q_avg": 15.07,
            "net_income": -28048,
            "revenue": 193154,
            "common_shares": 603210,
            "book_valuer_per_share": 13.65,
            "book_valuer_per_share_4q_avg": 14.44,
            "equity": 823292,
            "current_ratio": 125.43,
            "debt_ratio": 36.11,
            "inventory_turnover_ratio": 0.59,
            "account_receivable_turnover_ratio": 1.29,
            "reinvestment_rate": 751.86,
            "research_to_sale_ratio": 7.69,
            "price_fair": 56.2,
            "eps_avg_yearly": 1.61,
            "eps_latest_yearly": 1.2,
            "eps_growth_yearly": 560.75
        },
        "20123": {
            "year_quarter": 20123,
            "year": 2012,
            "quarter": 3,
            "eps": -0.07,
            "eps_growth_year": null,
            "eps_4q": -1.4,
            "eps_4q_growth_year": null,
            "roe": -0.52,
            "roe_4q": -9.670000000000002,
            "gross_profit": 50663,
            "gross_margin": 23.04,
            "gross_margin_4q_avg": 17.44,
            "net_income": -4226,
            "revenue": 219884,
            "common_shares": 603210,
            "book_valuer_per_share": 13.38,
            "book_valuer_per_share_4q_avg": 13.97,
            "equity": 807359,
            "current_ratio": 123.57,
            "debt_ratio": 39.43,
            "inventory_turnover_ratio": 0.58,
            "account_receivable_turnover_ratio": 1.52,
            "reinvestment_rate": 1353.53,
            "research_to_sale_ratio": 6.04,
            "price_fair": 56.7,
            "eps_avg_yearly": 1.62,
            "eps_latest_yearly": 1.2,
            "eps_growth_yearly": 587.55
        },
        "20124": {
            "year_quarter": 20124,
            "year": 2012,
            "quarter": 4,
            "eps": 0.58,
            "eps_growth_year": null,
            "eps_4q": -0.11,
            "eps_4q_growth_year": null,
            "roe": 4.27,
            "roe_4q": -0.7000000000000006,
            "gross_profit": 77116,
            "gross_margin": 23.73,
            "gross_margin_4q_avg": 20.99,
            "net_income": 35152,
            "revenue": 324984,
            "common_shares": 603210,
            "book_valuer_per_share": 13.94,
            "book_valuer_per_share_4q_avg": 13.81,
            "equity": 840971,
            "current_ratio": 130.89,
            "debt_ratio": 39.18,
            "inventory_turnover_ratio": 0.89,
            "account_receivable_turnover_ratio": 1.9,
            "reinvestment_rate": 687.5,
            "research_to_sale_ratio": 3.99,
            "price_fair": 64.4,
            "eps_avg_yearly": 1.84,
            "eps_latest_yearly": 1.2,
            "eps_growth_yearly": 757.69
        },
        "20131": {
            "year_quarter": 20131,
            "year": 2013,
            "quarter": 1,
            "eps": -0.02,
            "eps_growth_year": null,
            "eps_4q": 0.03,
            "eps_4q_growth_year": null,
            "roe": -0.12,
            "roe_4q": 0.2999999999999994,
            "gross_profit": 49574,
            "gross_margin": 22.78,
            "gross_margin_4q_avg": 20.86,
            "net_income": -1051,
            "revenue": 217639,
            "common_shares": 603210,
            "book_valuer_per_share": 14,
            "book_valuer_per_share_4q_avg": 13.74,
            "equity": 844611,
            "current_ratio": 136.57,
            "debt_ratio": 38.8,
            "inventory_turnover_ratio": 0.61,
            "account_receivable_turnover_ratio": 1.26,
            "reinvestment_rate": -332.93,
            "research_to_sale_ratio": 5.87,
            "price_fair": 64.4,
            "eps_avg_yearly": 1.84,
            "eps_latest_yearly": 1.2,
            "eps_growth_yearly": 757.69
        },
        "20132": {
            "year_quarter": 20132,
            "year": 2013,
            "quarter": 2,
            "eps": -0.34,
            "eps_growth_year": null,
            "eps_4q": 0.15,
            "eps_4q_growth_year": null,
            "roe": -2.49,
            "roe_4q": 1.1399999999999992,
            "gross_profit": 37945,
            "gross_margin": 18.12,
            "gross_margin_4q_avg": 21.92,
            "net_income": -20706,
            "revenue": 209378,
            "common_shares": 603210,
            "book_valuer_per_share": 13.61,
            "book_valuer_per_share_4q_avg": 13.73,
            "equity": 820868,
            "current_ratio": 131.08,
            "debt_ratio": 40.45,
            "inventory_turnover_ratio": 0.59,
            "account_receivable_turnover_ratio": 1.4,
            "reinvestment_rate": -494.67,
            "research_to_sale_ratio": 6.56,
            "price_fair": 64.4,
            "eps_avg_yearly": 1.84,
            "eps_latest_yearly": 1.2,
            "eps_growth_yearly": 757.69
        },
        "20133": {
            "year_quarter": 20133,
            "year": 2013,
            "quarter": 3,
            "eps": 0.1,
            "eps_growth_year": null,
            "eps_4q": 0.32,
            "eps_4q_growth_year": null,
            "roe": 0.74,
            "roe_4q": 2.3999999999999995,
            "gross_profit": 70066,
            "gross_margin": 20.66,
            "gross_margin_4q_avg": 21.32,
            "net_income": 6104,
            "revenue": 339167,
            "common_shares": 603210,
            "book_valuer_per_share": 13.61,
            "book_valuer_per_share_4q_avg": 13.79,
            "equity": 821060,
            "current_ratio": 132.29,
            "debt_ratio": 41.01,
            "inventory_turnover_ratio": 0.93,
            "account_receivable_turnover_ratio": 1.93,
            "reinvestment_rate": null,
            "research_to_sale_ratio": 4.36,
            "price_fair": 4.92,
            "eps_avg_yearly": 1.64,
            "eps_latest_yearly": 1.2,
            "eps_growth_yearly": -52.89
        },
        "20134": {
            "year_quarter": 20134,
            "year": 2013,
            "quarter": 4,
            "eps": -0.78,
            "eps_growth_year": -234.58,
            "eps_4q": -1.04,
            "eps_4q_growth_year": null,
            "roe": -5.92,
            "roe_4q": -7.79,
            "gross_profit": 14508,
            "gross_margin": 6.03,
            "gross_margin_4q_avg": 16.9,
            "net_income": -47309,
            "revenue": 240450,
            "common_shares": 603210,
            "book_valuer_per_share": 12.9,
            "book_valuer_per_share_4q_avg": 13.53,
            "equity": 778273,
            "current_ratio": 118.91,
            "debt_ratio": 39.81,
            "inventory_turnover_ratio": 0.83,
            "account_receivable_turnover_ratio": 1.25,
            "reinvestment_rate": null,
            "research_to_sale_ratio": 6.48,
            "price_fair": 4.96,
            "eps_avg_yearly": 1.65,
            "eps_latest_yearly": 1.2,
            "eps_growth_yearly": -18
        },
        "20141": {
            "year_quarter": 20141,
            "year": 2014,
            "quarter": 1,
            "eps": -0.29,
            "eps_growth_year": null,
            "eps_4q": -1.32,
            "eps_4q_growth_year": -4460.31,
            "roe": -2.29,
            "roe_4q": -9.96,
            "gross_profit": 40001,
            "gross_margin": 19.36,
            "gross_margin_4q_avg": 16.04,
            "net_income": -17752,
            "revenue": 206661,
            "common_shares": 603210,
            "book_valuer_per_share": 12.85,
            "book_valuer_per_share_4q_avg": 13.24,
            "equity": 775405,
            "current_ratio": 117.37,
            "debt_ratio": 41.76,
            "inventory_turnover_ratio": 0.59,
            "account_receivable_turnover_ratio": 1.2,
            "reinvestment_rate": null,
            "research_to_sale_ratio": 7.39,
            "price_fair": 4.92,
            "eps_avg_yearly": 1.64,
            "eps_latest_yearly": 1.2,
            "eps_growth_yearly": -37
        },
        "20142": {
            "year_quarter": 20142,
            "year": 2014,
            "quarter": 2,
            "eps": 0.14,
            "eps_growth_year": null,
            "eps_4q": -0.84,
            "eps_4q_growth_year": -649.37,
            "roe": 1.11,
            "roe_4q": -6.359999999999999,
            "gross_profit": 75252,
            "gross_margin": 24.27,
            "gross_margin_4q_avg": 17.58,
            "net_income": 8585,
            "revenue": 310082,
            "common_shares": 603210,
            "book_valuer_per_share": 12.75,
            "book_valuer_per_share_4q_avg": 13.03,
            "equity": 769066,
            "current_ratio": 113.06,
            "debt_ratio": 44.37,
            "inventory_turnover_ratio": 0.78,
            "account_receivable_turnover_ratio": 1.66,
            "reinvestment_rate": null,
            "research_to_sale_ratio": 4.46,
            "price_fair": 3.6,
            "eps_avg_yearly": 1.2,
            "eps_latest_yearly": 1.2,
            "eps_growth_yearly": -169.23
        },
        "20143": {
            "year_quarter": 20143,
            "year": 2014,
            "quarter": 3,
            "eps": 0.14,
            "eps_growth_year": 40,
            "eps_4q": -0.8,
            "eps_4q_growth_year": -347.22,
            "roe": 1.06,
            "roe_4q": -6.04,
            "gross_profit": 67843,
            "gross_margin": 22.26,
            "gross_margin_4q_avg": 17.98,
            "net_income": 8271,
            "revenue": 304774,
            "common_shares": 603210,
            "book_valuer_per_share": 13.02,
            "book_valuer_per_share_4q_avg": 12.88,
            "equity": 785652,
            "current_ratio": 115.89,
            "debt_ratio": 44.11,
            "inventory_turnover_ratio": 0.77,
            "account_receivable_turnover_ratio": 1.36,
            "reinvestment_rate": null,
            "research_to_sale_ratio": 4.66,
            "price_fair": 5.6,
            "eps_avg_yearly": 0.56,
            "eps_latest_yearly": 0.56,
            "eps_growth_yearly": 0
        },
        "20144": {
            "year_quarter": 20144,
            "year": 2014,
            "quarter": 4,
            "eps": 0.59,
            "eps_growth_year": null,
            "eps_4q": 0.57,
            "eps_4q_growth_year": null,
            "roe": 4.34,
            "roe_4q": 4.220000000000001,
            "gross_profit": 80215,
            "gross_margin": 21.14,
            "gross_margin_4q_avg": 21.76,
            "net_income": 35291,
            "revenue": 379532,
            "common_shares": 603210,
            "book_valuer_per_share": 13.97,
            "book_valuer_per_share_4q_avg": 13.15,
            "equity": 842531,
            "current_ratio": 130.82,
            "debt_ratio": 42.59,
            "inventory_turnover_ratio": 0.98,
            "account_receivable_turnover_ratio": 1.37,
            "reinvestment_rate": null,
            "research_to_sale_ratio": 3.7,
            "price_fair": 51.1,
            "eps_avg_yearly": 1.46,
            "eps_latest_yearly": 2.36,
            "eps_growth_yearly": 642.86
        },
        "20151": {
            "year_quarter": 20151,
            "year": 2015,
            "quarter": 1,
            "eps": 0.23,
            "eps_growth_year": null,
            "eps_4q": 1.09,
            "eps_4q_growth_year": null,
            "roe": 1.62,
            "roe_4q": 8.129999999999999,
            "gross_profit": 73032,
            "gross_margin": 25.44,
            "gross_margin_4q_avg": 23.28,
            "net_income": 13701,
            "revenue": 287025,
            "common_shares": 603210,
            "book_valuer_per_share": 14.08,
            "book_valuer_per_share_4q_avg": 13.46,
            "equity": 849180,
            "current_ratio": 136.83,
            "debt_ratio": 40.39,
            "inventory_turnover_ratio": 0.69,
            "account_receivable_turnover_ratio": 1.01,
            "reinvestment_rate": null,
            "research_to_sale_ratio": 4.49,
            "price_fair": 44.8,
            "eps_avg_yearly": 1.28,
            "eps_latest_yearly": 0.92,
            "eps_growth_yearly": 347.22
        },
        "20152": {
            "year_quarter": 20152,
            "year": 2015,
            "quarter": 2,
            "eps": 0.3,
            "eps_growth_year": 114.29,
            "eps_4q": 1.25,
            "eps_4q_growth_year": null,
            "roe": 2.14,
            "roe_4q": 9.16,
            "gross_profit": 84907,
            "gross_margin": 24.34,
            "gross_margin_4q_avg": 23.3,
            "net_income": 18264,
            "revenue": 348854,
            "common_shares": 603210,
            "book_valuer_per_share": 14.21,
            "book_valuer_per_share_4q_avg": 13.82,
            "equity": 857414,
            "current_ratio": 139.55,
            "debt_ratio": 40.64,
            "inventory_turnover_ratio": 0.85,
            "account_receivable_turnover_ratio": 1.39,
            "reinvestment_rate": null,
            "research_to_sale_ratio": 3.74,
            "price_fair": 44.1,
            "eps_avg_yearly": 1.26,
            "eps_latest_yearly": 1.2,
            "eps_growth_yearly": 290.85
        },
        "20153": {
            "year_quarter": 20153,
            "year": 2015,
            "quarter": 3,
            "eps": 0.96,
            "eps_growth_year": 585.71,
            "eps_4q": 2.07,
            "eps_4q_growth_year": null,
            "roe": 6.45,
            "roe_4q": 14.55,
            "gross_profit": 93006,
            "gross_margin": 23.25,
            "gross_margin_4q_avg": 23.54,
            "net_income": 57620,
            "revenue": 399956,
            "common_shares": 603210,
            "book_valuer_per_share": 15.4,
            "book_valuer_per_share_4q_avg": 14.42,
            "equity": 928811,
            "current_ratio": 150.57,
            "debt_ratio": 40.08,
            "inventory_turnover_ratio": 1.01,
            "account_receivable_turnover_ratio": 1.27,
            "reinvestment_rate": -5695.77,
            "research_to_sale_ratio": 3.06,
            "price_fair": 62.16,
            "eps_avg_yearly": 1.78,
            "eps_latest_yearly": 3.84,
            "eps_growth_yearly": 408.68
        },
        "20154": {
            "year_quarter": 20154,
            "year": 2015,
            "quarter": 4,
            "eps": 0.08,
            "eps_growth_year": -86.02,
            "eps_4q": 1.57,
            "eps_4q_growth_year": 174.8,
            "roe": 0.53,
            "roe_4q": 10.740000000000002,
            "gross_profit": 75734,
            "gross_margin": 22.27,
            "gross_margin_4q_avg": 23.83,
            "net_income": 4933,
            "revenue": 340085,
            "common_shares": 603210,
            "book_valuer_per_share": 15.43,
            "book_valuer_per_share_4q_avg": 14.78,
            "equity": 930885,
            "current_ratio": 156.66,
            "debt_ratio": 38.14,
            "inventory_turnover_ratio": 0.85,
            "account_receivable_turnover_ratio": 1.08,
            "reinvestment_rate": -1257.29,
            "research_to_sale_ratio": 4.45,
            "price_fair": 53.67,
            "eps_avg_yearly": 1.53,
            "eps_latest_yearly": 0.32,
            "eps_growth_yearly": 279.45
        },
        "20161": {
            "year_quarter": 20161,
            "year": 2016,
            "quarter": 1,
            "eps": -0.1,
            "eps_growth_year": -143.48,
            "eps_4q": 1.24,
            "eps_4q_growth_year": 13.37,
            "roe": -0.67,
            "roe_4q": 8.450000000000001,
            "gross_profit": 59843,
            "gross_margin": 24.29,
            "gross_margin_4q_avg": 23.54,
            "net_income": -6166,
            "revenue": 246398,
            "common_shares": 603210,
            "book_valuer_per_share": 14.99,
            "book_valuer_per_share_4q_avg": 15.01,
            "equity": 904379,
            "current_ratio": 174.17,
            "debt_ratio": 32.4,
            "inventory_turnover_ratio": 0.62,
            "account_receivable_turnover_ratio": 1.16,
            "reinvestment_rate": -1147.54,
            "research_to_sale_ratio": 5.29,
            "price_fair": 53.67,
            "eps_avg_yearly": 1.53,
            "eps_latest_yearly": 0.32,
            "eps_growth_yearly": 279.45
        },
        "20162": {
            "year_quarter": 20162,
            "year": 2016,
            "quarter": 2,
            "eps": 0.03,
            "eps_growth_year": -90,
            "eps_4q": 0.97,
            "eps_4q_growth_year": -22.69,
            "roe": 0.23,
            "roe_4q": 6.54,
            "gross_profit": 58193,
            "gross_margin": 23.48,
            "gross_margin_4q_avg": 23.32,
            "net_income": 2006,
            "revenue": 247885,
            "common_shares": 603210,
            "book_valuer_per_share": 14.5,
            "book_valuer_per_share_4q_avg": 15.08,
            "equity": 874808,
            "current_ratio": 158.71,
            "debt_ratio": 36.87,
            "inventory_turnover_ratio": 0.65,
            "account_receivable_turnover_ratio": 1.33,
            "reinvestment_rate": -720.94,
            "research_to_sale_ratio": 5.07,
            "price_fair": 53.67,
            "eps_avg_yearly": 1.53,
            "eps_latest_yearly": 0.32,
            "eps_growth_yearly": 279.45
        },
        "20163": {
            "year_quarter": 20163,
            "year": 2016,
            "quarter": 3,
            "eps": 0.04,
            "eps_growth_year": -95.83,
            "eps_4q": 0.05,
            "eps_4q_growth_year": -97.52,
            "roe": 0.27,
            "roe_4q": 0.36,
            "gross_profit": 54161,
            "gross_margin": 21.29,
            "gross_margin_4q_avg": 22.83,
            "net_income": 2318,
            "revenue": 254398,
            "common_shares": 603210,
            "book_valuer_per_share": 14.17,
            "book_valuer_per_share_4q_avg": 14.77,
            "equity": 855029,
            "current_ratio": 161.24,
            "debt_ratio": 36.02,
            "inventory_turnover_ratio": 0.7,
            "account_receivable_turnover_ratio": 1.36,
            "reinvestment_rate": -657.47,
            "research_to_sale_ratio": 4.76,
            "price_fair": 46.8,
            "eps_avg_yearly": 1.34,
            "eps_latest_yearly": 0.16,
            "eps_growth_yearly": 258.58
        },
        "20164": {
            "year_quarter": 20164,
            "year": 2016,
            "quarter": 4,
            "eps": 0.23,
            "eps_growth_year": 180.93,
            "eps_4q": 0.2,
            "eps_4q_growth_year": -87.29,
            "roe": 1.61,
            "roe_4q": 1.4400000000000004,
            "gross_profit": 62587,
            "gross_margin": 24.5,
            "gross_margin_4q_avg": 23.39,
            "net_income": 13858,
            "revenue": 255479,
            "common_shares": 603210,
            "book_valuer_per_share": 14.43,
            "book_valuer_per_share_4q_avg": 14.52,
            "equity": 870251,
            "current_ratio": 167.1,
            "debt_ratio": 35.04,
            "inventory_turnover_ratio": 0.69,
            "account_receivable_turnover_ratio": 1.33,
            "reinvestment_rate": -861.17,
            "research_to_sale_ratio": 5.67,
            "price_fair": 44.98,
            "eps_avg_yearly": 1.29,
            "eps_latest_yearly": 0.92,
            "eps_growth_yearly": 463.76
        },
        "20171": {
            "year_quarter": 20171,
            "year": 2017,
            "quarter": 1,
            "eps": -0.14,
            "eps_growth_year": null,
            "eps_4q": 0.16,
            "eps_4q_growth_year": -87.22,
            "roe": -1.02,
            "roe_4q": 1.09,
            "gross_profit": 56282,
            "gross_margin": 25.08,
            "gross_margin_4q_avg": 23.59,
            "net_income": -8644,
            "revenue": 224400,
            "common_shares": 603210,
            "book_valuer_per_share": 13.8,
            "book_valuer_per_share_4q_avg": 14.23,
            "equity": 832183,
            "current_ratio": 170.87,
            "debt_ratio": 32.8,
            "inventory_turnover_ratio": 0.62,
            "account_receivable_turnover_ratio": 1.25,
            "reinvestment_rate": -275.62,
            "research_to_sale_ratio": 6.23,
            "price_fair": 44.98,
            "eps_avg_yearly": 1.29,
            "eps_latest_yearly": 0.92,
            "eps_growth_yearly": 463.76
        },
        "20172": {
            "year_quarter": 20172,
            "year": 2017,
            "quarter": 2,
            "eps": -0.44,
            "eps_growth_year": -1566.67,
            "eps_4q": -0.31,
            "eps_4q_growth_year": -132.36,
            "roe": -3.24,
            "roe_4q": -2.3799999999999994,
            "gross_profit": 30297,
            "gross_margin": 17.01,
            "gross_margin_4q_avg": 21.97,
            "net_income": -26426,
            "revenue": 178068,
            "common_shares": 603210,
            "book_valuer_per_share": 13.25,
            "book_valuer_per_share_4q_avg": 13.91,
            "equity": 799060,
            "current_ratio": 156.52,
            "debt_ratio": 36.17,
            "inventory_turnover_ratio": 0.52,
            "account_receivable_turnover_ratio": 1.25,
            "reinvestment_rate": -298.99,
            "research_to_sale_ratio": 7.4,
            "price_fair": 44.98,
            "eps_avg_yearly": 1.29,
            "eps_latest_yearly": 0.92,
            "eps_growth_yearly": 463.76
        },
        "20173": {
            "year_quarter": 20173,
            "year": 2017,
            "quarter": 3,
            "eps": -0.07,
            "eps_growth_year": -275,
            "eps_4q": -0.42,
            "eps_4q_growth_year": -926.03,
            "roe": -0.54,
            "roe_4q": -3.1900000000000004,
            "gross_profit": 56642,
            "gross_margin": 21.16,
            "gross_margin_4q_avg": 21.94,
            "net_income": -4321,
            "revenue": 267636,
            "common_shares": 603210,
            "book_valuer_per_share": 13.4,
            "book_valuer_per_share_4q_avg": 13.72,
            "equity": 808565,
            "current_ratio": 159.72,
            "debt_ratio": 35.61,
            "inventory_turnover_ratio": 0.69,
            "account_receivable_turnover_ratio": 1.74,
            "reinvestment_rate": -333.32,
            "research_to_sale_ratio": 6.33,
            "price_fair": 44.98,
            "eps_avg_yearly": 1.29,
            "eps_latest_yearly": 0.92,
            "eps_growth_yearly": 463.76
        },
        "20174": {
            "year_quarter": 20174,
            "year": 2017,
            "quarter": 4,
            "eps": -0.4,
            "eps_growth_year": -273.91,
            "eps_4q": -1.05,
            "eps_4q_growth_year": -628.39,
            "roe": -3.04,
            "roe_4q": -7.84,
            "gross_profit": 40657,
            "gross_margin": 15.36,
            "gross_margin_4q_avg": 19.65,
            "net_income": -24100,
            "revenue": 264739,
            "common_shares": 603210,
            "book_valuer_per_share": 12.85,
            "book_valuer_per_share_4q_avg": 13.33,
            "equity": 775422,
            "current_ratio": 158.44,
            "debt_ratio": 37.06,
            "inventory_turnover_ratio": 0.76,
            "account_receivable_turnover_ratio": 1.28,
            "reinvestment_rate": -279.16,
            "research_to_sale_ratio": 7.29,
            "price_fair": 44.98,
            "eps_avg_yearly": 1.29,
            "eps_latest_yearly": 0.92,
            "eps_growth_yearly": 463.76
        },
        "20181": {
            "year_quarter": 20181,
            "year": 2018,
            "quarter": 1,
            "eps": -0.53,
            "eps_growth_year": null,
            "eps_4q": -1.43,
            "eps_4q_growth_year": -1007.24,
            "roe": -4.16,
            "roe_4q": -10.98,
            "gross_profit": 22938,
            "gross_margin": 11.78,
            "gross_margin_4q_avg": 16.33,
            "net_income": -31686,
            "revenue": 194733,
            "common_shares": 603210,
            "book_valuer_per_share": 12.41,
            "book_valuer_per_share_4q_avg": 12.98,
            "equity": 748844,
            "current_ratio": 136.88,
            "debt_ratio": 46.62,
            "inventory_turnover_ratio": 0.59,
            "account_receivable_turnover_ratio": 0.97,
            "reinvestment_rate": -397.21,
            "research_to_sale_ratio": 9.76,
            "price_fair": 44.98,
            "eps_avg_yearly": 1.29,
            "eps_latest_yearly": 0.92,
            "eps_growth_yearly": 463.76
        },
        "20182": {
            "year_quarter": 20182,
            "year": 2018,
            "quarter": 2,
            "eps": -0.3,
            "eps_growth_year": null,
            "eps_4q": -1.3,
            "eps_4q_growth_year": null,
            "roe": -2.49,
            "roe_4q": -10.23,
            "gross_profit": 24815,
            "gross_margin": 13.47,
            "gross_margin_4q_avg": 15.44,
            "net_income": -18471,
            "revenue": 184291,
            "common_shares": 603210,
            "book_valuer_per_share": 12.18,
            "book_valuer_per_share_4q_avg": 12.71,
            "equity": 734647,
            "current_ratio": 132.81,
            "debt_ratio": 48.45,
            "inventory_turnover_ratio": 0.54,
            "account_receivable_turnover_ratio": 1.14,
            "reinvestment_rate": -653.42,
            "research_to_sale_ratio": 10.23,
            "price_fair": 44.98,
            "eps_avg_yearly": 1.29,
            "eps_latest_yearly": 0.92,
            "eps_growth_yearly": 463.76
        },
        "20183": {
            "year_quarter": 20183,
            "year": 2018,
            "quarter": 3,
            "eps": -0.18,
            "eps_growth_year": null,
            "eps_4q": -1.41,
            "eps_4q_growth_year": null,
            "roe": -1.52,
            "roe_4q": -11.21,
            "gross_profit": 37848,
            "gross_margin": 18.14,
            "gross_margin_4q_avg": 14.69,
            "net_income": -10867,
            "revenue": 208616,
            "common_shares": 603210,
            "book_valuer_per_share": 11.6,
            "book_valuer_per_share_4q_avg": 12.26,
            "equity": 699771,
            "current_ratio": 129.21,
            "debt_ratio": 49.11,
            "inventory_turnover_ratio": 0.56,
            "account_receivable_turnover_ratio": 1.28,
            "reinvestment_rate": -1407.48,
            "research_to_sale_ratio": 8.57,
            "price_fair": 48.6,
            "eps_avg_yearly": 1.39,
            "eps_latest_yearly": 0.92,
            "eps_growth_yearly": 530.01
        },
        "20184": {
            "year_quarter": 20184,
            "year": 2018,
            "quarter": 4,
            "eps": 0.13,
            "eps_growth_year": null,
            "eps_4q": -0.88,
            "eps_4q_growth_year": null,
            "roe": 1.09,
            "roe_4q": -7.08,
            "gross_profit": 32517,
            "gross_margin": 15.32,
            "gross_margin_4q_avg": 14.68,
            "net_income": 7658,
            "revenue": 212314,
            "common_shares": 603210,
            "book_valuer_per_share": 11.71,
            "book_valuer_per_share_4q_avg": 11.98,
            "equity": 706487,
            "current_ratio": 132.54,
            "debt_ratio": 46.95,
            "inventory_turnover_ratio": 0.62,
            "account_receivable_turnover_ratio": 1.14,
            "reinvestment_rate": null,
            "research_to_sale_ratio": 8.76,
            "price_fair": 42.93,
            "eps_avg_yearly": 1.23,
            "eps_latest_yearly": 0.92,
            "eps_growth_yearly": 404.06
        },
        "20191": {
            "year_quarter": 20191,
            "year": 2019,
            "quarter": 1,
            "eps": -0.67,
            "eps_growth_year": null,
            "eps_4q": -1.03,
            "eps_4q_growth_year": null,
            "roe": -5.8,
            "roe_4q": -8.72,
            "gross_profit": 15979,
            "gross_margin": 10.49,
            "gross_margin_4q_avg": 14.36,
            "net_income": -40400,
            "revenue": 152301,
            "common_shares": 603210,
            "book_valuer_per_share": 11.37,
            "book_valuer_per_share_4q_avg": 11.72,
            "equity": 686054,
            "current_ratio": 125.51,
            "debt_ratio": 47.91,
            "inventory_turnover_ratio": 0.46,
            "account_receivable_turnover_ratio": 0.9,
            "reinvestment_rate": null,
            "research_to_sale_ratio": 17.3,
            "price_fair": 45.08,
            "eps_avg_yearly": 1.29,
            "eps_latest_yearly": 0.92,
            "eps_growth_yearly": 533.68
        },
        "20192": {
            "year_quarter": 20192,
            "year": 2019,
            "quarter": 2,
            "eps": -0.43,
            "eps_growth_year": null,
            "eps_4q": -1.15,
            "eps_4q_growth_year": null,
            "roe": -3.87,
            "roe_4q": -10.1,
            "gross_profit": 30058,
            "gross_margin": 15.59,
            "gross_margin_4q_avg": 14.89,
            "net_income": -25862,
            "revenue": 192800,
            "common_shares": 603210,
            "book_valuer_per_share": 10.77,
            "book_valuer_per_share_4q_avg": 11.36,
            "equity": 649660,
            "current_ratio": 120.36,
            "debt_ratio": 49.72,
            "inventory_turnover_ratio": 0.52,
            "account_receivable_turnover_ratio": 1.22,
            "reinvestment_rate": null,
            "research_to_sale_ratio": 11.92,
            "price_fair": 45.85,
            "eps_avg_yearly": 1.31,
            "eps_latest_yearly": 0.92,
            "eps_growth_yearly": 636.67
        },
        "20193": {
            "year_quarter": 20193,
            "year": 2019,
            "quarter": 3,
            "eps": 0.19,
            "eps_growth_year": null,
            "eps_4q": -0.78,
            "eps_4q_growth_year": null,
            "roe": 1.81,
            "roe_4q": -6.77,
            "gross_profit": 49177,
            "gross_margin": 18.61,
            "gross_margin_4q_avg": 15,
            "net_income": 11704,
            "revenue": 264287,
            "common_shares": 603210,
            "book_valuer_per_share": 10.72,
            "book_valuer_per_share_4q_avg": 11.14,
            "equity": 646926,
            "current_ratio": 117.28,
            "debt_ratio": 54.53,
            "inventory_turnover_ratio": 0.76,
            "account_receivable_turnover_ratio": 1.31,
            "reinvestment_rate": null,
            "research_to_sale_ratio": 7.77,
            "price_fair": 16.33,
            "eps_avg_yearly": 0.47,
            "eps_latest_yearly": 0.92,
            "eps_growth_yearly": 555.56
        },
        "20194": {
            "year_quarter": 20194,
            "year": 2019,
            "quarter": 4,
            "eps": -0.16,
            "eps_growth_year": -227.91,
            "eps_4q": -1.07,
            "eps_4q_growth_year": null,
            "roe": -1.54,
            "roe_4q": -9.4,
            "gross_profit": 28819,
            "gross_margin": 16.84,
            "gross_margin_4q_avg": 15.38,
            "net_income": -9795,
            "revenue": 171141,
            "common_shares": 603210,
            "book_valuer_per_share": 10.35,
            "book_valuer_per_share_4q_avg": 10.8,
            "equity": 624412,
            "current_ratio": 115.64,
            "debt_ratio": 53.4,
            "inventory_turnover_ratio": 0.56,
            "account_receivable_turnover_ratio": 0.98,
            "reinvestment_rate": null,
            "research_to_sale_ratio": 13.69,
            "price_fair": 18.9,
            "eps_avg_yearly": 0.54,
            "eps_latest_yearly": 0.92,
            "eps_growth_yearly": 1016.67
        },
        "20201": {
            "year_quarter": 20201,
            "year": 2020,
            "quarter": 1,
            "eps": -0.29,
            "eps_growth_year": null,
            "eps_4q": -0.69,
            "eps_4q_growth_year": null,
            "roe": -2.85,
            "roe_4q": -6.450000000000001,
            "gross_profit": 22977,
            "gross_margin": 15.51,
            "gross_margin_4q_avg": 16.64,
            "net_income": -17609,
            "revenue": 148184,
            "common_shares": 603210,
            "book_valuer_per_share": 10.14,
            "book_valuer_per_share_4q_avg": 10.5,
            "equity": 611732,
            "current_ratio": 114.67,
            "debt_ratio": 52.99,
            "inventory_turnover_ratio": 0.48,
            "account_receivable_turnover_ratio": 1.43,
            "reinvestment_rate": null,
            "research_to_sale_ratio": 14.33,
            "price_fair": 18.9,
            "eps_avg_yearly": 0.54,
            "eps_latest_yearly": 0.92,
            "eps_growth_yearly": 1016.67
        },
        "20202": {
            "year_quarter": 20202,
            "year": 2020,
            "quarter": 2,
            "eps": -0.09,
            "eps_growth_year": null,
            "eps_4q": -0.35,
            "eps_4q_growth_year": null,
            "roe": -0.92,
            "roe_4q": -3.5000000000000004,
            "gross_profit": 28609,
            "gross_margin": 18.54,
            "gross_margin_4q_avg": 17.38,
            "net_income": -5510,
            "revenue": 154287,
            "common_shares": 603210,
            "book_valuer_per_share": 9.82,
            "book_valuer_per_share_4q_avg": 10.26,
            "equity": 592111,
            "current_ratio": 114.06,
            "debt_ratio": 53.05,
            "inventory_turnover_ratio": 0.51,
            "account_receivable_turnover_ratio": 1.59,
            "reinvestment_rate": null,
            "research_to_sale_ratio": 12.52,
            "price_fair": 18.9,
            "eps_avg_yearly": 0.54,
            "eps_latest_yearly": 0.92,
            "eps_growth_yearly": 1016.67
        },
        "20203": {
            "year_quarter": 20203,
            "year": 2020,
            "quarter": 3,
            "eps": -0.12,
            "eps_growth_year": -163.16,
            "eps_4q": -0.67,
            "eps_4q_growth_year": null,
            "roe": -1.22,
            "roe_4q": -6.53,
            "gross_profit": 34788,
            "gross_margin": 19.11,
            "gross_margin_4q_avg": 17.5,
            "net_income": -7226,
            "revenue": 182068,
            "common_shares": 603210,
            "book_valuer_per_share": 9.85,
            "book_valuer_per_share_4q_avg": 10.04,
            "equity": 594004,
            "current_ratio": 114.52,
            "debt_ratio": 53.3,
            "inventory_turnover_ratio": 0.6,
            "account_receivable_turnover_ratio": 1.48,
            "reinvestment_rate": null,
            "research_to_sale_ratio": 11.32,
            "price_fair": 32.2,
            "eps_avg_yearly": 0.92,
            "eps_latest_yearly": 0.92,
            "eps_growth_yearly": 1900
        },
        "20204": {
            "year_quarter": 20204,
            "year": 2020,
            "quarter": 4,
            "eps": -0.81,
            "eps_growth_year": null,
            "eps_4q": -1.31,
            "eps_4q_growth_year": null,
            "roe": -8.54,
            "roe_4q": -13.53,
            "gross_profit": 18295,
            "gross_margin": 10.26,
            "gross_margin_4q_avg": 15.86,
            "net_income": -48847,
            "revenue": 178289,
            "common_shares": 603210,
            "book_valuer_per_share": 9.11,
            "book_valuer_per_share_4q_avg": 9.73,
            "equity": 549648,
            "current_ratio": 107.44,
            "debt_ratio": 56.63,
            "inventory_turnover_ratio": 0.61,
            "account_receivable_turnover_ratio": 1.31,
            "reinvestment_rate": null,
            "research_to_sale_ratio": 11.43,
            "price_fair": 0,
            "eps_avg_yearly": 0,
            "eps_latest_yearly": 0,
            "eps_growth_yearly": 0
        },
        "20211": {
            "year_quarter": 20211,
            "year": 2021,
            "quarter": 1,
            "eps": -0.28,
            "eps_growth_year": null,
            "eps_4q": -1.3,
            "eps_4q_growth_year": null,
            "roe": -3.06,
            "roe_4q": -13.74,
            "gross_profit": 20396,
            "gross_margin": 10.61,
            "gross_margin_4q_avg": 14.63,
            "net_income": -16803,
            "revenue": 192192,
            "common_shares": 603210,
            "book_valuer_per_share": 9.08,
            "book_valuer_per_share_4q_avg": 9.47,
            "equity": 547742,
            "current_ratio": 107.45,
            "debt_ratio": 55.55,
            "inventory_turnover_ratio": 0.67,
            "account_receivable_turnover_ratio": 1.39,
            "reinvestment_rate": null,
            "research_to_sale_ratio": 10.57,
            "price_fair": 0,
            "eps_avg_yearly": 0,
            "eps_latest_yearly": 0,
            "eps_growth_yearly": 0
        },
        "20212": {
            "year_quarter": 20212,
            "year": 2021,
            "quarter": 2,
            "eps": -0.42,
            "eps_growth_year": null,
            "eps_4q": -1.63,
            "eps_4q_growth_year": null,
            "roe": -4.72,
            "roe_4q": -17.54,
            "gross_profit": 20362,
            "gross_margin": 12.78,
            "gross_margin_4q_avg": 13.19,
            "net_income": -25151,
            "revenue": 159334,
            "common_shares": 603210,
            "book_valuer_per_share": 8.59,
            "book_valuer_per_share_4q_avg": 9.16,
            "equity": 518239,
            "current_ratio": 103.63,
            "debt_ratio": 57.73,
            "inventory_turnover_ratio": 0.55,
            "account_receivable_turnover_ratio": 1.23,
            "reinvestment_rate": null,
            "research_to_sale_ratio": 13.21,
            "price_fair": 0,
            "eps_avg_yearly": 0,
            "eps_latest_yearly": 0,
            "eps_growth_yearly": 0
        },
        "20213": {
            "year_quarter": 20213,
            "year": 2021,
            "quarter": 3,
            "eps": -0.35,
            "eps_growth_year": null,
            "eps_4q": -1.86,
            "eps_4q_growth_year": null,
            "roe": -4.25,
            "roe_4q": -20.57,
            "gross_profit": 18443,
            "gross_margin": 13.56,
            "gross_margin_4q_avg": 11.8,
            "net_income": -21394,
            "revenue": 136017,
            "common_shares": 603210,
            "book_valuer_per_share": 8.12,
            "book_valuer_per_share_4q_avg": 8.73,
            "equity": 489650,
            "current_ratio": 100.22,
            "debt_ratio": 59.11,
            "inventory_turnover_ratio": 0.42,
            "account_receivable_turnover_ratio": 1.15,
            "reinvestment_rate": null,
            "research_to_sale_ratio": 15.07,
            "price_fair": 0,
            "eps_avg_yearly": 0,
            "eps_latest_yearly": 0,
            "eps_growth_yearly": 0
        },
        "20214": {
            "year_quarter": 20214,
            "year": 2021,
            "quarter": 4,
            "eps": -0.37,
            "eps_growth_year": null,
            "eps_4q": -1.42,
            "eps_4q_growth_year": null,
            "roe": -4.64,
            "roe_4q": -16.669999999999998,
            "gross_profit": 21776,
            "gross_margin": 10.9,
            "gross_margin_4q_avg": 11.96,
            "net_income": -22311,
            "revenue": 199706,
            "common_shares": 603210,
            "book_valuer_per_share": 7.81,
            "book_valuer_per_share_4q_avg": 8.4,
            "equity": 471197,
            "current_ratio": 97.8,
            "debt_ratio": 60.66,
            "inventory_turnover_ratio": 0.6,
            "account_receivable_turnover_ratio": 1.52,
            "reinvestment_rate": null,
            "research_to_sale_ratio": 9.08,
            "price_fair": 0,
            "eps_avg_yearly": 0,
            "eps_latest_yearly": 0,
            "eps_growth_yearly": 0
        },
        "20221": {
            "year_quarter": 20221,
            "year": 2022,
            "quarter": 1,
            "eps": -0.78,
            "eps_growth_year": null,
            "eps_4q": -1.93,
            "eps_4q_growth_year": null,
            "roe": -10.35,
            "roe_4q": -23.959999999999997,
            "gross_profit": 14222,
            "gross_margin": 11.05,
            "gross_margin_4q_avg": 12.07,
            "net_income": -47342,
            "revenue": 128655,
            "common_shares": 603210,
            "book_valuer_per_share": 7.36,
            "book_valuer_per_share_4q_avg": 7.97,
            "equity": 443954,
            "current_ratio": 188.38,
            "debt_ratio": 62.24,
            "inventory_turnover_ratio": 0.38,
            "account_receivable_turnover_ratio": 1.1,
            "reinvestment_rate": null,
            "research_to_sale_ratio": 15,
            "price_fair": 0,
            "eps_avg_yearly": 0,
            "eps_latest_yearly": 0,
            "eps_growth_yearly": 0
        },
        "20222": {
            "year_quarter": 20222,
            "year": 2022,
            "quarter": 2,
            "eps": -0.27,
            "eps_growth_year": null,
            "eps_4q": -1.78,
            "eps_4q_growth_year": null,
            "roe": -3.76,
            "roe_4q": -23,
            "gross_profit": 10601,
            "gross_margin": 8.27,
            "gross_margin_4q_avg": 10.95,
            "net_income": -16214,
            "revenue": 128215,
            "common_shares": 603210,
            "book_valuer_per_share": 6.92,
            "book_valuer_per_share_4q_avg": 7.55,
            "equity": 417499,
            "current_ratio": 182.32,
            "debt_ratio": 63.58,
            "inventory_turnover_ratio": 0.37,
            "account_receivable_turnover_ratio": 1.66,
            "reinvestment_rate": null,
            "research_to_sale_ratio": 14.91,
            "price_fair": 0,
            "eps_avg_yearly": 0,
            "eps_latest_yearly": 0,
            "eps_growth_yearly": 0
        },
        "20223": {
            "year_quarter": 20223,
            "year": 2022,
            "quarter": 3,
            "eps": -0.42,
            "eps_growth_year": null,
            "eps_4q": -1.84,
            "eps_4q_growth_year": null,
            "roe": -6.07,
            "roe_4q": -24.82,
            "gross_profit": 6135,
            "gross_margin": 5.48,
            "gross_margin_4q_avg": 8.93,
            "net_income": -25101,
            "revenue": 111944,
            "common_shares": 603210,
            "book_valuer_per_share": 6.79,
            "book_valuer_per_share_4q_avg": 7.22,
            "equity": 409864,
            "current_ratio": 193.54,
            "debt_ratio": 63.14,
            "inventory_turnover_ratio": 0.34,
            "account_receivable_turnover_ratio": 1.46,
            "reinvestment_rate": null,
            "research_to_sale_ratio": 16.39,
            "price_fair": 0,
            "eps_avg_yearly": 0,
            "eps_latest_yearly": 0,
            "eps_growth_yearly": 0
        }
    },
    "months": {
        "2003-07": {
            "month": "2003-07",
            "price": "20.80",
            "revenue": 86045
        },
        "2003-08": {
            "month": "2003-08",
            "price": "22.53",
            "revenue": 108681
        },
        "2003-09": {
            "month": "2003-09",
            "price": "23.20",
            "revenue": 130856
        },
        "2003-10": {
            "month": "2003-10",
            "price": "22.51",
            "revenue": 159541
        },
        "2003-11": {
            "month": "2003-11",
            "price": "22.92",
            "revenue": 126531
        },
        "2003-12": {
            "month": "2003-12",
            "price": "23.63",
            "revenue": 104996
        },
        "2004-01": {
            "month": "2004-01",
            "price": "22.84",
            "revenue": 95332
        },
        "2004-02": {
            "month": "2004-02",
            "price": "22.94",
            "revenue": 91875
        },
        "2004-03": {
            "month": "2004-03",
            "price": "21.75",
            "revenue": 74434
        },
        "2004-04": {
            "month": "2004-04",
            "price": "20.79",
            "revenue": 90731
        },
        "2004-05": {
            "month": "2004-05",
            "price": "18.08",
            "revenue": 45362
        },
        "2004-06": {
            "month": "2004-06",
            "price": "17.84",
            "revenue": 54577
        },
        "2004-07": {
            "month": "2004-07",
            "price": "17.05",
            "revenue": 74748
        },
        "2004-08": {
            "month": "2004-08",
            "price": "16.38",
            "revenue": 100821
        },
        "2004-09": {
            "month": "2004-09",
            "price": "16.21",
            "revenue": 120219
        },
        "2004-10": {
            "month": "2004-10",
            "price": "16.12",
            "revenue": 132101
        },
        "2004-11": {
            "month": "2004-11",
            "price": "15.35",
            "revenue": 132099
        },
        "2004-12": {
            "month": "2004-12",
            "price": "15.17",
            "revenue": 95326
        },
        "2005-01": {
            "month": "2005-01",
            "price": "14.52",
            "revenue": 127719
        },
        "2005-02": {
            "month": "2005-02",
            "price": "14.70",
            "revenue": 90282
        },
        "2005-03": {
            "month": "2005-03",
            "price": "14.61",
            "revenue": 140322
        },
        "2005-04": {
            "month": "2005-04",
            "price": "14.39",
            "revenue": 159842
        },
        "2005-05": {
            "month": "2005-05",
            "price": "14.40",
            "revenue": 156494
        },
        "2005-06": {
            "month": "2005-06",
            "price": "15.15",
            "revenue": 120438
        },
        "2005-07": {
            "month": "2005-07",
            "price": "17.10",
            "revenue": 148212
        },
        "2005-08": {
            "month": "2005-08",
            "price": "19.48",
            "revenue": 162223
        },
        "2005-09": {
            "month": "2005-09",
            "price": "21.01",
            "revenue": 172294
        },
        "2005-10": {
            "month": "2005-10",
            "price": "20.40",
            "revenue": 155209
        },
        "2005-11": {
            "month": "2005-11",
            "price": "20.99",
            "revenue": 177507
        },
        "2005-12": {
            "month": "2005-12",
            "price": "29.83",
            "revenue": 176763
        },
        "2006-01": {
            "month": "2006-01",
            "price": "32.98",
            "revenue": 124581
        },
        "2006-02": {
            "month": "2006-02",
            "price": "30.32",
            "revenue": 75528
        },
        "2006-03": {
            "month": "2006-03",
            "price": "30.84",
            "revenue": 116876
        },
        "2006-04": {
            "month": "2006-04",
            "price": "33.07",
            "revenue": 118882
        },
        "2006-05": {
            "month": "2006-05",
            "price": "30.10",
            "revenue": 99754
        },
        "2006-06": {
            "month": "2006-06",
            "price": "28.46",
            "revenue": 120585
        },
        "2006-07": {
            "month": "2006-07",
            "price": "27.14",
            "revenue": 114913
        },
        "2006-08": {
            "month": "2006-08",
            "price": "24.87",
            "revenue": 154703
        },
        "2006-09": {
            "month": "2006-09",
            "price": "25.21",
            "revenue": 253887
        },
        "2006-10": {
            "month": "2006-10",
            "price": "28.47",
            "revenue": 208378
        },
        "2006-11": {
            "month": "2006-11",
            "price": "27.92",
            "revenue": 192546
        },
        "2006-12": {
            "month": "2006-12",
            "price": "27.60",
            "revenue": 158890
        },
        "2007-01": {
            "month": "2007-01",
            "price": "25.59",
            "revenue": 143035
        },
        "2007-02": {
            "month": "2007-02",
            "price": "23.76",
            "revenue": 83089
        },
        "2007-03": {
            "month": "2007-03",
            "price": "22.90",
            "revenue": 132253
        },
        "2007-04": {
            "month": "2007-04",
            "price": "24.48",
            "revenue": 146699
        },
        "2007-05": {
            "month": "2007-05",
            "price": "25.33",
            "revenue": 121881
        },
        "2007-06": {
            "month": "2007-06",
            "price": "25.89",
            "revenue": 165882
        },
        "2007-07": {
            "month": "2007-07",
            "price": "26.52",
            "revenue": 172658
        },
        "2007-08": {
            "month": "2007-08",
            "price": "24.26",
            "revenue": 160463
        },
        "2007-09": {
            "month": "2007-09",
            "price": "23.58",
            "revenue": 227044
        },
        "2007-10": {
            "month": "2007-10",
            "price": "24.33",
            "revenue": 202478
        },
        "2007-11": {
            "month": "2007-11",
            "price": "23.14",
            "revenue": 252788
        },
        "2007-12": {
            "month": "2007-12",
            "price": "22.33",
            "revenue": 147475
        },
        "2008-01": {
            "month": "2008-01",
            "price": "20.96",
            "revenue": 123138
        },
        "2008-02": {
            "month": "2008-02",
            "price": "20.23",
            "revenue": 92937
        },
        "2008-03": {
            "month": "2008-03",
            "price": "20.23",
            "revenue": 138355
        },
        "2008-04": {
            "month": "2008-04",
            "price": "20.12",
            "revenue": 127626
        },
        "2008-05": {
            "month": "2008-05",
            "price": "19.45",
            "revenue": 150738
        },
        "2008-06": {
            "month": "2008-06",
            "price": "17.38",
            "revenue": 171373
        },
        "2008-07": {
            "month": "2008-07",
            "price": "15.75",
            "revenue": 108086
        },
        "2008-08": {
            "month": "2008-08",
            "price": "15.19",
            "revenue": 134309
        },
        "2008-09": {
            "month": "2008-09",
            "price": "14.44",
            "revenue": 220414
        },
        "2008-10": {
            "month": "2008-10",
            "price": "12.79",
            "revenue": 172089
        },
        "2008-11": {
            "month": "2008-11",
            "price": "12.32",
            "revenue": 194589
        },
        "2008-12": {
            "month": "2008-12",
            "price": "12.45",
            "revenue": 121953
        },
        "2009-01": {
            "month": "2009-01",
            "price": "12.52",
            "revenue": 79760
        },
        "2009-02": {
            "month": "2009-02",
            "price": "12.54",
            "revenue": 60938
        },
        "2009-03": {
            "month": "2009-03",
            "price": "12.77",
            "revenue": 128760
        },
        "2009-04": {
            "month": "2009-04",
            "price": "14.45",
            "revenue": 121921
        },
        "2009-05": {
            "month": "2009-05",
            "price": "15.50",
            "revenue": 134946
        },
        "2009-06": {
            "month": "2009-06",
            "price": "15.18",
            "revenue": 130117
        },
        "2009-07": {
            "month": "2009-07",
            "price": "15.88",
            "revenue": 139646
        },
        "2009-08": {
            "month": "2009-08",
            "price": "16.60",
            "revenue": 135991
        },
        "2009-09": {
            "month": "2009-09",
            "price": "18.06",
            "revenue": 190073
        },
        "2009-10": {
            "month": "2009-10",
            "price": "20.11",
            "revenue": 125478
        },
        "2009-11": {
            "month": "2009-11",
            "price": "19.69",
            "revenue": 147524
        },
        "2009-12": {
            "month": "2009-12",
            "price": "21.05",
            "revenue": 153774
        },
        "2010-01": {
            "month": "2010-01",
            "price": "20.28",
            "revenue": 127013
        },
        "2010-02": {
            "month": "2010-02",
            "price": "18.97",
            "revenue": 107032
        },
        "2010-03": {
            "month": "2010-03",
            "price": "20.38",
            "revenue": 125662
        },
        "2010-04": {
            "month": "2010-04",
            "price": "20.70",
            "revenue": 144560
        },
        "2010-05": {
            "month": "2010-05",
            "price": "19.75",
            "revenue": 124597
        },
        "2010-06": {
            "month": "2010-06",
            "price": "19.27",
            "revenue": 142392
        },
        "2010-07": {
            "month": "2010-07",
            "price": "19.41",
            "revenue": 118007
        },
        "2010-08": {
            "month": "2010-08",
            "price": "19.64",
            "revenue": 146278
        },
        "2010-09": {
            "month": "2010-09",
            "price": "19.92",
            "revenue": 162637
        },
        "2010-10": {
            "month": "2010-10",
            "price": "19.70",
            "revenue": 111822
        },
        "2010-11": {
            "month": "2010-11",
            "price": "19.39",
            "revenue": 112107
        },
        "2010-12": {
            "month": "2010-12",
            "price": "18.86",
            "revenue": 92835
        },
        "2011-01": {
            "month": "2011-01",
            "price": "18.25",
            "revenue": 70788
        },
        "2011-02": {
            "month": "2011-02",
            "price": "18.22",
            "revenue": 59765
        },
        "2011-03": {
            "month": "2011-03",
            "price": "17.48",
            "revenue": 91356
        },
        "2011-04": {
            "month": "2011-04",
            "price": "17.55",
            "revenue": 81350
        },
        "2011-05": {
            "month": "2011-05",
            "price": "16.64",
            "revenue": 88108
        },
        "2011-06": {
            "month": "2011-06",
            "price": "15.44",
            "revenue": 86434
        },
        "2011-07": {
            "month": "2011-07",
            "price": "14.84",
            "revenue": 75974
        },
        "2011-08": {
            "month": "2011-08",
            "price": "13.50",
            "revenue": 95003
        },
        "2011-09": {
            "month": "2011-09",
            "price": "13.08",
            "revenue": 70692
        },
        "2011-10": {
            "month": "2011-10",
            "price": "13.12",
            "revenue": 73149
        },
        "2011-11": {
            "month": "2011-11",
            "price": "12.42",
            "revenue": 69478
        },
        "2011-12": {
            "month": "2011-12",
            "price": "12.13",
            "revenue": 92151
        },
        "2012-01": {
            "month": "2012-01",
            "price": "12.38",
            "revenue": 73963
        },
        "2012-02": {
            "month": "2012-02",
            "price": "12.96",
            "revenue": 69697
        },
        "2012-03": {
            "month": "2012-03",
            "price": "13.04",
            "revenue": 71410
        },
        "2012-04": {
            "month": "2012-04",
            "price": "12.27",
            "revenue": 61682
        },
        "2012-05": {
            "month": "2012-05",
            "price": "12.15",
            "revenue": 63854
        },
        "2012-06": {
            "month": "2012-06",
            "price": "12.12",
            "revenue": 58651
        },
        "2012-07": {
            "month": "2012-07",
            "price": "12.09",
            "revenue": 57763
        },
        "2012-08": {
            "month": "2012-08",
            "price": "12.15",
            "revenue": 67256
        },
        "2012-09": {
            "month": "2012-09",
            "price": "12.07",
            "revenue": 77745
        },
        "2012-10": {
            "month": "2012-10",
            "price": "11.74",
            "revenue": 108495
        },
        "2012-11": {
            "month": "2012-11",
            "price": "11.51",
            "revenue": 111289
        },
        "2012-12": {
            "month": "2012-12",
            "price": "11.69",
            "revenue": 80572
        },
        "2013-01": {
            "month": "2013-01",
            "price": "11.67",
            "revenue": 95516
        },
        "2013-02": {
            "month": "2013-02",
            "price": "11.65",
            "revenue": 47095
        },
        "2013-03": {
            "month": "2013-03",
            "price": "11.24",
            "revenue": 75115
        },
        "2013-04": {
            "month": "2013-04",
            "price": "11.36",
            "revenue": 75431
        },
        "2013-05": {
            "month": "2013-05",
            "price": "11.63",
            "revenue": 74563
        },
        "2013-06": {
            "month": "2013-06",
            "price": "11.65",
            "revenue": 59116
        },
        "2013-07": {
            "month": "2013-07",
            "price": "11.54",
            "revenue": 110757
        },
        "2013-08": {
            "month": "2013-08",
            "price": "11.34",
            "revenue": 105777
        },
        "2013-09": {
            "month": "2013-09",
            "price": "11.26",
            "revenue": 122742
        },
        "2013-10": {
            "month": "2013-10",
            "price": "12.45",
            "revenue": 66214
        },
        "2013-11": {
            "month": "2013-11",
            "price": "11.90",
            "revenue": 88315
        },
        "2013-12": {
            "month": "2013-12",
            "price": "11.79",
            "revenue": 86438
        },
        "2014-01": {
            "month": "2014-01",
            "price": "11.99",
            "revenue": 81285
        },
        "2014-02": {
            "month": "2014-02",
            "price": "11.99",
            "revenue": 43031
        },
        "2014-03": {
            "month": "2014-03",
            "price": "11.58",
            "revenue": 82398
        },
        "2014-04": {
            "month": "2014-04",
            "price": "11.12",
            "revenue": 122371
        },
        "2014-05": {
            "month": "2014-05",
            "price": "11.37",
            "revenue": 108471
        },
        "2014-06": {
            "month": "2014-06",
            "price": "11.36",
            "revenue": 82585
        },
        "2014-07": {
            "month": "2014-07",
            "price": "11.37",
            "revenue": 92815
        },
        "2014-08": {
            "month": "2014-08",
            "price": "11.26",
            "revenue": 90876
        },
        "2014-09": {
            "month": "2014-09",
            "price": "11.28",
            "revenue": 121115
        },
        "2014-10": {
            "month": "2014-10",
            "price": "10.49",
            "revenue": 129827
        },
        "2014-11": {
            "month": "2014-11",
            "price": "10.47",
            "revenue": 125411
        },
        "2014-12": {
            "month": "2014-12",
            "price": "11.06",
            "revenue": 122941
        },
        "2015-01": {
            "month": "2015-01",
            "price": "11.68",
            "revenue": 104349
        },
        "2015-02": {
            "month": "2015-02",
            "price": "12.18",
            "revenue": 90206
        },
        "2015-03": {
            "month": "2015-03",
            "price": "15.77",
            "revenue": 92470
        },
        "2015-04": {
            "month": "2015-04",
            "price": "15.40",
            "revenue": 154757
        },
        "2015-05": {
            "month": "2015-05",
            "price": "16.35",
            "revenue": 100893
        },
        "2015-06": {
            "month": "2015-06",
            "price": "15.06",
            "revenue": 93389
        },
        "2015-07": {
            "month": "2015-07",
            "price": "13.91",
            "revenue": 106879
        },
        "2015-08": {
            "month": "2015-08",
            "price": "13.43",
            "revenue": 103904
        },
        "2015-09": {
            "month": "2015-09",
            "price": "12.24",
            "revenue": 189291
        },
        "2015-10": {
            "month": "2015-10",
            "price": "14.87",
            "revenue": 95713
        },
        "2015-11": {
            "month": "2015-11",
            "price": "14.44",
            "revenue": 130853
        },
        "2015-12": {
            "month": "2015-12",
            "price": "14.58",
            "revenue": 116087
        },
        "2016-01": {
            "month": "2016-01",
            "price": "12.42",
            "revenue": 91613
        },
        "2016-02": {
            "month": "2016-02",
            "price": "12.39",
            "revenue": 37655
        },
        "2016-03": {
            "month": "2016-03",
            "price": "12.48",
            "revenue": 117130
        },
        "2016-04": {
            "month": "2016-04",
            "price": "11.46",
            "revenue": 71349
        },
        "2016-05": {
            "month": "2016-05",
            "price": "10.66",
            "revenue": 79120
        },
        "2016-06": {
            "month": "2016-06",
            "price": "10.50",
            "revenue": 97417
        },
        "2016-07": {
            "month": "2016-07",
            "price": "10.37",
            "revenue": 66183
        },
        "2016-08": {
            "month": "2016-08",
            "price": "10.30",
            "revenue": 89005
        },
        "2016-09": {
            "month": "2016-09",
            "price": "9.50",
            "revenue": 99210
        },
        "2016-10": {
            "month": "2016-10",
            "price": "9.70",
            "revenue": 66825
        },
        "2016-11": {
            "month": "2016-11",
            "price": "9.55",
            "revenue": 84759
        },
        "2016-12": {
            "month": "2016-12",
            "price": "9.31",
            "revenue": 104127
        },
        "2017-01": {
            "month": "2017-01",
            "price": "9.70",
            "revenue": 86868
        },
        "2017-02": {
            "month": "2017-02",
            "price": "9.68",
            "revenue": 59957
        },
        "2017-03": {
            "month": "2017-03",
            "price": "9.81",
            "revenue": 77575
        },
        "2017-04": {
            "month": "2017-04",
            "price": "9.96",
            "revenue": 54647
        },
        "2017-05": {
            "month": "2017-05",
            "price": "10.09",
            "revenue": 68348
        },
        "2017-06": {
            "month": "2017-06",
            "price": "10.27",
            "revenue": 54945
        },
        "2017-07": {
            "month": "2017-07",
            "price": "10.21",
            "revenue": 91645
        },
        "2017-08": {
            "month": "2017-08",
            "price": "9.82",
            "revenue": 73670
        },
        "2017-09": {
            "month": "2017-09",
            "price": "12.59",
            "revenue": 102449
        },
        "2017-10": {
            "month": "2017-10",
            "price": "12.19",
            "revenue": 98399
        },
        "2017-11": {
            "month": "2017-11",
            "price": "11.24",
            "revenue": 91621
        },
        "2017-12": {
            "month": "2017-12",
            "price": "10.74",
            "revenue": 74960
        },
        "2018-01": {
            "month": "2018-01",
            "price": "10.73",
            "revenue": 100550
        },
        "2018-02": {
            "month": "2018-02",
            "price": "11.60",
            "revenue": 41264
        },
        "2018-03": {
            "month": "2018-03",
            "price": "15.51",
            "revenue": 52920
        },
        "2018-04": {
            "month": "2018-04",
            "price": "15.19",
            "revenue": 51495
        },
        "2018-05": {
            "month": "2018-05",
            "price": "13.20",
            "revenue": 75172
        },
        "2018-06": {
            "month": "2018-06",
            "price": "13.39",
            "revenue": 57727
        },
        "2018-07": {
            "month": "2018-07",
            "price": "12.44",
            "revenue": 63529
        },
        "2018-08": {
            "month": "2018-08",
            "price": "12.00",
            "revenue": 74906
        },
        "2018-09": {
            "month": "2018-09",
            "price": "11.78",
            "revenue": 70221
        },
        "2018-10": {
            "month": "2018-10",
            "price": "10.78",
            "revenue": 81276
        },
        "2018-11": {
            "month": "2018-11",
            "price": "10.71",
            "revenue": 79887
        },
        "2018-12": {
            "month": "2018-12",
            "price": "10.34",
            "revenue": 51276
        },
        "2019-01": {
            "month": "2019-01",
            "price": "10.17",
            "revenue": 55447
        },
        "2019-02": {
            "month": "2019-02",
            "price": "10.06",
            "revenue": 34089
        },
        "2019-03": {
            "month": "2019-03",
            "price": "9.89",
            "revenue": 62765
        },
        "2019-04": {
            "month": "2019-04",
            "price": "10.62",
            "revenue": 74633
        },
        "2019-05": {
            "month": "2019-05",
            "price": "11.26",
            "revenue": 48155
        },
        "2019-06": {
            "month": "2019-06",
            "price": "10.72",
            "revenue": 70012
        },
        "2019-07": {
            "month": "2019-07",
            "price": "10.56",
            "revenue": 79155
        },
        "2019-08": {
            "month": "2019-08",
            "price": "10.31",
            "revenue": 94309
        },
        "2019-09": {
            "month": "2019-09",
            "price": "10.33",
            "revenue": 90823
        },
        "2019-10": {
            "month": "2019-10",
            "price": "10.33",
            "revenue": 72703
        },
        "2019-11": {
            "month": "2019-11",
            "price": "10.04",
            "revenue": 43536
        },
        "2019-12": {
            "month": "2019-12",
            "price": "9.90",
            "revenue": 54902
        },
        "2020-01": {
            "month": "2020-01",
            "price": "9.87",
            "revenue": 68853
        },
        "2020-02": {
            "month": "2020-02",
            "price": "9.77",
            "revenue": 23380
        },
        "2020-03": {
            "month": "2020-03",
            "price": "9.15",
            "revenue": 55952
        },
        "2020-04": {
            "month": "2020-04",
            "price": "9.46",
            "revenue": 62731
        },
        "2020-05": {
            "month": "2020-05",
            "price": "9.50",
            "revenue": 35474
        },
        "2020-06": {
            "month": "2020-06",
            "price": "9.25",
            "revenue": 56081
        },
        "2020-07": {
            "month": "2020-07",
            "price": "9.09",
            "revenue": 39141
        },
        "2020-08": {
            "month": "2020-08",
            "price": "9.08",
            "revenue": 60743
        },
        "2020-09": {
            "month": "2020-09",
            "price": "9.39",
            "revenue": 82184
        },
        "2020-10": {
            "month": "2020-10",
            "price": "9.45",
            "revenue": 57979
        },
        "2020-11": {
            "month": "2020-11",
            "price": "9.59",
            "revenue": 35178
        },
        "2020-12": {
            "month": "2020-12",
            "price": "9.57",
            "revenue": 85131
        },
        "2021-01": {
            "month": "2021-01",
            "price": "9.58",
            "revenue": 68323
        },
        "2021-02": {
            "month": "2021-02",
            "price": "9.58",
            "revenue": 52016
        },
        "2021-03": {
            "month": "2021-03",
            "price": "10.41",
            "revenue": 71853
        },
        "2021-04": {
            "month": "2021-04",
            "price": "11.28",
            "revenue": 58478
        },
        "2021-05": {
            "month": "2021-05",
            "price": "10.17",
            "revenue": 48839
        },
        "2021-06": {
            "month": "2021-06",
            "price": "9.92",
            "revenue": 52016
        },
        "2021-07": {
            "month": "2021-07",
            "price": "10.29",
            "revenue": 30947
        },
        "2021-08": {
            "month": "2021-08",
            "price": "9.98",
            "revenue": 67924
        },
        "2021-09": {
            "month": "2021-09",
            "price": "9.90",
            "revenue": 37146
        },
        "2021-10": {
            "month": "2021-10",
            "price": "9.93",
            "revenue": 44521
        },
        "2021-11": {
            "month": "2021-11",
            "price": "10.02",
            "revenue": 89022
        },
        "2021-12": {
            "month": "2021-12",
            "price": "11.26",
            "revenue": 66163
        },
        "2022-01": {
            "month": "2022-01",
            "price": "11.79",
            "revenue": 66409
        },
        "2022-02": {
            "month": "2022-02",
            "price": "11.09",
            "revenue": 35274
        },
        "2022-03": {
            "month": "2022-03",
            "price": "10.60",
            "revenue": 26972
        },
        "2022-04": {
            "month": "2022-04",
            "price": "10.79",
            "revenue": 36286
        },
        "2022-05": {
            "month": "2022-05",
            "price": "10.27",
            "revenue": 37312
        },
        "2022-06": {
            "month": "2022-06",
            "price": "10.46",
            "revenue": 54616
        },
        "2022-07": {
            "month": "2022-07",
            "price": "9.98",
            "revenue": 26157
        },
        "2022-08": {
            "month": "2022-08",
            "price": "10.94",
            "revenue": 47076
        },
        "2022-09": {
            "month": "2022-09",
            "price": "10.93",
            "revenue": 38711
        },
        "2022-10": {
            "month": "2022-10",
            "price": "13.35",
            "revenue": 35044
        },
        "2022-11": {
            "month": "2022-11",
            "price": "15.34",
            "revenue": 20877
        },
        "2022-12": {
            "month": "2022-12",
            "price": "15.37",
            "revenue": 39051
        }
    }
}
