{
    "summary": {
        "stock_name": "沛波",
        "stock_id": "6248",
        "category": "鋼鐵",
        "main_business": "鋼材二次加工業、建材批發業、建材零售業",
        "website_url": "http://www.tmpco.com.tw",
        "ceo": "楊韻蒔",
        "pe_ratio": 8,
        "report_year_from": 2001,
        "report_year_to": 2023,
        "age": 23,
        "eps_negative_percentage": 26,
        "eps_growth_avg": {
            "last_all": -18.34,
            "last_2y": 37.99,
            "last_4y": 18.54,
            "last_8y": 0.84,
            "last_12y": -10.37,
            "last_16y": -26.66,
            "last_20y": -26.23,
            "at_2006_last_3y": -25.05,
            "at_2007_last_3y": -61.21,
            "at_2008_last_3y": -65.24,
            "at_2009_last_3y": -94.87,
            "at_2010_last_3y": -100,
            "at_2011_last_3y": -100,
            "at_2012_last_3y": -100,
            "at_2013_last_3y": -100,
            "at_2014_last_3y": -100,
            "at_2015_last_3y": 93.81,
            "at_2016_last_3y": 21.64,
            "at_2017_last_3y": 10.84,
            "at_2018_last_3y": -16.87,
            "at_2019_last_3y": -53.76,
            "at_2020_last_3y": -50.18,
            "at_2021_last_3y": -47.94,
            "at_2022_last_3y": 17.73,
            "at_2023_last_3y": 18.54,
            "at_2024_last_3y": 18.54,
            "at_2006_last_all": -0.04,
            "at_2007_last_all": -16.7,
            "at_2008_last_all": -16.7,
            "at_2009_last_all": -28.6,
            "at_2010_last_all": -28.6,
            "at_2011_last_all": -37.53,
            "at_2012_last_all": -37.53,
            "at_2013_last_all": -37.53,
            "at_2014_last_all": -37.53,
            "at_2015_last_all": -22.93,
            "at_2016_last_all": -25.69,
            "at_2017_last_all": -24.33,
            "at_2018_last_all": -30.64,
            "at_2019_last_all": -30.64,
            "at_2020_last_all": -31.34,
            "at_2021_last_all": -29.39,
            "at_2022_last_all": -20.97,
            "at_2023_last_all": -18.34,
            "at_2024_last_all": -18.34
        },
        "latest_eps": 3.83,
        "latest_price": 32.5,
        "latest_roe": 20.36,
        "latest_gross_margin": 6.33,
        "latest_equity": 1445216,
        "latest_revenue": 2056026,
        "latest_gross_profit": 130162,
        "latest_net_income": 126651,
        "latest_debt_ratio": 50.13,
        "latest_current_ratio": 191.69,
        "latest_account_receivable_turnover_ratio": 2.36,
        "latest_inventory_turnover_ratio": 2.79,
        "latest_reinvestment_rate": 90.57,
        "latest_research_to_sale_ratio": null
    },
    "eps_dividends": {
        "2001": {
            "cash": 0,
            "stock": 1.2,
            "eps": 0.79
        },
        "2002": {
            "cash": 0.4,
            "stock": 0.6,
            "eps": 1.59
        },
        "2003": {
            "cash": 0.2,
            "stock": 1,
            "eps": 2.3
        },
        "2004": {
            "cash": 0.8,
            "stock": 0.8,
            "eps": 1.17
        },
        "2005": {
            "cash": 0.28,
            "stock": 0.47,
            "eps": 1.04
        },
        "2006": {
            "cash": 0.2,
            "stock": 0.31,
            "eps": 0.16
        },
        "2007": {
            "cash": 0.29,
            "stock": 0.19,
            "eps": -0.49
        },
        "2008": {
            "cash": 0,
            "stock": 0,
            "eps": 0.02
        },
        "2009": {
            "cash": 0.1,
            "stock": 0,
            "eps": -1.7
        },
        "2010": {
            "cash": 0,
            "stock": 0,
            "eps": 0.08
        },
        "2011": {
            "cash": 0,
            "stock": 0,
            "eps": -3.92
        },
        "2012": {
            "cash": 0,
            "stock": 0,
            "eps": -5.22
        },
        "2013": {
            "cash": 0,
            "stock": 0,
            "eps": -1.95
        },
        "2014": {
            "cash": 0,
            "stock": 0,
            "eps": 0.97
        },
        "2015": {
            "cash": 0,
            "stock": 0,
            "eps": 1.88
        },
        "2016": {
            "cash": 0.65,
            "stock": 0,
            "eps": 0.93
        },
        "2017": {
            "cash": 0.8,
            "stock": 0,
            "eps": 0.83
        },
        "2018": {
            "cash": 0.7,
            "stock": 0,
            "eps": 0
        },
        "2019": {
            "cash": 0,
            "stock": 0,
            "eps": 2.89
        },
        "2020": {
            "cash": 2.2,
            "stock": 0,
            "eps": 1.74
        },
        "2021": {
            "cash": 1.2,
            "stock": 0,
            "eps": 1.67
        },
        "2022": {
            "cash": 1.2,
            "stock": 0,
            "eps": 3.29
        },
        "2023": {
            "cash": 2,
            "stock": 0,
            "eps": 3.98
        },
        "2024": {
            "cash": 2,
            "stock": 0,
            "eps": 0
        }
    },
    "dividends": {
        "2001-06-12": {
            "cash": 0,
            "stock": 1.2
        },
        "2002-06-19": {
            "cash": 0.4,
            "stock": 0.6
        },
        "2003-05-13": {
            "cash": 0.2,
            "stock": 1
        },
        "2004-02-16": {
            "cash": 0.8,
            "stock": 0.8
        },
        "2005-04-28": {
            "cash": 0.28,
            "stock": 0.47
        },
        "2006-03-22": {
            "cash": 0.2,
            "stock": 0.31
        },
        "2007-03-27": {
            "cash": 0.29,
            "stock": 0.19
        },
        "2009-03-31": {
            "cash": 0.1,
            "stock": 0
        },
        "2016-11-08": {
            "cash": 0.65,
            "stock": 0
        },
        "2017-10-05": {
            "cash": 0.8,
            "stock": 0
        },
        "2018-11-15": {
            "cash": 0.7,
            "stock": 0
        },
        "2020-09-28": {
            "cash": 2.2,
            "stock": 0
        },
        "2021-08-20": {
            "cash": 1.2,
            "stock": 0
        },
        "2022-06-30": {
            "cash": 1.2,
            "stock": 0
        },
        "2023-06-29": {
            "cash": 2,
            "stock": 0
        },
        "2024-02-23": {
            "cash": 2,
            "stock": 0
        }
    },
    "prices": {
        "200101": "無",
        "200102": "無",
        "200103": "無",
        "200104": "無",
        "200105": "無",
        "200106": "無",
        "200107": "無",
        "200108": "無",
        "200109": "無",
        "200110": "無",
        "200111": "無",
        "200112": "無",
        "200201": "無",
        "200202": "無",
        "200203": "無",
        "200204": "無",
        "200205": "無",
        "200206": "無",
        "200207": "無",
        "200208": "無",
        "200209": "無",
        "200210": "無",
        "200211": "無",
        "200212": "無",
        "200301": "無",
        "200302": "無",
        "200303": "無",
        "200304": "無",
        "200305": "無",
        "200306": "無",
        "200307": "無",
        "200308": "無",
        "200309": "24.39",
        "200310": "23.46",
        "200311": "28.58",
        "200312": "27.17",
        "200401": "26.58",
        "200402": "26.63",
        "200403": "26.15",
        "200404": "24.17",
        "200405": "21.71",
        "200406": "20.35",
        "200407": "18.65",
        "200408": "17.76",
        "200409": "16.95",
        "200410": "14.05",
        "200411": "13.03",
        "200412": "13.12",
        "200501": "12.91",
        "200502": "14.99",
        "200503": "16.35",
        "200504": "16.90",
        "200505": "16.01",
        "200506": "16.14",
        "200507": "18.06",
        "200508": "18.67",
        "200509": "16.85",
        "200510": "16.57",
        "200511": "16.05",
        "200512": "18.05",
        "200601": "19.49",
        "200602": "18.33",
        "200603": "19.13",
        "200604": "19.78",
        "200605": "18.51",
        "200606": "15.28",
        "200607": "14.03",
        "200608": "13.39",
        "200609": "12.15",
        "200610": "12.12",
        "200611": "12.78",
        "200612": "13.81",
        "200701": "15.05",
        "200702": "15.57",
        "200703": "15.70",
        "200704": "15.42",
        "200705": "15.09",
        "200706": "16.04",
        "200707": "16.44",
        "200708": "15.82",
        "200709": "14.76",
        "200710": "15.40",
        "200711": "14.31",
        "200712": "13.49",
        "200801": "12.99",
        "200802": "13.45",
        "200803": "14.15",
        "200804": "14.44",
        "200805": "14.67",
        "200806": "13.27",
        "200807": "12.02",
        "200808": "11.25",
        "200809": "10.70",
        "200810": "9.51",
        "200811": "7.76",
        "200812": "7.31",
        "200901": "7.07",
        "200902": "6.85",
        "200903": "9.36",
        "200904": "8.86",
        "200905": "7.43",
        "200906": "7.69",
        "200907": "8.22",
        "200908": "10.82",
        "200909": "11.07",
        "200910": "11.69",
        "200911": "11.56",
        "200912": "14.56",
        "201001": "24.25",
        "201002": "19.74",
        "201003": "22.49",
        "201004": "21.80",
        "201005": "16.66",
        "201006": "15.61",
        "201007": "16.74",
        "201008": "16.41",
        "201009": "14.40",
        "201010": "13.22",
        "201011": "12.62",
        "201012": "14.68",
        "201101": "13.26",
        "201102": "12.04",
        "201103": "11.29",
        "201104": "10.72",
        "201105": "9.65",
        "201106": "8.43",
        "201107": "7.98",
        "201108": "8.89",
        "201109": "7.51",
        "201110": "7.36",
        "201111": "7.73",
        "201112": "6.59",
        "201201": "6.36",
        "201202": "7.05",
        "201203": "7.09",
        "201204": "6.20",
        "201205": "4.54",
        "201206": "4.20",
        "201207": "4.78",
        "201208": "5.64",
        "201209": "5.13",
        "201210": "4.99",
        "201211": "4.87",
        "201212": "4.52",
        "201301": "5.64",
        "201302": "4.96",
        "201303": "4.62",
        "201304": "4.57",
        "201305": "4.27",
        "201306": "4.91",
        "201307": "4.61",
        "201308": "4.26",
        "201309": "4.28",
        "201310": "5.70",
        "201311": "4.90",
        "201312": "7.38",
        "201401": "10.28",
        "201402": "10.16",
        "201403": "9.30",
        "201404": "7.37",
        "201405": "7.67",
        "201406": "8.60",
        "201407": "8.06",
        "201408": "8.05",
        "201409": "7.55",
        "201410": "7.21",
        "201411": "9.44",
        "201412": "29.44",
        "201501": "28.13",
        "201502": "27.39",
        "201503": "28.98",
        "201504": "37.95",
        "201505": "35.28",
        "201506": "31.35",
        "201507": "30.97",
        "201508": "27.36",
        "201509": "25.12",
        "201510": "24.04",
        "201511": "22.42",
        "201512": "21.19",
        "201601": "24.71",
        "201602": "29.52",
        "201603": "28.51",
        "201604": "26.75",
        "201605": "26.10",
        "201606": "25.79",
        "201607": "25.15",
        "201608": "24.21",
        "201609": "23.39",
        "201610": "23.27",
        "201611": "22.09",
        "201612": "20.16",
        "201701": "20.57",
        "201702": "22.93",
        "201703": "26.80",
        "201704": "23.36",
        "201705": "22.55",
        "201706": "22.46",
        "201707": "21.86",
        "201708": "21.10",
        "201709": "20.89",
        "201710": "20.23",
        "201711": "17.19",
        "201712": "18.22",
        "201801": "20.56",
        "201802": "18.71",
        "201803": "20.32",
        "201804": "19.40",
        "201805": "18.24",
        "201806": "17.29",
        "201807": "15.99",
        "201808": "14.70",
        "201809": "14.75",
        "201810": "14.44",
        "201811": "13.86",
        "201812": "13.58",
        "201901": "13.19",
        "201902": "13.40",
        "201903": "13.75",
        "201904": "15.92",
        "201905": "23.36",
        "201906": "30.53",
        "201907": "28.85",
        "201908": "28.31",
        "201909": "28.11",
        "201910": "28.45",
        "201911": "28.32",
        "201912": "27.73",
        "202001": "27.90",
        "202002": "27.82",
        "202003": "25.67",
        "202004": "27.20",
        "202005": "27.61",
        "202006": "27.37",
        "202007": "27.26",
        "202008": "27.56",
        "202009": "25.95",
        "202010": "24.87",
        "202011": "24.86",
        "202012": "25.61",
        "202101": "26.95",
        "202102": "25.43",
        "202103": "26.06",
        "202104": "29.50",
        "202105": "23.40",
        "202106": "24.39",
        "202107": "26.18",
        "202108": "21.59",
        "202109": "20.62",
        "202110": "20.81",
        "202111": "20.90",
        "202112": "21.49",
        "202201": "21.98",
        "202202": "23.86",
        "202203": "22.96",
        "202204": "22.54",
        "202205": "21.90",
        "202206": "20.96",
        "202207": "19.58",
        "202208": "20.92",
        "202209": "20.67",
        "202210": "20.34",
        "202211": "20.67",
        "202212": "22.20",
        "202301": "22.41",
        "202302": "22.64",
        "202303": "25.55",
        "202304": "32.41",
        "202305": "30.30",
        "202306": "28.17",
        "202307": "27.54",
        "202308": "27.15",
        "202309": "27.28",
        "202310": "25.94",
        "202311": "26.41",
        "202312": "27.96"
    },
    "quarters": {
        "20011": {
            "year_quarter": 20011,
            "year": 2001,
            "quarter": 1,
            "eps": null,
            "eps_growth_year": null,
            "eps_4q": null,
            "eps_4q_growth_year": null,
            "roe": null,
            "roe_4q": 0,
            "gross_profit": null,
            "gross_margin": null,
            "gross_margin_4q_avg": 0,
            "net_income": null,
            "net_income_4q": null,
            "revenue": null,
            "revenue_4q": null,
            "common_shares": null,
            "book_valuer_per_share": null,
            "book_valuer_per_share_4q_avg": 0,
            "equity": null,
            "current_ratio": null,
            "debt_ratio": null,
            "inventory_turnover_ratio": null,
            "account_receivable_turnover_ratio": null,
            "reinvestment_rate": null,
            "research_to_sale_ratio": null,
            "price_fair": 0,
            "eps_avg_yearly": 0,
            "eps_latest_yearly": 0,
            "eps_growth_yearly": 0
        },
        "20012": {
            "year_quarter": 20012,
            "year": 2001,
            "quarter": 2,
            "eps": null,
            "eps_growth_year": null,
            "eps_4q": null,
            "eps_4q_growth_year": null,
            "roe": null,
            "roe_4q": 0,
            "gross_profit": null,
            "gross_margin": null,
            "gross_margin_4q_avg": 0,
            "net_income": null,
            "net_income_4q": null,
            "revenue": null,
            "revenue_4q": null,
            "common_shares": null,
            "book_valuer_per_share": null,
            "book_valuer_per_share_4q_avg": 0,
            "equity": null,
            "current_ratio": null,
            "debt_ratio": null,
            "inventory_turnover_ratio": null,
            "account_receivable_turnover_ratio": null,
            "reinvestment_rate": null,
            "research_to_sale_ratio": null,
            "price_fair": 0,
            "eps_avg_yearly": 0,
            "eps_latest_yearly": 0,
            "eps_growth_yearly": 0
        },
        "20013": {
            "year_quarter": 20013,
            "year": 2001,
            "quarter": 3,
            "eps": 0.08,
            "eps_growth_year": null,
            "eps_4q": null,
            "eps_4q_growth_year": null,
            "roe": 0.7,
            "roe_4q": 0.7,
            "gross_profit": 17360,
            "gross_margin": 19.62,
            "gross_margin_4q_avg": 6.54,
            "net_income": 2540,
            "net_income_4q": null,
            "revenue": 88491,
            "revenue_4q": null,
            "common_shares": 304727,
            "book_valuer_per_share": 11.98,
            "book_valuer_per_share_4q_avg": 3.99,
            "equity": 365156,
            "current_ratio": 331.92,
            "debt_ratio": 27.69,
            "inventory_turnover_ratio": 0.73,
            "account_receivable_turnover_ratio": null,
            "reinvestment_rate": null,
            "research_to_sale_ratio": null,
            "price_fair": 0,
            "eps_avg_yearly": 0,
            "eps_latest_yearly": 0,
            "eps_growth_yearly": 0
        },
        "20014": {
            "year_quarter": 20014,
            "year": 2001,
            "quarter": 4,
            "eps": 0.71,
            "eps_growth_year": null,
            "eps_4q": null,
            "eps_4q_growth_year": null,
            "roe": 5.77,
            "roe_4q": 6.47,
            "gross_profit": 20647,
            "gross_margin": 15.95,
            "gross_margin_4q_avg": 8.89,
            "net_income": 21778,
            "net_income_4q": null,
            "revenue": 129439,
            "revenue_4q": null,
            "common_shares": 304727,
            "book_valuer_per_share": 12.8,
            "book_valuer_per_share_4q_avg": 6.2,
            "equity": 389998,
            "current_ratio": 253.77,
            "debt_ratio": 31.88,
            "inventory_turnover_ratio": 1.06,
            "account_receivable_turnover_ratio": null,
            "reinvestment_rate": null,
            "research_to_sale_ratio": null,
            "price_fair": 0,
            "eps_avg_yearly": 0,
            "eps_latest_yearly": 0,
            "eps_growth_yearly": 0
        },
        "20021": {
            "year_quarter": 20021,
            "year": 2002,
            "quarter": 1,
            "eps": 0.44,
            "eps_growth_year": null,
            "eps_4q": null,
            "eps_4q_growth_year": null,
            "roe": 3.4,
            "roe_4q": 9.87,
            "gross_profit": 29904,
            "gross_margin": 22.89,
            "gross_margin_4q_avg": 14.62,
            "net_income": 13485,
            "net_income_4q": null,
            "revenue": 130631,
            "revenue_4q": null,
            "common_shares": 304727,
            "book_valuer_per_share": 13.24,
            "book_valuer_per_share_4q_avg": 9.51,
            "equity": 403483,
            "current_ratio": 252.77,
            "debt_ratio": 31.31,
            "inventory_turnover_ratio": 0.89,
            "account_receivable_turnover_ratio": null,
            "reinvestment_rate": null,
            "research_to_sale_ratio": null,
            "price_fair": 5.28,
            "eps_avg_yearly": 1.76,
            "eps_latest_yearly": 1.76,
            "eps_growth_yearly": -152.11
        },
        "20022": {
            "year_quarter": 20022,
            "year": 2002,
            "quarter": 2,
            "eps": 0.31,
            "eps_growth_year": null,
            "eps_4q": 1.49,
            "eps_4q_growth_year": null,
            "roe": 2.48,
            "roe_4q": 12.349999999999998,
            "gross_profit": 31182,
            "gross_margin": 21.59,
            "gross_margin_4q_avg": 20.01,
            "net_income": 9923,
            "net_income_4q": null,
            "revenue": 144448,
            "revenue_4q": null,
            "common_shares": 304727,
            "book_valuer_per_share": 13.07,
            "book_valuer_per_share_4q_avg": 12.77,
            "equity": 398359,
            "current_ratio": 230.65,
            "debt_ratio": 33.43,
            "inventory_turnover_ratio": 0.99,
            "account_receivable_turnover_ratio": null,
            "reinvestment_rate": null,
            "research_to_sale_ratio": null,
            "price_fair": 4.5,
            "eps_avg_yearly": 1.5,
            "eps_latest_yearly": 1.24,
            "eps_growth_yearly": -135.15
        },
        "20023": {
            "year_quarter": 20023,
            "year": 2002,
            "quarter": 3,
            "eps": 0.3,
            "eps_growth_year": 275,
            "eps_4q": 1.71,
            "eps_4q_growth_year": null,
            "roe": 2.38,
            "roe_4q": 14.03,
            "gross_profit": 25746,
            "gross_margin": 17.91,
            "gross_margin_4q_avg": 19.59,
            "net_income": 9612,
            "net_income_4q": null,
            "revenue": 143735,
            "revenue_4q": null,
            "common_shares": 325220,
            "book_valuer_per_share": 12.63,
            "book_valuer_per_share_4q_avg": 12.94,
            "equity": 410709,
            "current_ratio": 264.32,
            "debt_ratio": 29.17,
            "inventory_turnover_ratio": 1.1,
            "account_receivable_turnover_ratio": null,
            "reinvestment_rate": null,
            "research_to_sale_ratio": null,
            "price_fair": 4.2,
            "eps_avg_yearly": 1.4,
            "eps_latest_yearly": 1.2,
            "eps_growth_yearly": -94.4
        },
        "20024": {
            "year_quarter": 20024,
            "year": 2002,
            "quarter": 4,
            "eps": 0.54,
            "eps_growth_year": -23.94,
            "eps_4q": 1.56,
            "eps_4q_growth_year": null,
            "roe": 4.17,
            "roe_4q": 12.43,
            "gross_profit": 37083,
            "gross_margin": 22.54,
            "gross_margin_4q_avg": 21.23,
            "net_income": 17499,
            "net_income_4q": null,
            "revenue": 164518,
            "revenue_4q": null,
            "common_shares": 325220,
            "book_valuer_per_share": 13.16,
            "book_valuer_per_share_4q_avg": 13.03,
            "equity": 427915,
            "current_ratio": 205.6,
            "debt_ratio": 36.89,
            "inventory_turnover_ratio": 1.17,
            "account_receivable_turnover_ratio": null,
            "reinvestment_rate": null,
            "research_to_sale_ratio": null,
            "price_fair": 30.53,
            "eps_avg_yearly": 1.59,
            "eps_latest_yearly": 2.16,
            "eps_growth_yearly": 9.2
        },
        "20031": {
            "year_quarter": 20031,
            "year": 2003,
            "quarter": 1,
            "eps": 0.67,
            "eps_growth_year": 52.27,
            "eps_4q": 1.81,
            "eps_4q_growth_year": null,
            "roe": 4.98,
            "roe_4q": 14.010000000000002,
            "gross_profit": 38456,
            "gross_margin": 22.11,
            "gross_margin_4q_avg": 21.04,
            "net_income": 21845,
            "net_income_4q": null,
            "revenue": 173909,
            "revenue_4q": null,
            "common_shares": 325220,
            "book_valuer_per_share": 13.83,
            "book_valuer_per_share_4q_avg": 13.17,
            "equity": 449922,
            "current_ratio": 235.05,
            "debt_ratio": 31.37,
            "inventory_turnover_ratio": 1.29,
            "account_receivable_turnover_ratio": null,
            "reinvestment_rate": null,
            "research_to_sale_ratio": null,
            "price_fair": 63.28,
            "eps_avg_yearly": 1.81,
            "eps_latest_yearly": 2.68,
            "eps_growth_yearly": 26.62
        },
        "20032": {
            "year_quarter": 20032,
            "year": 2003,
            "quarter": 2,
            "eps": 0.56,
            "eps_growth_year": 80.65,
            "eps_4q": 2.06,
            "eps_4q_growth_year": 38.2,
            "roe": 4.02,
            "roe_4q": 15.55,
            "gross_profit": 36129,
            "gross_margin": 25.47,
            "gross_margin_4q_avg": 22.01,
            "net_income": 18270,
            "net_income_4q": null,
            "revenue": 141840,
            "revenue_4q": null,
            "common_shares": 325220,
            "book_valuer_per_share": 14.13,
            "book_valuer_per_share_4q_avg": 13.44,
            "equity": 459502,
            "current_ratio": 223.84,
            "debt_ratio": 31.77,
            "inventory_turnover_ratio": 1.03,
            "account_receivable_turnover_ratio": null,
            "reinvestment_rate": null,
            "research_to_sale_ratio": null,
            "price_fair": 39.93,
            "eps_avg_yearly": 1.88,
            "eps_latest_yearly": 2.24,
            "eps_growth_yearly": 11.24
        },
        "20033": {
            "year_quarter": 20033,
            "year": 2003,
            "quarter": 3,
            "eps": 0.41,
            "eps_growth_year": 36.67,
            "eps_4q": 1.99,
            "eps_4q_growth_year": 16.43,
            "roe": 3.2,
            "roe_4q": 16.369999999999997,
            "gross_profit": 45381,
            "gross_margin": 26.36,
            "gross_margin_4q_avg": 24.12,
            "net_income": 14938,
            "net_income_4q": null,
            "revenue": 172145,
            "revenue_4q": null,
            "common_shares": 361380,
            "book_valuer_per_share": 13.13,
            "book_valuer_per_share_4q_avg": 13.56,
            "equity": 474440,
            "current_ratio": 216.08,
            "debt_ratio": 32.64,
            "inventory_turnover_ratio": 1.19,
            "account_receivable_turnover_ratio": null,
            "reinvestment_rate": null,
            "research_to_sale_ratio": null,
            "price_fair": 5.54,
            "eps_avg_yearly": 1.85,
            "eps_latest_yearly": 1.64,
            "eps_growth_yearly": -5.67
        },
        "20034": {
            "year_quarter": 20034,
            "year": 2003,
            "quarter": 4,
            "eps": 0.66,
            "eps_growth_year": 22.22,
            "eps_4q": 2.19,
            "eps_4q_growth_year": 40.3,
            "roe": 4.91,
            "roe_4q": 17.11,
            "gross_profit": 51137,
            "gross_margin": 26.05,
            "gross_margin_4q_avg": 25,
            "net_income": 23791,
            "net_income_4q": null,
            "revenue": 196336,
            "revenue_4q": null,
            "common_shares": 361380,
            "book_valuer_per_share": 13.71,
            "book_valuer_per_share_4q_avg": 13.7,
            "equity": 495328,
            "current_ratio": 206.03,
            "debt_ratio": 36.53,
            "inventory_turnover_ratio": 1.35,
            "account_receivable_turnover_ratio": null,
            "reinvestment_rate": null,
            "research_to_sale_ratio": null,
            "price_fair": 68.08,
            "eps_avg_yearly": 1.95,
            "eps_latest_yearly": 2.64,
            "eps_growth_yearly": 25.52
        },
        "20041": {
            "year_quarter": 20041,
            "year": 2004,
            "quarter": 1,
            "eps": 0.27,
            "eps_growth_year": -59.7,
            "eps_4q": 1.85,
            "eps_4q_growth_year": 2.43,
            "roe": 1.95,
            "roe_4q": 14.08,
            "gross_profit": 39339,
            "gross_margin": 24.75,
            "gross_margin_4q_avg": 25.66,
            "net_income": 9742,
            "net_income_4q": null,
            "revenue": 158936,
            "revenue_4q": null,
            "common_shares": 361380,
            "book_valuer_per_share": 13.98,
            "book_valuer_per_share_4q_avg": 13.74,
            "equity": 505070,
            "current_ratio": 194.58,
            "debt_ratio": 36.25,
            "inventory_turnover_ratio": 1.09,
            "account_receivable_turnover_ratio": null,
            "reinvestment_rate": null,
            "research_to_sale_ratio": null,
            "price_fair": 5.55,
            "eps_avg_yearly": 1.85,
            "eps_latest_yearly": 1.08,
            "eps_growth_yearly": -3.58
        },
        "20042": {
            "year_quarter": 20042,
            "year": 2004,
            "quarter": 2,
            "eps": 0.09,
            "eps_growth_year": -83.93,
            "eps_4q": 1.45,
            "eps_4q_growth_year": -29.6,
            "roe": 0.65,
            "roe_4q": 10.71,
            "gross_profit": 38597,
            "gross_margin": 25.04,
            "gross_margin_4q_avg": 25.55,
            "net_income": 3206,
            "net_income_4q": null,
            "revenue": 154141,
            "revenue_4q": null,
            "common_shares": 361380,
            "book_valuer_per_share": 13.19,
            "book_valuer_per_share_4q_avg": 13.5,
            "equity": 476528,
            "current_ratio": 223.56,
            "debt_ratio": 46.88,
            "inventory_turnover_ratio": 0.97,
            "account_receivable_turnover_ratio": null,
            "reinvestment_rate": null,
            "research_to_sale_ratio": null,
            "price_fair": 5.1,
            "eps_avg_yearly": 1.7,
            "eps_latest_yearly": 0.36,
            "eps_growth_yearly": -29.88
        },
        "20043": {
            "year_quarter": 20043,
            "year": 2004,
            "quarter": 3,
            "eps": 0.42,
            "eps_growth_year": 2.44,
            "eps_4q": 1.35,
            "eps_4q_growth_year": -32.05,
            "roe": 3.53,
            "roe_4q": 11.04,
            "gross_profit": 41799,
            "gross_margin": 21.82,
            "gross_margin_4q_avg": 24.42,
            "net_income": 16538,
            "net_income_4q": null,
            "revenue": 191597,
            "revenue_4q": null,
            "common_shares": 395967,
            "book_valuer_per_share": 11.62,
            "book_valuer_per_share_4q_avg": 13.13,
            "equity": 460041,
            "current_ratio": 233.43,
            "debt_ratio": 45.22,
            "inventory_turnover_ratio": 1.2,
            "account_receivable_turnover_ratio": null,
            "reinvestment_rate": null,
            "research_to_sale_ratio": null,
            "price_fair": 59.44,
            "eps_avg_yearly": 1.7,
            "eps_latest_yearly": 1.68,
            "eps_growth_yearly": 106.17
        },
        "20044": {
            "year_quarter": 20044,
            "year": 2004,
            "quarter": 4,
            "eps": 0.39,
            "eps_growth_year": -40.91,
            "eps_4q": 1.15,
            "eps_4q_growth_year": -47.5,
            "roe": 3.31,
            "roe_4q": 9.44,
            "gross_profit": 41172,
            "gross_margin": 20.46,
            "gross_margin_4q_avg": 23.02,
            "net_income": 15165,
            "net_income_4q": null,
            "revenue": 201207,
            "revenue_4q": null,
            "common_shares": 395967,
            "book_valuer_per_share": 11.54,
            "book_valuer_per_share_4q_avg": 12.58,
            "equity": 457101,
            "current_ratio": 255.24,
            "debt_ratio": 46.73,
            "inventory_turnover_ratio": 1.32,
            "account_receivable_turnover_ratio": null,
            "reinvestment_rate": null,
            "research_to_sale_ratio": null,
            "price_fair": 59.03,
            "eps_avg_yearly": 1.69,
            "eps_latest_yearly": 1.56,
            "eps_growth_yearly": 94.94
        },
        "20051": {
            "year_quarter": 20051,
            "year": 2005,
            "quarter": 1,
            "eps": 0.17,
            "eps_growth_year": -37.04,
            "eps_4q": 1.13,
            "eps_4q_growth_year": -39.01,
            "roe": 1.35,
            "roe_4q": 8.84,
            "gross_profit": 42119,
            "gross_margin": 21.07,
            "gross_margin_4q_avg": 22.1,
            "net_income": 6194,
            "net_income_4q": null,
            "revenue": 199887,
            "revenue_4q": null,
            "common_shares": 395967,
            "book_valuer_per_share": 11.58,
            "book_valuer_per_share_4q_avg": 11.98,
            "equity": 458663,
            "current_ratio": 211.95,
            "debt_ratio": 47.97,
            "inventory_turnover_ratio": 1.32,
            "account_receivable_turnover_ratio": null,
            "reinvestment_rate": null,
            "research_to_sale_ratio": null,
            "price_fair": 56.32,
            "eps_avg_yearly": 1.61,
            "eps_latest_yearly": 0.68,
            "eps_growth_yearly": 70.28
        },
        "20052": {
            "year_quarter": 20052,
            "year": 2005,
            "quarter": 2,
            "eps": 0.13,
            "eps_growth_year": 44.44,
            "eps_4q": 1.14,
            "eps_4q_growth_year": -21.19,
            "roe": 1.07,
            "roe_4q": 9.26,
            "gross_profit": 32126,
            "gross_margin": 16.72,
            "gross_margin_4q_avg": 20.02,
            "net_income": 4862,
            "net_income_4q": null,
            "revenue": 192088,
            "revenue_4q": null,
            "common_shares": 395967,
            "book_valuer_per_share": 11.38,
            "book_valuer_per_share_4q_avg": 11.53,
            "equity": 450540,
            "current_ratio": 129.63,
            "debt_ratio": 49.31,
            "inventory_turnover_ratio": 1.29,
            "account_receivable_turnover_ratio": null,
            "reinvestment_rate": 60.86,
            "research_to_sale_ratio": null,
            "price_fair": 53.6,
            "eps_avg_yearly": 1.53,
            "eps_latest_yearly": 0.52,
            "eps_growth_yearly": 58.54
        },
        "20053": {
            "year_quarter": 20053,
            "year": 2005,
            "quarter": 3,
            "eps": 0.53,
            "eps_growth_year": 26.19,
            "eps_4q": 1.19,
            "eps_4q_growth_year": -11.7,
            "roe": 4.36,
            "roe_4q": 10.090000000000002,
            "gross_profit": 53877,
            "gross_margin": 19.2,
            "gross_margin_4q_avg": 19.36,
            "net_income": 20906,
            "net_income_4q": null,
            "revenue": 280646,
            "revenue_4q": null,
            "common_shares": 417096,
            "book_valuer_per_share": 12.19,
            "book_valuer_per_share_4q_avg": 11.67,
            "equity": 508358,
            "current_ratio": 142.53,
            "debt_ratio": 48.16,
            "inventory_turnover_ratio": 1.68,
            "account_receivable_turnover_ratio": null,
            "reinvestment_rate": 1.14,
            "research_to_sale_ratio": null,
            "price_fair": 54.97,
            "eps_avg_yearly": 1.57,
            "eps_latest_yearly": 2.12,
            "eps_growth_yearly": 136.68
        },
        "20054": {
            "year_quarter": 20054,
            "year": 2005,
            "quarter": 4,
            "eps": 0.21,
            "eps_growth_year": -46.15,
            "eps_4q": 1,
            "eps_4q_growth_year": -12.73,
            "roe": 1.6,
            "roe_4q": 8.38,
            "gross_profit": 50304,
            "gross_margin": 18.27,
            "gross_margin_4q_avg": 18.82,
            "net_income": 8473,
            "net_income_4q": null,
            "revenue": 275408,
            "revenue_4q": null,
            "common_shares": 443872,
            "book_valuer_per_share": 12.38,
            "book_valuer_per_share_4q_avg": 11.88,
            "equity": 549386,
            "current_ratio": 157.23,
            "debt_ratio": 46.23,
            "inventory_turnover_ratio": 1.65,
            "account_receivable_turnover_ratio": null,
            "reinvestment_rate": 50.09,
            "research_to_sale_ratio": null,
            "price_fair": 53.38,
            "eps_avg_yearly": 1.53,
            "eps_latest_yearly": 0.84,
            "eps_growth_yearly": 113.05
        },
        "20061": {
            "year_quarter": 20061,
            "year": 2006,
            "quarter": 1,
            "eps": 0.01,
            "eps_growth_year": -94.12,
            "eps_4q": 0.76,
            "eps_4q_growth_year": -32.84,
            "roe": 0.08,
            "roe_4q": 7.110000000000001,
            "gross_profit": 35984,
            "gross_margin": 15.64,
            "gross_margin_4q_avg": 17.46,
            "net_income": 458,
            "net_income_4q": null,
            "revenue": 230145,
            "revenue_4q": null,
            "common_shares": 460088,
            "book_valuer_per_share": 12.97,
            "book_valuer_per_share_4q_avg": 12.23,
            "equity": 596557,
            "current_ratio": 168.92,
            "debt_ratio": 40.89,
            "inventory_turnover_ratio": 1.39,
            "account_receivable_turnover_ratio": null,
            "reinvestment_rate": -15.68,
            "research_to_sale_ratio": null,
            "price_fair": 49.61,
            "eps_avg_yearly": 1.42,
            "eps_latest_yearly": 0.04,
            "eps_growth_yearly": 98.74
        },
        "20062": {
            "year_quarter": 20062,
            "year": 2006,
            "quarter": 2,
            "eps": -0.14,
            "eps_growth_year": -207.69,
            "eps_4q": 0.51,
            "eps_4q_growth_year": -55.29,
            "roe": -1.06,
            "roe_4q": 4.98,
            "gross_profit": 25953,
            "gross_margin": 11.14,
            "gross_margin_4q_avg": 16.06,
            "net_income": -6277,
            "net_income_4q": null,
            "revenue": 233011,
            "revenue_4q": null,
            "common_shares": 460899,
            "book_valuer_per_share": 12.87,
            "book_valuer_per_share_4q_avg": 12.6,
            "equity": 593184,
            "current_ratio": 160.63,
            "debt_ratio": 39.95,
            "inventory_turnover_ratio": 1.48,
            "account_receivable_turnover_ratio": null,
            "reinvestment_rate": -21.08,
            "research_to_sale_ratio": null,
            "price_fair": 50.03,
            "eps_avg_yearly": 1.43,
            "eps_latest_yearly": 0.04,
            "eps_growth_yearly": 113.21
        },
        "20063": {
            "year_quarter": 20063,
            "year": 2006,
            "quarter": 3,
            "eps": -0.02,
            "eps_growth_year": -103.77,
            "eps_4q": 0.03,
            "eps_4q_growth_year": -97.33,
            "roe": -0.19,
            "roe_4q": 0.43000000000000016,
            "gross_profit": 24866,
            "gross_margin": 14.15,
            "gross_margin_4q_avg": 14.8,
            "net_income": -1131,
            "net_income_4q": null,
            "revenue": 175777,
            "revenue_4q": null,
            "common_shares": 477872,
            "book_valuer_per_share": 12.14,
            "book_valuer_per_share_4q_avg": 12.59,
            "equity": 580076,
            "current_ratio": 169.49,
            "debt_ratio": 35.7,
            "inventory_turnover_ratio": 1.22,
            "account_receivable_turnover_ratio": null,
            "reinvestment_rate": -26.05,
            "research_to_sale_ratio": null,
            "price_fair": 50.6,
            "eps_avg_yearly": 1.45,
            "eps_latest_yearly": 0.04,
            "eps_growth_yearly": 122.21
        },
        "20064": {
            "year_quarter": 20064,
            "year": 2006,
            "quarter": 4,
            "eps": 0.31,
            "eps_growth_year": 47.62,
            "eps_4q": 0.16,
            "eps_4q_growth_year": -83.68,
            "roe": 2.52,
            "roe_4q": 1.35,
            "gross_profit": 35656,
            "gross_margin": 15.31,
            "gross_margin_4q_avg": 14.06,
            "net_income": 14710,
            "net_income_4q": null,
            "revenue": 232821,
            "revenue_4q": null,
            "common_shares": 477872,
            "book_valuer_per_share": 12.28,
            "book_valuer_per_share_4q_avg": 12.57,
            "equity": 586597,
            "current_ratio": 163.65,
            "debt_ratio": 41.42,
            "inventory_turnover_ratio": 1.64,
            "account_receivable_turnover_ratio": null,
            "reinvestment_rate": 68.19,
            "research_to_sale_ratio": null,
            "price_fair": 48.68,
            "eps_avg_yearly": 1.39,
            "eps_latest_yearly": 0.04,
            "eps_growth_yearly": 107
        },
        "20071": {
            "year_quarter": 20071,
            "year": 2007,
            "quarter": 1,
            "eps": -0.11,
            "eps_growth_year": -1200,
            "eps_4q": 0.04,
            "eps_4q_growth_year": -95.02,
            "roe": -0.92,
            "roe_4q": 0.3500000000000001,
            "gross_profit": 22803,
            "gross_margin": 13.68,
            "gross_margin_4q_avg": 13.57,
            "net_income": -5437,
            "net_income_4q": null,
            "revenue": 166669,
            "revenue_4q": null,
            "common_shares": 483606,
            "book_valuer_per_share": 12.19,
            "book_valuer_per_share_4q_avg": 12.37,
            "equity": 589434,
            "current_ratio": 169.92,
            "debt_ratio": 33.29,
            "inventory_turnover_ratio": 1.21,
            "account_receivable_turnover_ratio": null,
            "reinvestment_rate": -38.54,
            "research_to_sale_ratio": null,
            "price_fair": 44.92,
            "eps_avg_yearly": 1.28,
            "eps_latest_yearly": 0.04,
            "eps_growth_yearly": 107.89
        },
        "20072": {
            "year_quarter": 20072,
            "year": 2007,
            "quarter": 2,
            "eps": -0.07,
            "eps_growth_year": null,
            "eps_4q": 0.11,
            "eps_4q_growth_year": -79.41,
            "roe": -0.52,
            "roe_4q": 0.8900000000000001,
            "gross_profit": 27824,
            "gross_margin": 15.33,
            "gross_margin_4q_avg": 14.62,
            "net_income": -3045,
            "net_income_4q": null,
            "revenue": 181445,
            "revenue_4q": null,
            "common_shares": 484236,
            "book_valuer_per_share": 12.01,
            "book_valuer_per_share_4q_avg": 12.16,
            "equity": 581332,
            "current_ratio": 198.91,
            "debt_ratio": 34.77,
            "inventory_turnover_ratio": 1.45,
            "account_receivable_turnover_ratio": null,
            "reinvestment_rate": -44.8,
            "research_to_sale_ratio": null,
            "price_fair": 41.87,
            "eps_avg_yearly": 1.2,
            "eps_latest_yearly": 0.04,
            "eps_growth_yearly": 123.67
        },
        "20073": {
            "year_quarter": 20073,
            "year": 2007,
            "quarter": 3,
            "eps": -0.08,
            "eps_growth_year": null,
            "eps_4q": 0.04,
            "eps_4q_growth_year": 38.95,
            "roe": -0.66,
            "roe_4q": 0.41999999999999993,
            "gross_profit": 26407,
            "gross_margin": 12.86,
            "gross_margin_4q_avg": 14.3,
            "net_income": -3968,
            "net_income_4q": null,
            "revenue": 205292,
            "revenue_4q": null,
            "common_shares": 510366,
            "book_valuer_per_share": 12.3,
            "book_valuer_per_share_4q_avg": 12.2,
            "equity": 627813,
            "current_ratio": 204.31,
            "debt_ratio": 32.47,
            "inventory_turnover_ratio": 1.61,
            "account_receivable_turnover_ratio": null,
            "reinvestment_rate": -49.43,
            "research_to_sale_ratio": null,
            "price_fair": 40.32,
            "eps_avg_yearly": 1.15,
            "eps_latest_yearly": 0.04,
            "eps_growth_yearly": 146.75
        },
        "20074": {
            "year_quarter": 20074,
            "year": 2007,
            "quarter": 4,
            "eps": -0.23,
            "eps_growth_year": -174.19,
            "eps_4q": -0.49,
            "eps_4q_growth_year": -399.63,
            "roe": -1.79,
            "roe_4q": -3.89,
            "gross_profit": 23258,
            "gross_margin": 9.37,
            "gross_margin_4q_avg": 12.81,
            "net_income": -11186,
            "net_income_4q": null,
            "revenue": 248202,
            "revenue_4q": null,
            "common_shares": 514651,
            "book_valuer_per_share": 12.12,
            "book_valuer_per_share_4q_avg": 12.16,
            "equity": 623928,
            "current_ratio": 155.28,
            "debt_ratio": 45.02,
            "inventory_turnover_ratio": 1.72,
            "account_receivable_turnover_ratio": null,
            "reinvestment_rate": 185.42,
            "research_to_sale_ratio": null,
            "price_fair": 34.53,
            "eps_avg_yearly": 0.99,
            "eps_latest_yearly": 0.04,
            "eps_growth_yearly": 135.96
        },
        "20081": {
            "year_quarter": 20081,
            "year": 2008,
            "quarter": 1,
            "eps": 0.03,
            "eps_growth_year": null,
            "eps_4q": -0.33,
            "eps_4q_growth_year": -980.66,
            "roe": 0.25,
            "roe_4q": -2.72,
            "gross_profit": 48362,
            "gross_margin": 13.12,
            "gross_margin_4q_avg": 12.67,
            "net_income": 1507,
            "net_income_4q": null,
            "revenue": 368546,
            "revenue_4q": null,
            "common_shares": 514651,
            "book_valuer_per_share": 11.44,
            "book_valuer_per_share_4q_avg": 11.97,
            "equity": 588781,
            "current_ratio": 151.66,
            "debt_ratio": 45.7,
            "inventory_turnover_ratio": 2.29,
            "account_receivable_turnover_ratio": null,
            "reinvestment_rate": 367.6,
            "research_to_sale_ratio": null,
            "price_fair": 34.13,
            "eps_avg_yearly": 0.98,
            "eps_latest_yearly": 0.04,
            "eps_growth_yearly": 182.5
        },
        "20082": {
            "year_quarter": 20082,
            "year": 2008,
            "quarter": 2,
            "eps": -0.11,
            "eps_growth_year": null,
            "eps_4q": -0.37,
            "eps_4q_growth_year": -454.98,
            "roe": -0.96,
            "roe_4q": -3.16,
            "gross_profit": 63912,
            "gross_margin": 15.25,
            "gross_margin_4q_avg": 12.65,
            "net_income": -5583,
            "net_income_4q": null,
            "revenue": 418968,
            "revenue_4q": null,
            "common_shares": 514651,
            "book_valuer_per_share": 11.15,
            "book_valuer_per_share_4q_avg": 11.75,
            "equity": 574032,
            "current_ratio": 137.5,
            "debt_ratio": 48.81,
            "inventory_turnover_ratio": 2.5,
            "account_receivable_turnover_ratio": null,
            "reinvestment_rate": 438.35,
            "research_to_sale_ratio": null,
            "price_fair": 37.2,
            "eps_avg_yearly": 1.06,
            "eps_latest_yearly": 0.04,
            "eps_growth_yearly": 246.66
        },
        "20083": {
            "year_quarter": 20083,
            "year": 2008,
            "quarter": 3,
            "eps": 0.24,
            "eps_growth_year": null,
            "eps_4q": -0.07,
            "eps_4q_growth_year": -253.36,
            "roe": 2.06,
            "roe_4q": -0.43999999999999995,
            "gross_profit": 58195,
            "gross_margin": 16.33,
            "gross_margin_4q_avg": 13.52,
            "net_income": 11896,
            "net_income_4q": null,
            "revenue": 356269,
            "revenue_4q": null,
            "common_shares": 514651,
            "book_valuer_per_share": 11.29,
            "book_valuer_per_share_4q_avg": 11.5,
            "equity": 580851,
            "current_ratio": 140.63,
            "debt_ratio": 46.1,
            "inventory_turnover_ratio": 2.18,
            "account_receivable_turnover_ratio": null,
            "reinvestment_rate": 512.53,
            "research_to_sale_ratio": null,
            "price_fair": 33.6,
            "eps_avg_yearly": 0.96,
            "eps_latest_yearly": 0.04,
            "eps_growth_yearly": 43.33
        },
        "20084": {
            "year_quarter": 20084,
            "year": 2008,
            "quarter": 4,
            "eps": -0.14,
            "eps_growth_year": null,
            "eps_4q": 0.02,
            "eps_4q_growth_year": null,
            "roe": -1.18,
            "roe_4q": 0.17000000000000015,
            "gross_profit": 30623,
            "gross_margin": 14.02,
            "gross_margin_4q_avg": 14.68,
            "net_income": -6804,
            "net_income_4q": null,
            "revenue": 218406,
            "revenue_4q": null,
            "common_shares": 504651,
            "book_valuer_per_share": 11.33,
            "book_valuer_per_share_4q_avg": 11.3,
            "equity": 571811,
            "current_ratio": 148.99,
            "debt_ratio": 40.75,
            "inventory_turnover_ratio": 1.83,
            "account_receivable_turnover_ratio": 1.68,
            "reinvestment_rate": 494.09,
            "research_to_sale_ratio": null,
            "price_fair": 29.4,
            "eps_avg_yearly": 0.84,
            "eps_latest_yearly": 0.04,
            "eps_growth_yearly": 57.71
        },
        "20091": {
            "year_quarter": 20091,
            "year": 2009,
            "quarter": 1,
            "eps": -0.27,
            "eps_growth_year": -1000,
            "eps_4q": -0.25,
            "eps_4q_growth_year": null,
            "roe": -2.13,
            "roe_4q": -2.2099999999999995,
            "gross_profit": 7914,
            "gross_margin": 4.84,
            "gross_margin_4q_avg": 12.61,
            "net_income": -12171,
            "net_income_4q": null,
            "revenue": 163478,
            "revenue_4q": null,
            "common_shares": 504651,
            "book_valuer_per_share": 11.27,
            "book_valuer_per_share_4q_avg": 11.26,
            "equity": 568833,
            "current_ratio": 149.61,
            "debt_ratio": 38.46,
            "inventory_turnover_ratio": 2.01,
            "account_receivable_turnover_ratio": 0.7,
            "reinvestment_rate": 3560.17,
            "research_to_sale_ratio": null,
            "price_fair": 30.8,
            "eps_avg_yearly": 0.88,
            "eps_latest_yearly": 0.04,
            "eps_growth_yearly": 128.55
        },
        "20092": {
            "year_quarter": 20092,
            "year": 2009,
            "quarter": 2,
            "eps": -0.88,
            "eps_growth_year": null,
            "eps_4q": -0.93,
            "eps_4q_growth_year": null,
            "roe": -7.4,
            "roe_4q": -8.65,
            "gross_profit": -1415,
            "gross_margin": -1.18,
            "gross_margin_4q_avg": 8.5,
            "net_income": -40076,
            "net_income_4q": null,
            "revenue": 120144,
            "revenue_4q": null,
            "common_shares": 504651,
            "book_valuer_per_share": 10.18,
            "book_valuer_per_share_4q_avg": 11.02,
            "equity": 513886,
            "current_ratio": 138.91,
            "debt_ratio": 39.15,
            "inventory_turnover_ratio": 1.79,
            "account_receivable_turnover_ratio": 0.64,
            "reinvestment_rate": null,
            "research_to_sale_ratio": null,
            "price_fair": 35,
            "eps_avg_yearly": 1,
            "eps_latest_yearly": 0.04,
            "eps_growth_yearly": 202.77
        },
        "20093": {
            "year_quarter": 20093,
            "year": 2009,
            "quarter": 3,
            "eps": -0.54,
            "eps_growth_year": -325,
            "eps_4q": -1.66,
            "eps_4q_growth_year": null,
            "roe": -4.95,
            "roe_4q": -15.66,
            "gross_profit": 10387,
            "gross_margin": 6.45,
            "gross_margin_4q_avg": 6.03,
            "net_income": -24709,
            "net_income_4q": null,
            "revenue": 160923,
            "revenue_4q": null,
            "common_shares": 504651,
            "book_valuer_per_share": 9.59,
            "book_valuer_per_share_4q_avg": 10.59,
            "equity": 484132,
            "current_ratio": 140.95,
            "debt_ratio": 41.88,
            "inventory_turnover_ratio": 2.58,
            "account_receivable_turnover_ratio": 0.97,
            "reinvestment_rate": null,
            "research_to_sale_ratio": null,
            "price_fair": 1.32,
            "eps_avg_yearly": 0.44,
            "eps_latest_yearly": 0.04,
            "eps_growth_yearly": -311.23
        },
        "20094": {
            "year_quarter": 20094,
            "year": 2009,
            "quarter": 4,
            "eps": -0.01,
            "eps_growth_year": null,
            "eps_4q": -1.7,
            "eps_4q_growth_year": -8603,
            "roe": -0.08,
            "roe_4q": -14.559999999999999,
            "gross_profit": 31816,
            "gross_margin": 16.35,
            "gross_margin_4q_avg": 6.62,
            "net_income": -362,
            "net_income_4q": null,
            "revenue": 194549,
            "revenue_4q": null,
            "common_shares": 504651,
            "book_valuer_per_share": 10.54,
            "book_valuer_per_share_4q_avg": 10.4,
            "equity": 479325,
            "current_ratio": 127.02,
            "debt_ratio": 46.97,
            "inventory_turnover_ratio": 2.67,
            "account_receivable_turnover_ratio": 1.41,
            "reinvestment_rate": null,
            "research_to_sale_ratio": null,
            "price_fair": 0.12,
            "eps_avg_yearly": 0.04,
            "eps_latest_yearly": 0.04,
            "eps_growth_yearly": -380.95
        },
        "20101": {
            "year_quarter": 20101,
            "year": 2010,
            "quarter": 1,
            "eps": 0.02,
            "eps_growth_year": null,
            "eps_4q": -1.42,
            "eps_4q_growth_year": null,
            "roe": 0.16,
            "roe_4q": -12.27,
            "gross_profit": 30197,
            "gross_margin": 12.52,
            "gross_margin_4q_avg": 8.54,
            "net_income": 750,
            "net_income_4q": null,
            "revenue": 241166,
            "revenue_4q": null,
            "common_shares": 504651,
            "book_valuer_per_share": 10.51,
            "book_valuer_per_share_4q_avg": 10.21,
            "equity": 477990,
            "current_ratio": 124.89,
            "debt_ratio": 48.2,
            "inventory_turnover_ratio": 2.78,
            "account_receivable_turnover_ratio": 0.83,
            "reinvestment_rate": null,
            "research_to_sale_ratio": 1.86,
            "price_fair": 0,
            "eps_avg_yearly": 0,
            "eps_latest_yearly": 0,
            "eps_growth_yearly": 0
        },
        "20102": {
            "year_quarter": 20102,
            "year": 2010,
            "quarter": 2,
            "eps": -0.32,
            "eps_growth_year": null,
            "eps_4q": -0.85,
            "eps_4q_growth_year": null,
            "roe": -3.09,
            "roe_4q": -7.96,
            "gross_profit": 30179,
            "gross_margin": 10.71,
            "gross_margin_4q_avg": 11.51,
            "net_income": -14430,
            "net_income_4q": null,
            "revenue": 281669,
            "revenue_4q": null,
            "common_shares": 504651,
            "book_valuer_per_share": 10.04,
            "book_valuer_per_share_4q_avg": 10.17,
            "equity": 456565,
            "current_ratio": 122.62,
            "debt_ratio": 49.23,
            "inventory_turnover_ratio": 2.92,
            "account_receivable_turnover_ratio": 0.88,
            "reinvestment_rate": null,
            "research_to_sale_ratio": 1.32,
            "price_fair": 0,
            "eps_avg_yearly": 0,
            "eps_latest_yearly": 0,
            "eps_growth_yearly": 0
        },
        "20103": {
            "year_quarter": 20103,
            "year": 2010,
            "quarter": 3,
            "eps": -0,
            "eps_growth_year": null,
            "eps_4q": -0.31,
            "eps_4q_growth_year": null,
            "roe": -0.04,
            "roe_4q": -3.05,
            "gross_profit": 28023,
            "gross_margin": 12.74,
            "gross_margin_4q_avg": 13.08,
            "net_income": -172,
            "net_income_4q": null,
            "revenue": 220021,
            "revenue_4q": null,
            "common_shares": 504651,
            "book_valuer_per_share": 10.05,
            "book_valuer_per_share_4q_avg": 10.29,
            "equity": 456803,
            "current_ratio": 124.63,
            "debt_ratio": 47.31,
            "inventory_turnover_ratio": 2.1,
            "account_receivable_turnover_ratio": 0.74,
            "reinvestment_rate": null,
            "research_to_sale_ratio": 2.09,
            "price_fair": 0,
            "eps_avg_yearly": 0,
            "eps_latest_yearly": 0,
            "eps_growth_yearly": 0
        },
        "20104": {
            "year_quarter": 20104,
            "year": 2010,
            "quarter": 4,
            "eps": 0.38,
            "eps_growth_year": null,
            "eps_4q": 0.08,
            "eps_4q_growth_year": null,
            "roe": 3.83,
            "roe_4q": 0.8600000000000002,
            "gross_profit": 36368,
            "gross_margin": 13.53,
            "gross_margin_4q_avg": 12.38,
            "net_income": 17857,
            "net_income_4q": null,
            "revenue": 268709,
            "revenue_4q": null,
            "common_shares": 484651,
            "book_valuer_per_share": 10.01,
            "book_valuer_per_share_4q_avg": 10.15,
            "equity": 475315,
            "current_ratio": 161.01,
            "debt_ratio": 45.25,
            "inventory_turnover_ratio": 2.5,
            "account_receivable_turnover_ratio": 1.06,
            "reinvestment_rate": null,
            "research_to_sale_ratio": 1.74,
            "price_fair": 0,
            "eps_avg_yearly": 0,
            "eps_latest_yearly": 0,
            "eps_growth_yearly": 0
        },
        "20111": {
            "year_quarter": 20111,
            "year": 2011,
            "quarter": 1,
            "eps": -0.18,
            "eps_growth_year": -1000,
            "eps_4q": -0.11,
            "eps_4q_growth_year": null,
            "roe": -1.83,
            "roe_4q": -1.13,
            "gross_profit": 13368,
            "gross_margin": 6.77,
            "gross_margin_4q_avg": 10.94,
            "net_income": -8625,
            "net_income_4q": null,
            "revenue": 197545,
            "revenue_4q": null,
            "common_shares": 484651,
            "book_valuer_per_share": 9.85,
            "book_valuer_per_share_4q_avg": 9.99,
            "equity": 467352,
            "current_ratio": 157.23,
            "debt_ratio": 44.57,
            "inventory_turnover_ratio": 2.07,
            "account_receivable_turnover_ratio": 0.8,
            "reinvestment_rate": null,
            "research_to_sale_ratio": 2.09,
            "price_fair": 0,
            "eps_avg_yearly": 0,
            "eps_latest_yearly": 0,
            "eps_growth_yearly": 0
        },
        "20112": {
            "year_quarter": 20112,
            "year": 2011,
            "quarter": 2,
            "eps": -0.67,
            "eps_growth_year": null,
            "eps_4q": -0.48,
            "eps_4q_growth_year": null,
            "roe": -7.06,
            "roe_4q": -5.1000000000000005,
            "gross_profit": 11174,
            "gross_margin": 6.09,
            "gross_margin_4q_avg": 9.78,
            "net_income": -31707,
            "net_income_4q": null,
            "revenue": 183554,
            "revenue_4q": null,
            "common_shares": 484651,
            "book_valuer_per_share": 9.09,
            "book_valuer_per_share_4q_avg": 9.75,
            "equity": 431468,
            "current_ratio": 152.31,
            "debt_ratio": 44.95,
            "inventory_turnover_ratio": 1.99,
            "account_receivable_turnover_ratio": 0.79,
            "reinvestment_rate": null,
            "research_to_sale_ratio": 2.26,
            "price_fair": 0,
            "eps_avg_yearly": 0,
            "eps_latest_yearly": 0,
            "eps_growth_yearly": 0
        },
        "20113": {
            "year_quarter": 20113,
            "year": 2011,
            "quarter": 3,
            "eps": -0.39,
            "eps_growth_year": null,
            "eps_4q": -0.86,
            "eps_4q_growth_year": null,
            "roe": -4.35,
            "roe_4q": -9.41,
            "gross_profit": 13992,
            "gross_margin": 7.47,
            "gross_margin_4q_avg": 8.47,
            "net_income": -18559,
            "net_income_4q": null,
            "revenue": 187422,
            "revenue_4q": null,
            "common_shares": 484651,
            "book_valuer_per_share": 8.87,
            "book_valuer_per_share_4q_avg": 9.46,
            "equity": 420986,
            "current_ratio": 142.22,
            "debt_ratio": 45.33,
            "inventory_turnover_ratio": 2.36,
            "account_receivable_turnover_ratio": 0.88,
            "reinvestment_rate": null,
            "research_to_sale_ratio": 1.83,
            "price_fair": 0,
            "eps_avg_yearly": 0,
            "eps_latest_yearly": 0,
            "eps_growth_yearly": 0
        },
        "20114": {
            "year_quarter": 20114,
            "year": 2011,
            "quarter": 4,
            "eps": -2.68,
            "eps_growth_year": -812.21,
            "eps_4q": -3.92,
            "eps_4q_growth_year": -4745.96,
            "roe": -34.61,
            "roe_4q": -47.85,
            "gross_profit": -2129,
            "gross_margin": -1.85,
            "gross_margin_4q_avg": 4.62,
            "net_income": -127180,
            "net_income_4q": null,
            "revenue": 115252,
            "revenue_4q": null,
            "common_shares": 484651,
            "book_valuer_per_share": 6.61,
            "book_valuer_per_share_4q_avg": 8.61,
            "equity": 313935,
            "current_ratio": 119.8,
            "debt_ratio": 52.14,
            "inventory_turnover_ratio": 1.9,
            "account_receivable_turnover_ratio": 0.67,
            "reinvestment_rate": null,
            "research_to_sale_ratio": 2.53,
            "price_fair": 0,
            "eps_avg_yearly": 0,
            "eps_latest_yearly": 0,
            "eps_growth_yearly": 0
        },
        "20121": {
            "year_quarter": 20121,
            "year": 2012,
            "quarter": 1,
            "eps": -0.79,
            "eps_growth_year": null,
            "eps_4q": -4.53,
            "eps_4q_growth_year": null,
            "roe": -12.74,
            "roe_4q": -58.760000000000005,
            "gross_profit": -2936,
            "gross_margin": -2.88,
            "gross_margin_4q_avg": 2.21,
            "net_income": -37337,
            "net_income_4q": null,
            "revenue": 101973,
            "revenue_4q": null,
            "common_shares": 474651,
            "book_valuer_per_share": 5.74,
            "book_valuer_per_share_4q_avg": 7.58,
            "equity": 272328,
            "current_ratio": 120.03,
            "debt_ratio": 52.16,
            "inventory_turnover_ratio": 1.76,
            "account_receivable_turnover_ratio": 0.85,
            "reinvestment_rate": null,
            "research_to_sale_ratio": 2.86,
            "price_fair": 0,
            "eps_avg_yearly": 0,
            "eps_latest_yearly": 0,
            "eps_growth_yearly": 0
        },
        "20122": {
            "year_quarter": 20122,
            "year": 2012,
            "quarter": 2,
            "eps": -1.15,
            "eps_growth_year": null,
            "eps_4q": -5.01,
            "eps_4q_growth_year": null,
            "roe": -22.17,
            "roe_4q": -73.87,
            "gross_profit": 4257,
            "gross_margin": 3.89,
            "gross_margin_4q_avg": 1.66,
            "net_income": -54537,
            "net_income_4q": null,
            "revenue": 109573,
            "revenue_4q": null,
            "common_shares": 474651,
            "book_valuer_per_share": 4.63,
            "book_valuer_per_share_4q_avg": 6.46,
            "equity": 219690,
            "current_ratio": 114.55,
            "debt_ratio": 56.93,
            "inventory_turnover_ratio": 1.8,
            "account_receivable_turnover_ratio": 1.13,
            "reinvestment_rate": null,
            "research_to_sale_ratio": 2.49,
            "price_fair": 0,
            "eps_avg_yearly": 0,
            "eps_latest_yearly": 0,
            "eps_growth_yearly": 0
        },
        "20123": {
            "year_quarter": 20123,
            "year": 2012,
            "quarter": 3,
            "eps": -2.44,
            "eps_growth_year": null,
            "eps_4q": -7.05,
            "eps_4q_growth_year": null,
            "roe": -71.8,
            "roe_4q": -141.32,
            "gross_profit": -9404,
            "gross_margin": -9.51,
            "gross_margin_4q_avg": -2.59,
            "net_income": -115734,
            "net_income_4q": null,
            "revenue": 98932,
            "revenue_4q": null,
            "common_shares": 474651,
            "book_valuer_per_share": 2.16,
            "book_valuer_per_share_4q_avg": 4.79,
            "equity": 102707,
            "current_ratio": 90.79,
            "debt_ratio": 72.96,
            "inventory_turnover_ratio": 2.19,
            "account_receivable_turnover_ratio": 1.09,
            "reinvestment_rate": null,
            "research_to_sale_ratio": 2.05,
            "price_fair": 0,
            "eps_avg_yearly": 0,
            "eps_latest_yearly": 0,
            "eps_growth_yearly": 0
        },
        "20124": {
            "year_quarter": 20124,
            "year": 2012,
            "quarter": 4,
            "eps": -0.84,
            "eps_growth_year": null,
            "eps_4q": -8.03,
            "eps_4q_growth_year": null,
            "roe": -25.03,
            "roe_4q": -131.74,
            "gross_profit": 945,
            "gross_margin": 1.26,
            "gross_margin_4q_avg": -1.81,
            "net_income": -24199,
            "net_income_4q": null,
            "revenue": 75128,
            "revenue_4q": null,
            "common_shares": 288580,
            "book_valuer_per_share": 3.14,
            "book_valuer_per_share_4q_avg": 3.92,
            "equity": 90625,
            "current_ratio": 118.26,
            "debt_ratio": 73.51,
            "inventory_turnover_ratio": 2.01,
            "account_receivable_turnover_ratio": 0.96,
            "reinvestment_rate": null,
            "research_to_sale_ratio": 9.1,
            "price_fair": 0,
            "eps_avg_yearly": 0,
            "eps_latest_yearly": 0,
            "eps_growth_yearly": 0
        },
        "20131": {
            "year_quarter": 20131,
            "year": 2013,
            "quarter": 1,
            "eps": -0.87,
            "eps_growth_year": null,
            "eps_4q": -7.61,
            "eps_4q_growth_year": null,
            "roe": -31.83,
            "roe_4q": -150.82999999999998,
            "gross_profit": -6852,
            "gross_margin": -16.24,
            "gross_margin_4q_avg": -5.15,
            "net_income": -25035,
            "net_income_4q": null,
            "revenue": 42199,
            "revenue_4q": null,
            "common_shares": 288580,
            "book_valuer_per_share": 2.31,
            "book_valuer_per_share_4q_avg": 3.06,
            "equity": 66700,
            "current_ratio": 124.13,
            "debt_ratio": 68.46,
            "inventory_turnover_ratio": 1.87,
            "account_receivable_turnover_ratio": 0.72,
            "reinvestment_rate": null,
            "research_to_sale_ratio": 4.25,
            "price_fair": 0,
            "eps_avg_yearly": 0,
            "eps_latest_yearly": 0,
            "eps_growth_yearly": 0
        },
        "20132": {
            "year_quarter": 20132,
            "year": 2013,
            "quarter": 2,
            "eps": -0.42,
            "eps_growth_year": null,
            "eps_4q": -6.13,
            "eps_4q_growth_year": null,
            "roe": -19.91,
            "roe_4q": -148.57,
            "gross_profit": 7576,
            "gross_margin": 14.49,
            "gross_margin_4q_avg": -2.5,
            "net_income": -12011,
            "net_income_4q": null,
            "revenue": 52302,
            "revenue_4q": null,
            "common_shares": 288580,
            "book_valuer_per_share": 1.87,
            "book_valuer_per_share_4q_avg": 2.37,
            "equity": 53973,
            "current_ratio": 153.09,
            "debt_ratio": 59.25,
            "inventory_turnover_ratio": 3.36,
            "account_receivable_turnover_ratio": 1.46,
            "reinvestment_rate": null,
            "research_to_sale_ratio": 3.41,
            "price_fair": 0,
            "eps_avg_yearly": 0,
            "eps_latest_yearly": 0,
            "eps_growth_yearly": 0
        },
        "20133": {
            "year_quarter": 20133,
            "year": 2013,
            "quarter": 3,
            "eps": -0.4,
            "eps_growth_year": null,
            "eps_4q": -1.95,
            "eps_4q_growth_year": null,
            "roe": -12.79,
            "roe_4q": -89.56,
            "gross_profit": 1086,
            "gross_margin": 9,
            "gross_margin_4q_avg": 2.13,
            "net_income": -11426,
            "net_income_4q": null,
            "revenue": 12070,
            "revenue_4q": null,
            "common_shares": 288580,
            "book_valuer_per_share": 2.32,
            "book_valuer_per_share_4q_avg": 2.41,
            "equity": 124691,
            "current_ratio": 484.08,
            "debt_ratio": 33.83,
            "inventory_turnover_ratio": 2.91,
            "account_receivable_turnover_ratio": 0.52,
            "reinvestment_rate": null,
            "research_to_sale_ratio": 11.8,
            "price_fair": 0,
            "eps_avg_yearly": 0,
            "eps_latest_yearly": 0,
            "eps_growth_yearly": 0
        },
        "20134": {
            "year_quarter": 20134,
            "year": 2013,
            "quarter": 4,
            "eps": -0.26,
            "eps_growth_year": null,
            "eps_4q": -1.16,
            "eps_4q_growth_year": null,
            "roe": -12.03,
            "roe_4q": -76.56,
            "gross_profit": -2273,
            "gross_margin": -1.99,
            "gross_margin_4q_avg": 1.32,
            "net_income": -14272,
            "net_income_4q": null,
            "revenue": 114323,
            "revenue_4q": null,
            "common_shares": 538580,
            "book_valuer_per_share": 2.09,
            "book_valuer_per_share_4q_avg": 2.15,
            "equity": 112517,
            "current_ratio": 165.21,
            "debt_ratio": 61.42,
            "inventory_turnover_ratio": 105.76,
            "account_receivable_turnover_ratio": 2.26,
            "reinvestment_rate": null,
            "research_to_sale_ratio": 0.89,
            "price_fair": 0,
            "eps_avg_yearly": 0,
            "eps_latest_yearly": 0,
            "eps_growth_yearly": 0
        },
        "20141": {
            "year_quarter": 20141,
            "year": 2014,
            "quarter": 1,
            "eps": -0.12,
            "eps_growth_year": null,
            "eps_4q": -0.82,
            "eps_4q_growth_year": null,
            "roe": -5.95,
            "roe_4q": -50.68,
            "gross_profit": 2603,
            "gross_margin": 4.66,
            "gross_margin_4q_avg": 6.54,
            "net_income": -6497,
            "net_income_4q": null,
            "revenue": 55902,
            "revenue_4q": null,
            "common_shares": 538580,
            "book_valuer_per_share": 1.97,
            "book_valuer_per_share_4q_avg": 2.06,
            "equity": 106017,
            "current_ratio": 199.59,
            "debt_ratio": 52.86,
            "inventory_turnover_ratio": 27.07,
            "account_receivable_turnover_ratio": 0.9,
            "reinvestment_rate": null,
            "research_to_sale_ratio": 1.43,
            "price_fair": 0,
            "eps_avg_yearly": 0,
            "eps_latest_yearly": 0,
            "eps_growth_yearly": 0
        },
        "20142": {
            "year_quarter": 20142,
            "year": 2014,
            "quarter": 2,
            "eps": 0.35,
            "eps_growth_year": null,
            "eps_4q": -0.25,
            "eps_4q_growth_year": null,
            "roe": 16.56,
            "roe_4q": -14.209999999999999,
            "gross_profit": 7276,
            "gross_margin": 3.68,
            "gross_margin_4q_avg": 3.84,
            "net_income": 18715,
            "net_income_4q": null,
            "revenue": 197780,
            "revenue_4q": null,
            "common_shares": 538580,
            "book_valuer_per_share": 2.23,
            "book_valuer_per_share_4q_avg": 2.15,
            "equity": 119985,
            "current_ratio": 178.94,
            "debt_ratio": 56.72,
            "inventory_turnover_ratio": 49.94,
            "account_receivable_turnover_ratio": 2.39,
            "reinvestment_rate": null,
            "research_to_sale_ratio": 0.55,
            "price_fair": 0,
            "eps_avg_yearly": 0,
            "eps_latest_yearly": 0,
            "eps_growth_yearly": 0
        },
        "20143": {
            "year_quarter": 20143,
            "year": 2014,
            "quarter": 3,
            "eps": -0.03,
            "eps_growth_year": null,
            "eps_4q": -0.16,
            "eps_4q_growth_year": null,
            "roe": -0.4,
            "roe_4q": -1.8199999999999985,
            "gross_profit": 9405,
            "gross_margin": 3,
            "gross_margin_4q_avg": 2.34,
            "net_income": -478,
            "net_income_4q": null,
            "revenue": 313470,
            "revenue_4q": null,
            "common_shares": 161574,
            "book_valuer_per_share": 7.4,
            "book_valuer_per_share_4q_avg": 3.42,
            "equity": 119507,
            "current_ratio": 149.71,
            "debt_ratio": 67.38,
            "inventory_turnover_ratio": 18.69,
            "account_receivable_turnover_ratio": 1.9,
            "reinvestment_rate": null,
            "research_to_sale_ratio": 0.14,
            "price_fair": 0,
            "eps_avg_yearly": 0,
            "eps_latest_yearly": 0,
            "eps_growth_yearly": 0
        },
        "20144": {
            "year_quarter": 20144,
            "year": 2014,
            "quarter": 4,
            "eps": 0.77,
            "eps_growth_year": null,
            "eps_4q": 1.5,
            "eps_4q_growth_year": null,
            "roe": 9.95,
            "roe_4q": 20.16,
            "gross_profit": 23178,
            "gross_margin": 5.03,
            "gross_margin_4q_avg": 4.09,
            "net_income": 12505,
            "net_income_4q": null,
            "revenue": 460881,
            "revenue_4q": null,
            "common_shares": 161574,
            "book_valuer_per_share": 8.16,
            "book_valuer_per_share_4q_avg": 4.94,
            "equity": 131862,
            "current_ratio": 142.41,
            "debt_ratio": 70.57,
            "inventory_turnover_ratio": 21.82,
            "account_receivable_turnover_ratio": 2.01,
            "reinvestment_rate": null,
            "research_to_sale_ratio": -0.01,
            "price_fair": 0,
            "eps_avg_yearly": 0,
            "eps_latest_yearly": 0,
            "eps_growth_yearly": 0
        },
        "20151": {
            "year_quarter": 20151,
            "year": 2015,
            "quarter": 1,
            "eps": 0.25,
            "eps_growth_year": null,
            "eps_4q": 2.15,
            "eps_4q_growth_year": null,
            "roe": 3,
            "roe_4q": 29.11,
            "gross_profit": 12394,
            "gross_margin": 4.65,
            "gross_margin_4q_avg": 4.09,
            "net_income": 4013,
            "net_income_4q": null,
            "revenue": 266639,
            "revenue_4q": null,
            "common_shares": 161574,
            "book_valuer_per_share": 8.41,
            "book_valuer_per_share_4q_avg": 6.55,
            "equity": 135875,
            "current_ratio": 158.04,
            "debt_ratio": 63.7,
            "inventory_turnover_ratio": 11.1,
            "account_receivable_turnover_ratio": 1.25,
            "reinvestment_rate": null,
            "research_to_sale_ratio": 0,
            "price_fair": 3,
            "eps_avg_yearly": 1,
            "eps_latest_yearly": 1,
            "eps_growth_yearly": -270.13
        },
        "20152": {
            "year_quarter": 20152,
            "year": 2015,
            "quarter": 2,
            "eps": 0.4,
            "eps_growth_year": 14.29,
            "eps_4q": 0.71,
            "eps_4q_growth_year": null,
            "roe": 3.72,
            "roe_4q": 16.270000000000003,
            "gross_profit": 17380,
            "gross_margin": 5.07,
            "gross_margin_4q_avg": 4.44,
            "net_income": 8067,
            "net_income_4q": null,
            "revenue": 342853,
            "revenue_4q": null,
            "common_shares": 341574,
            "book_valuer_per_share": 8.74,
            "book_valuer_per_share_4q_avg": 8.18,
            "equity": 298382,
            "current_ratio": 226.16,
            "debt_ratio": 44.32,
            "inventory_turnover_ratio": 9.72,
            "account_receivable_turnover_ratio": 1.56,
            "reinvestment_rate": null,
            "research_to_sale_ratio": 0,
            "price_fair": 3.9,
            "eps_avg_yearly": 1.3,
            "eps_latest_yearly": 1.6,
            "eps_growth_yearly": -15.06
        },
        "20153": {
            "year_quarter": 20153,
            "year": 2015,
            "quarter": 3,
            "eps": 0.54,
            "eps_growth_year": null,
            "eps_4q": 1.26,
            "eps_4q_growth_year": null,
            "roe": 6.06,
            "roe_4q": 22.729999999999997,
            "gross_profit": 28581,
            "gross_margin": 9.3,
            "gross_margin_4q_avg": 6.01,
            "net_income": 18614,
            "net_income_4q": null,
            "revenue": 307436,
            "revenue_4q": null,
            "common_shares": 341574,
            "book_valuer_per_share": 9.25,
            "book_valuer_per_share_4q_avg": 8.64,
            "equity": 315846,
            "current_ratio": 278.43,
            "debt_ratio": 35.6,
            "inventory_turnover_ratio": 8.7,
            "account_receivable_turnover_ratio": 1.25,
            "reinvestment_rate": null,
            "research_to_sale_ratio": 0,
            "price_fair": 55.53,
            "eps_avg_yearly": 1.59,
            "eps_latest_yearly": 2.16,
            "eps_growth_yearly": 36.62
        },
        "20154": {
            "year_quarter": 20154,
            "year": 2015,
            "quarter": 4,
            "eps": 0.69,
            "eps_growth_year": -10.41,
            "eps_4q": 1.69,
            "eps_4q_growth_year": 12.89,
            "roe": 6.48,
            "roe_4q": 19.259999999999998,
            "gross_profit": 34092,
            "gross_margin": 8.13,
            "gross_margin_4q_avg": 6.79,
            "net_income": 21270,
            "net_income_4q": null,
            "revenue": 419254,
            "revenue_4q": null,
            "common_shares": 306752,
            "book_valuer_per_share": 11.12,
            "book_valuer_per_share_4q_avg": 9.38,
            "equity": 341099,
            "current_ratio": 221.38,
            "debt_ratio": 44.2,
            "inventory_turnover_ratio": 11.37,
            "account_receivable_turnover_ratio": 1.52,
            "reinvestment_rate": null,
            "research_to_sale_ratio": 0,
            "price_fair": 65.8,
            "eps_avg_yearly": 1.88,
            "eps_latest_yearly": 2.76,
            "eps_growth_yearly": 55.25
        },
        "20161": {
            "year_quarter": 20161,
            "year": 2016,
            "quarter": 1,
            "eps": 0.45,
            "eps_growth_year": 80,
            "eps_4q": 2.01,
            "eps_4q_growth_year": -6.45,
            "roe": 3.97,
            "roe_4q": 20.23,
            "gross_profit": 22775,
            "gross_margin": 6.31,
            "gross_margin_4q_avg": 7.2,
            "net_income": 13777,
            "net_income_4q": null,
            "revenue": 360740,
            "revenue_4q": null,
            "common_shares": 306752,
            "book_valuer_per_share": 11.48,
            "book_valuer_per_share_4q_avg": 10.15,
            "equity": 352162,
            "current_ratio": 225.14,
            "debt_ratio": 43.42,
            "inventory_turnover_ratio": 8.55,
            "account_receivable_turnover_ratio": 1.1,
            "reinvestment_rate": null,
            "research_to_sale_ratio": null,
            "price_fair": 49.15,
            "eps_avg_yearly": 1.86,
            "eps_latest_yearly": 1.8,
            "eps_growth_yearly": 16.37
        },
        "20162": {
            "year_quarter": 20162,
            "year": 2016,
            "quarter": 2,
            "eps": 0.57,
            "eps_growth_year": 42.5,
            "eps_4q": 2.32,
            "eps_4q_growth_year": 228.3,
            "roe": 4.96,
            "roe_4q": 21.47,
            "gross_profit": 29430,
            "gross_margin": 6.65,
            "gross_margin_4q_avg": 7.6,
            "net_income": 17414,
            "net_income_4q": null,
            "revenue": 442778,
            "revenue_4q": null,
            "common_shares": 306752,
            "book_valuer_per_share": 11.41,
            "book_valuer_per_share_4q_avg": 10.82,
            "equity": 350117,
            "current_ratio": 201.66,
            "debt_ratio": 48.41,
            "inventory_turnover_ratio": 9.67,
            "account_receivable_turnover_ratio": 1.4,
            "reinvestment_rate": null,
            "research_to_sale_ratio": null,
            "price_fair": 67.67,
            "eps_avg_yearly": 1.93,
            "eps_latest_yearly": 2.28,
            "eps_growth_yearly": 31.42
        },
        "20163": {
            "year_quarter": 20163,
            "year": 2016,
            "quarter": 3,
            "eps": -0.19,
            "eps_growth_year": -135.19,
            "eps_4q": 1.52,
            "eps_4q_growth_year": 19.88,
            "roe": -1.71,
            "roe_4q": 13.700000000000001,
            "gross_profit": 4329,
            "gross_margin": 1,
            "gross_margin_4q_avg": 5.52,
            "net_income": -5952,
            "net_income_4q": null,
            "revenue": 433574,
            "revenue_4q": null,
            "common_shares": 306752,
            "book_valuer_per_share": 11.26,
            "book_valuer_per_share_4q_avg": 11.32,
            "equity": 345499,
            "current_ratio": 200.52,
            "debt_ratio": 48.7,
            "inventory_turnover_ratio": 9.89,
            "account_receivable_turnover_ratio": 1.42,
            "reinvestment_rate": -1296.9,
            "research_to_sale_ratio": null,
            "price_fair": 67.67,
            "eps_avg_yearly": 1.93,
            "eps_latest_yearly": 2.28,
            "eps_growth_yearly": 31.42
        },
        "20164": {
            "year_quarter": 20164,
            "year": 2016,
            "quarter": 4,
            "eps": 0.1,
            "eps_growth_year": -86.13,
            "eps_4q": 0.92,
            "eps_4q_growth_year": -45.75,
            "roe": 0.85,
            "roe_4q": 8.07,
            "gross_profit": 13771,
            "gross_margin": 2.69,
            "gross_margin_4q_avg": 4.16,
            "net_income": 2951,
            "net_income_4q": null,
            "revenue": 512833,
            "revenue_4q": null,
            "common_shares": 306752,
            "book_valuer_per_share": 11.3,
            "book_valuer_per_share_4q_avg": 11.36,
            "equity": 346665,
            "current_ratio": 187.71,
            "debt_ratio": 52.22,
            "inventory_turnover_ratio": 11.87,
            "account_receivable_turnover_ratio": 1.48,
            "reinvestment_rate": -382.46,
            "research_to_sale_ratio": null,
            "price_fair": 67.67,
            "eps_avg_yearly": 1.93,
            "eps_latest_yearly": 2.28,
            "eps_growth_yearly": 31.42
        },
        "20171": {
            "year_quarter": 20171,
            "year": 2017,
            "quarter": 1,
            "eps": 0.32,
            "eps_growth_year": -28.89,
            "eps_4q": 0.79,
            "eps_4q_growth_year": -60.58,
            "roe": 2.83,
            "roe_4q": 6.93,
            "gross_profit": 20318,
            "gross_margin": 5.65,
            "gross_margin_4q_avg": 4,
            "net_income": 9921,
            "net_income_4q": null,
            "revenue": 359726,
            "revenue_4q": null,
            "common_shares": 306752,
            "book_valuer_per_share": 11.53,
            "book_valuer_per_share_4q_avg": 11.38,
            "equity": 353744,
            "current_ratio": 288.61,
            "debt_ratio": 33.85,
            "inventory_turnover_ratio": 6.16,
            "account_receivable_turnover_ratio": 1.14,
            "reinvestment_rate": -73.34,
            "research_to_sale_ratio": null,
            "price_fair": 64.4,
            "eps_avg_yearly": 1.84,
            "eps_latest_yearly": 1.28,
            "eps_growth_yearly": 152.65
        },
        "20172": {
            "year_quarter": 20172,
            "year": 2017,
            "quarter": 2,
            "eps": 0.04,
            "eps_growth_year": -92.98,
            "eps_4q": 0.27,
            "eps_4q_growth_year": -88.53,
            "roe": 0.36,
            "roe_4q": 2.33,
            "gross_profit": 14169,
            "gross_margin": 3.47,
            "gross_margin_4q_avg": 3.2,
            "net_income": 1232,
            "net_income_4q": null,
            "revenue": 407949,
            "revenue_4q": null,
            "common_shares": 306752,
            "book_valuer_per_share": 10.76,
            "book_valuer_per_share_4q_avg": 11.21,
            "equity": 330180,
            "current_ratio": 220.8,
            "debt_ratio": 44.34,
            "inventory_turnover_ratio": 5.94,
            "account_receivable_turnover_ratio": 1.56,
            "reinvestment_rate": -49.99,
            "research_to_sale_ratio": null,
            "price_fair": 57.05,
            "eps_avg_yearly": 1.63,
            "eps_latest_yearly": 0.16,
            "eps_growth_yearly": 89.81
        },
        "20173": {
            "year_quarter": 20173,
            "year": 2017,
            "quarter": 3,
            "eps": 0.25,
            "eps_growth_year": null,
            "eps_4q": 0.71,
            "eps_4q_growth_year": -53.23,
            "roe": 2.29,
            "roe_4q": 6.33,
            "gross_profit": 19871,
            "gross_margin": 4.63,
            "gross_margin_4q_avg": 4.11,
            "net_income": 7649,
            "net_income_4q": null,
            "revenue": 429187,
            "revenue_4q": null,
            "common_shares": 306752,
            "book_valuer_per_share": 11.01,
            "book_valuer_per_share_4q_avg": 11.15,
            "equity": 337773,
            "current_ratio": 196.4,
            "debt_ratio": 50.01,
            "inventory_turnover_ratio": 5.79,
            "account_receivable_turnover_ratio": 1.41,
            "reinvestment_rate": -36.75,
            "research_to_sale_ratio": null,
            "price_fair": 54.6,
            "eps_avg_yearly": 1.56,
            "eps_latest_yearly": 1,
            "eps_growth_yearly": 313.17
        },
        "20174": {
            "year_quarter": 20174,
            "year": 2017,
            "quarter": 4,
            "eps": 0.22,
            "eps_growth_year": 131.48,
            "eps_4q": 0.84,
            "eps_4q_growth_year": -9.07,
            "roe": 2,
            "roe_4q": 7.48,
            "gross_profit": 21852,
            "gross_margin": 4.71,
            "gross_margin_4q_avg": 4.62,
            "net_income": 6831,
            "net_income_4q": null,
            "revenue": 463533,
            "revenue_4q": null,
            "common_shares": 306752,
            "book_valuer_per_share": 11.22,
            "book_valuer_per_share_4q_avg": 11.13,
            "equity": 344299,
            "current_ratio": 194.61,
            "debt_ratio": 50.32,
            "inventory_turnover_ratio": 6.31,
            "account_receivable_turnover_ratio": 1.33,
            "reinvestment_rate": 7.88,
            "research_to_sale_ratio": null,
            "price_fair": 52.22,
            "eps_avg_yearly": 1.49,
            "eps_latest_yearly": 0.88,
            "eps_growth_yearly": 277.05
        },
        "20181": {
            "year_quarter": 20181,
            "year": 2018,
            "quarter": 1,
            "eps": -0.17,
            "eps_growth_year": -153.12,
            "eps_4q": 0.35,
            "eps_4q_growth_year": -56.51,
            "roe": -1.5,
            "roe_4q": 3.15,
            "gross_profit": 8929,
            "gross_margin": 1.94,
            "gross_margin_4q_avg": 3.69,
            "net_income": -5128,
            "net_income_4q": null,
            "revenue": 460791,
            "revenue_4q": null,
            "common_shares": 306752,
            "book_valuer_per_share": 11.06,
            "book_valuer_per_share_4q_avg": 11.01,
            "equity": 339171,
            "current_ratio": 197.06,
            "debt_ratio": 49.53,
            "inventory_turnover_ratio": 7.59,
            "account_receivable_turnover_ratio": 1.28,
            "reinvestment_rate": 9.91,
            "research_to_sale_ratio": null,
            "price_fair": 52.22,
            "eps_avg_yearly": 1.49,
            "eps_latest_yearly": 0.88,
            "eps_growth_yearly": 277.05
        },
        "20182": {
            "year_quarter": 20182,
            "year": 2018,
            "quarter": 2,
            "eps": -0.26,
            "eps_growth_year": -750,
            "eps_4q": 0.05,
            "eps_4q_growth_year": -82.52,
            "roe": -2.44,
            "roe_4q": 0.3500000000000001,
            "gross_profit": 9804,
            "gross_margin": 1.78,
            "gross_margin_4q_avg": 3.27,
            "net_income": -7927,
            "net_income_4q": null,
            "revenue": 552012,
            "revenue_4q": null,
            "common_shares": 306752,
            "book_valuer_per_share": 10.1,
            "book_valuer_per_share_4q_avg": 10.85,
            "equity": 309771,
            "current_ratio": 173.06,
            "debt_ratio": 56.13,
            "inventory_turnover_ratio": 7.38,
            "account_receivable_turnover_ratio": 1.4,
            "reinvestment_rate": 12.58,
            "research_to_sale_ratio": null,
            "price_fair": 52.22,
            "eps_avg_yearly": 1.49,
            "eps_latest_yearly": 0.88,
            "eps_growth_yearly": 277.05
        },
        "20183": {
            "year_quarter": 20183,
            "year": 2018,
            "quarter": 3,
            "eps": -0.03,
            "eps_growth_year": -112,
            "eps_4q": -0.23,
            "eps_4q_growth_year": -132.66,
            "roe": -0.28,
            "roe_4q": -2.2199999999999998,
            "gross_profit": 16898,
            "gross_margin": 2.67,
            "gross_margin_4q_avg": 2.78,
            "net_income": -881,
            "net_income_4q": null,
            "revenue": 632294,
            "revenue_4q": null,
            "common_shares": 306752,
            "book_valuer_per_share": 10.07,
            "book_valuer_per_share_4q_avg": 10.61,
            "equity": 308890,
            "current_ratio": 149.79,
            "debt_ratio": 64.47,
            "inventory_turnover_ratio": 5.65,
            "account_receivable_turnover_ratio": 1.37,
            "reinvestment_rate": 21.45,
            "research_to_sale_ratio": null,
            "price_fair": 52.22,
            "eps_avg_yearly": 1.49,
            "eps_latest_yearly": 0.88,
            "eps_growth_yearly": 277.05
        },
        "20184": {
            "year_quarter": 20184,
            "year": 2018,
            "quarter": 4,
            "eps": 0.46,
            "eps_growth_year": 108.08,
            "eps_4q": 0.01,
            "eps_4q_growth_year": -98.92,
            "roe": 4.5,
            "roe_4q": 0.2799999999999998,
            "gross_profit": 36656,
            "gross_margin": 4.65,
            "gross_margin_4q_avg": 2.76,
            "net_income": 14214,
            "net_income_4q": null,
            "revenue": 787675,
            "revenue_4q": null,
            "common_shares": 306752,
            "book_valuer_per_share": 10.51,
            "book_valuer_per_share_4q_avg": 10.44,
            "equity": 322498,
            "current_ratio": 150.33,
            "debt_ratio": 66.88,
            "inventory_turnover_ratio": 5.93,
            "account_receivable_turnover_ratio": 1.52,
            "reinvestment_rate": 22.14,
            "research_to_sale_ratio": null,
            "price_fair": 52.22,
            "eps_avg_yearly": 1.49,
            "eps_latest_yearly": 0.88,
            "eps_growth_yearly": 277.05
        },
        "20191": {
            "year_quarter": 20191,
            "year": 2019,
            "quarter": 1,
            "eps": 1.02,
            "eps_growth_year": null,
            "eps_4q": 1.2,
            "eps_4q_growth_year": 246.4,
            "roe": 9.24,
            "roe_4q": 11.020000000000001,
            "gross_profit": 50292,
            "gross_margin": 7.06,
            "gross_margin_4q_avg": 4.04,
            "net_income": 31257,
            "net_income_4q": null,
            "revenue": 712751,
            "revenue_4q": null,
            "common_shares": 306752,
            "book_valuer_per_share": 11.55,
            "book_valuer_per_share_4q_avg": 10.56,
            "equity": 354285,
            "current_ratio": 142.71,
            "debt_ratio": 69.08,
            "inventory_turnover_ratio": 4.33,
            "account_receivable_turnover_ratio": 1.25,
            "reinvestment_rate": 18.55,
            "research_to_sale_ratio": null,
            "price_fair": 63,
            "eps_avg_yearly": 1.8,
            "eps_latest_yearly": 4.08,
            "eps_growth_yearly": 352.76
        },
        "20192": {
            "year_quarter": 20192,
            "year": 2019,
            "quarter": 2,
            "eps": 0.57,
            "eps_growth_year": null,
            "eps_4q": 2.02,
            "eps_4q_growth_year": 4257.52,
            "roe": 4.82,
            "roe_4q": 18.28,
            "gross_profit": 43318,
            "gross_margin": 5.3,
            "gross_margin_4q_avg": 4.92,
            "net_income": 17504,
            "net_income_4q": null,
            "revenue": 817572,
            "revenue_4q": null,
            "common_shares": 306752,
            "book_valuer_per_share": 12.12,
            "book_valuer_per_share_4q_avg": 11.06,
            "equity": 371825,
            "current_ratio": 142.66,
            "debt_ratio": 68.99,
            "inventory_turnover_ratio": 4.07,
            "account_receivable_turnover_ratio": 1.32,
            "reinvestment_rate": 15.47,
            "research_to_sale_ratio": null,
            "price_fair": 65.38,
            "eps_avg_yearly": 1.87,
            "eps_latest_yearly": 2.28,
            "eps_growth_yearly": 311.11
        },
        "20193": {
            "year_quarter": 20193,
            "year": 2019,
            "quarter": 3,
            "eps": 0.31,
            "eps_growth_year": null,
            "eps_4q": 2.37,
            "eps_4q_growth_year": null,
            "roe": 2.56,
            "roe_4q": 21.12,
            "gross_profit": 34188,
            "gross_margin": 5.31,
            "gross_margin_4q_avg": 5.58,
            "net_income": 9627,
            "net_income_4q": null,
            "revenue": 643870,
            "revenue_4q": null,
            "common_shares": 306752,
            "book_valuer_per_share": 12.42,
            "book_valuer_per_share_4q_avg": 11.65,
            "equity": 380948,
            "current_ratio": 156.54,
            "debt_ratio": 64.39,
            "inventory_turnover_ratio": 3.52,
            "account_receivable_turnover_ratio": 1.09,
            "reinvestment_rate": 17.41,
            "research_to_sale_ratio": null,
            "price_fair": 62.16,
            "eps_avg_yearly": 1.78,
            "eps_latest_yearly": 1.24,
            "eps_growth_yearly": 278.87
        },
        "20194": {
            "year_quarter": 20194,
            "year": 2019,
            "quarter": 4,
            "eps": 0.99,
            "eps_growth_year": 112.84,
            "eps_4q": 2.89,
            "eps_4q_growth_year": 31784.18,
            "roe": 7.59,
            "roe_4q": 24.21,
            "gross_profit": 66390,
            "gross_margin": 7.92,
            "gross_margin_4q_avg": 6.4,
            "net_income": 30253,
            "net_income_4q": null,
            "revenue": 838296,
            "revenue_4q": null,
            "common_shares": 306752,
            "book_valuer_per_share": 13.58,
            "book_valuer_per_share_4q_avg": 12.42,
            "equity": 416631,
            "current_ratio": 244.82,
            "debt_ratio": 66.28,
            "inventory_turnover_ratio": 5.74,
            "account_receivable_turnover_ratio": 1.4,
            "reinvestment_rate": 15.72,
            "research_to_sale_ratio": null,
            "price_fair": 66.36,
            "eps_avg_yearly": 1.9,
            "eps_latest_yearly": 3.96,
            "eps_growth_yearly": 355.5
        },
        "20201": {
            "year_quarter": 20201,
            "year": 2020,
            "quarter": 1,
            "eps": 0.54,
            "eps_growth_year": -47.06,
            "eps_4q": 2.41,
            "eps_4q_growth_year": 101.4,
            "roe": 3.88,
            "roe_4q": 18.85,
            "gross_profit": 50125,
            "gross_margin": 6.7,
            "gross_margin_4q_avg": 6.31,
            "net_income": 16455,
            "net_income_4q": null,
            "revenue": 748566,
            "revenue_4q": null,
            "common_shares": 306752,
            "book_valuer_per_share": 14.08,
            "book_valuer_per_share_4q_avg": 13.05,
            "equity": 432006,
            "current_ratio": 228.15,
            "debt_ratio": 69.71,
            "inventory_turnover_ratio": 4.98,
            "account_receivable_turnover_ratio": 1.14,
            "reinvestment_rate": 19.02,
            "research_to_sale_ratio": null,
            "price_fair": 67.62,
            "eps_avg_yearly": 1.93,
            "eps_latest_yearly": 2.16,
            "eps_growth_yearly": 351.23
        },
        "20202": {
            "year_quarter": 20202,
            "year": 2020,
            "quarter": 2,
            "eps": 0.49,
            "eps_growth_year": -14.04,
            "eps_4q": 2.33,
            "eps_4q_growth_year": 15.11,
            "roe": 3.73,
            "roe_4q": 17.759999999999998,
            "gross_profit": 56025,
            "gross_margin": 6.76,
            "gross_margin_4q_avg": 6.67,
            "net_income": 15142,
            "net_income_4q": null,
            "revenue": 828318,
            "revenue_4q": null,
            "common_shares": 306752,
            "book_valuer_per_share": 12.41,
            "book_valuer_per_share_4q_avg": 13.12,
            "equity": 380651,
            "current_ratio": 205.65,
            "debt_ratio": 72.83,
            "inventory_turnover_ratio": 5.44,
            "account_receivable_turnover_ratio": 1.3,
            "reinvestment_rate": 105.16,
            "research_to_sale_ratio": null,
            "price_fair": 66.5,
            "eps_avg_yearly": 1.9,
            "eps_latest_yearly": 1.96,
            "eps_growth_yearly": 336.86
        },
        "20203": {
            "year_quarter": 20203,
            "year": 2020,
            "quarter": 3,
            "eps": 0.04,
            "eps_growth_year": -87.1,
            "eps_4q": 2.06,
            "eps_4q_growth_year": -13.05,
            "roe": 0.34,
            "roe_4q": 15.54,
            "gross_profit": 40795,
            "gross_margin": 5.83,
            "gross_margin_4q_avg": 6.8,
            "net_income": 1281,
            "net_income_4q": null,
            "revenue": 699315,
            "revenue_4q": null,
            "common_shares": 306752,
            "book_valuer_per_share": 12.45,
            "book_valuer_per_share_4q_avg": 13.13,
            "equity": 381887,
            "current_ratio": 229.71,
            "debt_ratio": 70.29,
            "inventory_turnover_ratio": 4.58,
            "account_receivable_turnover_ratio": 1.21,
            "reinvestment_rate": 109.97,
            "research_to_sale_ratio": null,
            "price_fair": 60.96,
            "eps_avg_yearly": 1.74,
            "eps_latest_yearly": 0.16,
            "eps_growth_yearly": 272.84
        },
        "20204": {
            "year_quarter": 20204,
            "year": 2020,
            "quarter": 4,
            "eps": 0.67,
            "eps_growth_year": -31.98,
            "eps_4q": 1.74,
            "eps_4q_growth_year": -39.69,
            "roe": 5.24,
            "roe_4q": 13.190000000000001,
            "gross_profit": 70742,
            "gross_margin": 8.43,
            "gross_margin_4q_avg": 6.93,
            "net_income": 20577,
            "net_income_4q": null,
            "revenue": 839070,
            "revenue_4q": null,
            "common_shares": 306752,
            "book_valuer_per_share": 13.14,
            "book_valuer_per_share_4q_avg": 13.02,
            "equity": 402950,
            "current_ratio": 154.05,
            "debt_ratio": 71.11,
            "inventory_turnover_ratio": 5.08,
            "account_receivable_turnover_ratio": 1.47,
            "reinvestment_rate": 151.14,
            "research_to_sale_ratio": null,
            "price_fair": 63.7,
            "eps_avg_yearly": 1.82,
            "eps_latest_yearly": 2.68,
            "eps_growth_yearly": 775.1
        },
        "20211": {
            "year_quarter": 20211,
            "year": 2021,
            "quarter": 1,
            "eps": 0.41,
            "eps_growth_year": -24.07,
            "eps_4q": 1.62,
            "eps_4q_growth_year": -32.74,
            "roe": 3.09,
            "roe_4q": 12.4,
            "gross_profit": 50219,
            "gross_margin": 5.77,
            "gross_margin_4q_avg": 6.7,
            "net_income": 12667,
            "net_income_4q": null,
            "revenue": 869970,
            "revenue_4q": null,
            "common_shares": 306752,
            "book_valuer_per_share": 13.55,
            "book_valuer_per_share_4q_avg": 12.89,
            "equity": 415698,
            "current_ratio": 144.38,
            "debt_ratio": 72.67,
            "inventory_turnover_ratio": 5.44,
            "account_receivable_turnover_ratio": 1.34,
            "reinvestment_rate": 161.04,
            "research_to_sale_ratio": null,
            "price_fair": 64.75,
            "eps_avg_yearly": 1.85,
            "eps_latest_yearly": 1.64,
            "eps_growth_yearly": 688.84
        },
        "20212": {
            "year_quarter": 20212,
            "year": 2021,
            "quarter": 2,
            "eps": 0.63,
            "eps_growth_year": 28.57,
            "eps_4q": 1.75,
            "eps_4q_growth_year": -24.69,
            "roe": 4.74,
            "roe_4q": 13.41,
            "gross_profit": 43823,
            "gross_margin": 4.15,
            "gross_margin_4q_avg": 6.05,
            "net_income": 19306,
            "net_income_4q": null,
            "revenue": 1056839,
            "revenue_4q": null,
            "common_shares": 306752,
            "book_valuer_per_share": 12.99,
            "book_valuer_per_share_4q_avg": 13.03,
            "equity": 398608,
            "current_ratio": 123.18,
            "debt_ratio": 76.34,
            "inventory_turnover_ratio": 5.43,
            "account_receivable_turnover_ratio": 1.53,
            "reinvestment_rate": 152.27,
            "research_to_sale_ratio": null,
            "price_fair": 71.63,
            "eps_avg_yearly": 2.05,
            "eps_latest_yearly": 2.52,
            "eps_growth_yearly": 735.89
        },
        "20213": {
            "year_quarter": 20213,
            "year": 2021,
            "quarter": 3,
            "eps": 0.3,
            "eps_growth_year": 650,
            "eps_4q": 1.39,
            "eps_4q_growth_year": -32.5,
            "roe": 1.98,
            "roe_4q": 15.05,
            "gross_profit": 53019,
            "gross_margin": 5.99,
            "gross_margin_4q_avg": 6.09,
            "net_income": 10947,
            "net_income_4q": null,
            "revenue": 885457,
            "revenue_4q": null,
            "common_shares": 457115,
            "book_valuer_per_share": 15.41,
            "book_valuer_per_share_4q_avg": 13.77,
            "equity": 704386,
            "current_ratio": 163.98,
            "debt_ratio": 59.41,
            "inventory_turnover_ratio": 3.81,
            "account_receivable_turnover_ratio": 1.44,
            "reinvestment_rate": 171.87,
            "research_to_sale_ratio": null,
            "price_fair": 72.22,
            "eps_avg_yearly": 2.06,
            "eps_latest_yearly": 1.2,
            "eps_growth_yearly": 543.43
        },
        "20214": {
            "year_quarter": 20214,
            "year": 2021,
            "quarter": 4,
            "eps": 0.33,
            "eps_growth_year": -50.69,
            "eps_4q": 1.27,
            "eps_4q_growth_year": -27.14,
            "roe": 2.14,
            "roe_4q": 11.95,
            "gross_profit": 68539,
            "gross_margin": 4.22,
            "gross_margin_4q_avg": 5.03,
            "net_income": 15119,
            "net_income_4q": null,
            "revenue": 1625290,
            "revenue_4q": null,
            "common_shares": 457115,
            "book_valuer_per_share": 15.54,
            "book_valuer_per_share_4q_avg": 14.37,
            "equity": 710560,
            "current_ratio": 136.76,
            "debt_ratio": 70.97,
            "inventory_turnover_ratio": 6.59,
            "account_receivable_turnover_ratio": 1.92,
            "reinvestment_rate": 177.23,
            "research_to_sale_ratio": null,
            "price_fair": 73.5,
            "eps_avg_yearly": 2.1,
            "eps_latest_yearly": 1.32,
            "eps_growth_yearly": 550.76
        },
        "20221": {
            "year_quarter": 20221,
            "year": 2022,
            "quarter": 1,
            "eps": 0.48,
            "eps_growth_year": 17.07,
            "eps_4q": 1.47,
            "eps_4q_growth_year": -9.06,
            "roe": 3.04,
            "roe_4q": 11.9,
            "gross_profit": 66437,
            "gross_margin": 4.27,
            "gross_margin_4q_avg": 4.66,
            "net_income": 21935,
            "net_income_4q": null,
            "revenue": 1556334,
            "revenue_4q": null,
            "common_shares": 457115,
            "book_valuer_per_share": 16.02,
            "book_valuer_per_share_4q_avg": 14.99,
            "equity": 732495,
            "current_ratio": 154.38,
            "debt_ratio": 63.86,
            "inventory_turnover_ratio": 5.67,
            "account_receivable_turnover_ratio": 1.47,
            "reinvestment_rate": 154.56,
            "research_to_sale_ratio": null,
            "price_fair": 73.02,
            "eps_avg_yearly": 2.09,
            "eps_latest_yearly": 1.92,
            "eps_growth_yearly": 522.38
        },
        "20222": {
            "year_quarter": 20222,
            "year": 2022,
            "quarter": 2,
            "eps": 1.03,
            "eps_growth_year": 63.49,
            "eps_4q": 1.57,
            "eps_4q_growth_year": -10.56,
            "roe": 5.38,
            "roe_4q": 12.540000000000001,
            "gross_profit": 108137,
            "gross_margin": 7.3,
            "gross_margin_4q_avg": 5.45,
            "net_income": 47288,
            "net_income_4q": null,
            "revenue": 1481890,
            "revenue_4q": null,
            "common_shares": 607115,
            "book_valuer_per_share": 16.88,
            "book_valuer_per_share_4q_avg": 15.96,
            "equity": 1025036,
            "current_ratio": 189.9,
            "debt_ratio": 53.24,
            "inventory_turnover_ratio": 4.63,
            "account_receivable_turnover_ratio": 1.71,
            "reinvestment_rate": 127.92,
            "research_to_sale_ratio": null,
            "price_fair": 78.1,
            "eps_avg_yearly": 2.23,
            "eps_latest_yearly": 4.12,
            "eps_growth_yearly": 517.81
        },
        "20223": {
            "year_quarter": 20223,
            "year": 2022,
            "quarter": 3,
            "eps": 0.97,
            "eps_growth_year": 223.33,
            "eps_4q": 2.36,
            "eps_4q_growth_year": 69.54,
            "roe": 5.56,
            "roe_4q": 16.12,
            "gross_profit": 104579,
            "gross_margin": 5.39,
            "gross_margin_4q_avg": 5.3,
            "net_income": 58640,
            "net_income_4q": null,
            "revenue": 1941541,
            "revenue_4q": null,
            "common_shares": 607115,
            "book_valuer_per_share": 17.85,
            "book_valuer_per_share_4q_avg": 16.57,
            "equity": 1083676,
            "current_ratio": 192.67,
            "debt_ratio": 51.77,
            "inventory_turnover_ratio": 5.18,
            "account_receivable_turnover_ratio": 2.35,
            "reinvestment_rate": 108.02,
            "research_to_sale_ratio": null,
            "price_fair": 81.95,
            "eps_avg_yearly": 2.34,
            "eps_latest_yearly": 3.88,
            "eps_growth_yearly": 481.73
        },
        "20224": {
            "year_quarter": 20224,
            "year": 2022,
            "quarter": 4,
            "eps": 0.81,
            "eps_growth_year": 145.35,
            "eps_4q": 2.92,
            "eps_4q_growth_year": 129.79,
            "roe": 4.43,
            "roe_4q": 18.409999999999997,
            "gross_profit": 120369,
            "gross_margin": 7.29,
            "gross_margin_4q_avg": 6.06,
            "net_income": 49266,
            "net_income_4q": null,
            "revenue": 1650730,
            "revenue_4q": null,
            "common_shares": 607115,
            "book_valuer_per_share": 18.8,
            "book_valuer_per_share_4q_avg": 17.39,
            "equity": 1141125,
            "current_ratio": 274.13,
            "debt_ratio": 47.71,
            "inventory_turnover_ratio": 5.35,
            "account_receivable_turnover_ratio": 1.82,
            "reinvestment_rate": 101.14,
            "research_to_sale_ratio": null,
            "price_fair": 83.91,
            "eps_avg_yearly": 2.4,
            "eps_latest_yearly": 3.24,
            "eps_growth_yearly": 447.5
        },
        "20231": {
            "year_quarter": 20231,
            "year": 2023,
            "quarter": 1,
            "eps": 0.83,
            "eps_growth_year": 72.92,
            "eps_4q": 3.31,
            "eps_4q_growth_year": 124.99,
            "roe": 4.51,
            "roe_4q": 19.88,
            "gross_profit": 129716,
            "gross_margin": 5.96,
            "gross_margin_4q_avg": 6.49,
            "net_income": 50478,
            "net_income_4q": null,
            "revenue": 2176238,
            "revenue_4q": null,
            "common_shares": 620836,
            "book_valuer_per_share": 17.66,
            "book_valuer_per_share_4q_avg": 17.8,
            "equity": 1096565,
            "current_ratio": 215.77,
            "debt_ratio": 55.8,
            "inventory_turnover_ratio": 8,
            "account_receivable_turnover_ratio": 2.06,
            "reinvestment_rate": 95.86,
            "research_to_sale_ratio": null,
            "price_fair": 82.25,
            "eps_avg_yearly": 2.35,
            "eps_latest_yearly": 3.32,
            "eps_growth_yearly": 417.68
        },
        "20232": {
            "year_quarter": 20232,
            "year": 2023,
            "quarter": 2,
            "eps": 0.78,
            "eps_growth_year": -24.27,
            "eps_4q": 3.06,
            "eps_4q_growth_year": 94.67,
            "roe": 4.23,
            "roe_4q": 18.73,
            "gross_profit": 118693,
            "gross_margin": 6.11,
            "gross_margin_4q_avg": 6.19,
            "net_income": 50133,
            "net_income_4q": null,
            "revenue": 1943302,
            "revenue_4q": null,
            "common_shares": 682433,
            "book_valuer_per_share": 18.65,
            "book_valuer_per_share_4q_avg": 18.24,
            "equity": 1272659,
            "current_ratio": 231.23,
            "debt_ratio": 47.91,
            "inventory_turnover_ratio": 4.67,
            "account_receivable_turnover_ratio": 1.78,
            "reinvestment_rate": 89.08,
            "research_to_sale_ratio": null,
            "price_fair": 84.09,
            "eps_avg_yearly": 2.4,
            "eps_latest_yearly": 3.12,
            "eps_growth_yearly": 427.21
        },
        "20233": {
            "year_quarter": 20233,
            "year": 2023,
            "quarter": 3,
            "eps": 0.53,
            "eps_growth_year": -45.36,
            "eps_4q": 2.71,
            "eps_4q_growth_year": 15.09,
            "roe": 2.78,
            "roe_4q": 15.95,
            "gross_profit": 102612,
            "gross_margin": 6.22,
            "gross_margin_4q_avg": 6.4,
            "net_income": 35966,
            "net_income_4q": null,
            "revenue": 1650094,
            "revenue_4q": null,
            "common_shares": 685651,
            "book_valuer_per_share": 19.18,
            "book_valuer_per_share_4q_avg": 18.57,
            "equity": 1314871,
            "current_ratio": 252.04,
            "debt_ratio": 44.92,
            "inventory_turnover_ratio": 2.89,
            "account_receivable_turnover_ratio": 1.83,
            "reinvestment_rate": 82.38,
            "research_to_sale_ratio": null,
            "price_fair": 86.01,
            "eps_avg_yearly": 2.46,
            "eps_latest_yearly": 2.12,
            "eps_growth_yearly": 430.6
        },
        "20234": {
            "year_quarter": 20234,
            "year": 2023,
            "quarter": 4,
            "eps": 1.84,
            "eps_growth_year": 127.01,
            "eps_4q": 3.83,
            "eps_4q_growth_year": 31.23,
            "roe": 9.18,
            "roe_4q": 20.699999999999996,
            "gross_profit": 130162,
            "gross_margin": 6.33,
            "gross_margin_4q_avg": 6.16,
            "net_income": 126651,
            "net_income_4q": null,
            "revenue": 2056026,
            "revenue_4q": null,
            "common_shares": 687532,
            "book_valuer_per_share": 21.02,
            "book_valuer_per_share_4q_avg": 19.13,
            "equity": 1445216,
            "current_ratio": 191.69,
            "debt_ratio": 50.13,
            "inventory_turnover_ratio": 2.79,
            "account_receivable_turnover_ratio": 2.36,
            "reinvestment_rate": 90.57,
            "research_to_sale_ratio": null,
            "price_fair": 93.45,
            "eps_avg_yearly": 2.67,
            "eps_latest_yearly": 7.36,
            "eps_growth_yearly": 437.55
        }
    },
    "months": {
        "2003-09": {
            "month": "2003-09",
            "price": "24.39",
            "revenue": 61646
        },
        "2003-10": {
            "month": "2003-10",
            "price": "23.46",
            "revenue": 67432
        },
        "2003-11": {
            "month": "2003-11",
            "price": "28.58",
            "revenue": 68848
        },
        "2003-12": {
            "month": "2003-12",
            "price": "27.17",
            "revenue": 60056
        },
        "2004-01": {
            "month": "2004-01",
            "price": "26.58",
            "revenue": 51679
        },
        "2004-02": {
            "month": "2004-02",
            "price": "26.63",
            "revenue": 51722
        },
        "2004-03": {
            "month": "2004-03",
            "price": "26.15",
            "revenue": 55535
        },
        "2004-04": {
            "month": "2004-04",
            "price": "24.17",
            "revenue": 56804
        },
        "2004-05": {
            "month": "2004-05",
            "price": "21.71",
            "revenue": 54350
        },
        "2004-06": {
            "month": "2004-06",
            "price": "20.35",
            "revenue": 49176
        },
        "2004-07": {
            "month": "2004-07",
            "price": "18.65",
            "revenue": 65637
        },
        "2004-08": {
            "month": "2004-08",
            "price": "17.76",
            "revenue": 60977
        },
        "2004-09": {
            "month": "2004-09",
            "price": "16.95",
            "revenue": 60111
        },
        "2004-10": {
            "month": "2004-10",
            "price": "14.05",
            "revenue": 65564
        },
        "2004-11": {
            "month": "2004-11",
            "price": "13.03",
            "revenue": 78119
        },
        "2004-12": {
            "month": "2004-12",
            "price": "13.12",
            "revenue": 56207
        },
        "2005-01": {
            "month": "2005-01",
            "price": "12.91",
            "revenue": 65859
        },
        "2005-02": {
            "month": "2005-02",
            "price": "14.99",
            "revenue": 48311
        },
        "2005-03": {
            "month": "2005-03",
            "price": "16.35",
            "revenue": 85717
        },
        "2005-04": {
            "month": "2005-04",
            "price": "16.90",
            "revenue": 70503
        },
        "2005-05": {
            "month": "2005-05",
            "price": "16.01",
            "revenue": 55992
        },
        "2005-06": {
            "month": "2005-06",
            "price": "16.14",
            "revenue": 65593
        },
        "2005-07": {
            "month": "2005-07",
            "price": "18.06",
            "revenue": 83000
        },
        "2005-08": {
            "month": "2005-08",
            "price": "18.67",
            "revenue": 93265
        },
        "2005-09": {
            "month": "2005-09",
            "price": "16.85",
            "revenue": 104381
        },
        "2005-10": {
            "month": "2005-10",
            "price": "16.57",
            "revenue": 92227
        },
        "2005-11": {
            "month": "2005-11",
            "price": "16.05",
            "revenue": 92983
        },
        "2005-12": {
            "month": "2005-12",
            "price": "18.05",
            "revenue": 90198
        },
        "2006-01": {
            "month": "2006-01",
            "price": "19.49",
            "revenue": 78462
        },
        "2006-02": {
            "month": "2006-02",
            "price": "18.33",
            "revenue": 71246
        },
        "2006-03": {
            "month": "2006-03",
            "price": "19.13",
            "revenue": 80437
        },
        "2006-04": {
            "month": "2006-04",
            "price": "19.78",
            "revenue": 78804
        },
        "2006-05": {
            "month": "2006-05",
            "price": "18.51",
            "revenue": 78882
        },
        "2006-06": {
            "month": "2006-06",
            "price": "15.28",
            "revenue": 73243
        },
        "2006-07": {
            "month": "2006-07",
            "price": "14.03",
            "revenue": 81231
        },
        "2006-08": {
            "month": "2006-08",
            "price": "13.39",
            "revenue": 78018
        },
        "2006-09": {
            "month": "2006-09",
            "price": "12.15",
            "revenue": 80236
        },
        "2006-10": {
            "month": "2006-10",
            "price": "12.12",
            "revenue": 100317
        },
        "2006-11": {
            "month": "2006-11",
            "price": "12.78",
            "revenue": 104233
        },
        "2006-12": {
            "month": "2006-12",
            "price": "13.81",
            "revenue": 111248
        },
        "2007-01": {
            "month": "2007-01",
            "price": "15.05",
            "revenue": 82519
        },
        "2007-02": {
            "month": "2007-02",
            "price": "15.57",
            "revenue": 57025
        },
        "2007-03": {
            "month": "2007-03",
            "price": "15.70",
            "revenue": 92220
        },
        "2007-04": {
            "month": "2007-04",
            "price": "15.42",
            "revenue": 111028
        },
        "2007-05": {
            "month": "2007-05",
            "price": "15.09",
            "revenue": 94068
        },
        "2007-06": {
            "month": "2007-06",
            "price": "16.04",
            "revenue": 78486
        },
        "2007-07": {
            "month": "2007-07",
            "price": "16.44",
            "revenue": 100554
        },
        "2007-08": {
            "month": "2007-08",
            "price": "15.82",
            "revenue": 101961
        },
        "2007-09": {
            "month": "2007-09",
            "price": "14.76",
            "revenue": 111219
        },
        "2007-10": {
            "month": "2007-10",
            "price": "15.40",
            "revenue": 120426
        },
        "2007-11": {
            "month": "2007-11",
            "price": "14.31",
            "revenue": 128574
        },
        "2007-12": {
            "month": "2007-12",
            "price": "13.49",
            "revenue": 124841
        },
        "2008-01": {
            "month": "2008-01",
            "price": "12.99",
            "revenue": 129595
        },
        "2008-02": {
            "month": "2008-02",
            "price": "13.45",
            "revenue": 91282
        },
        "2008-03": {
            "month": "2008-03",
            "price": "14.15",
            "revenue": 145766
        },
        "2008-04": {
            "month": "2008-04",
            "price": "14.44",
            "revenue": 156223
        },
        "2008-05": {
            "month": "2008-05",
            "price": "14.67",
            "revenue": 152431
        },
        "2008-06": {
            "month": "2008-06",
            "price": "13.27",
            "revenue": 110772
        },
        "2008-07": {
            "month": "2008-07",
            "price": "12.02",
            "revenue": 128044
        },
        "2008-08": {
            "month": "2008-08",
            "price": "11.25",
            "revenue": 117955
        },
        "2008-09": {
            "month": "2008-09",
            "price": "10.70",
            "revenue": 112660
        },
        "2008-10": {
            "month": "2008-10",
            "price": "9.51",
            "revenue": 102992
        },
        "2008-11": {
            "month": "2008-11",
            "price": "7.76",
            "revenue": 66815
        },
        "2008-12": {
            "month": "2008-12",
            "price": "7.31",
            "revenue": 44528
        },
        "2009-01": {
            "month": "2009-01",
            "price": "7.07",
            "revenue": 44104
        },
        "2009-02": {
            "month": "2009-02",
            "price": "6.85",
            "revenue": 64805
        },
        "2009-03": {
            "month": "2009-03",
            "price": "9.36",
            "revenue": 55113
        },
        "2009-04": {
            "month": "2009-04",
            "price": "8.86",
            "revenue": 39197
        },
        "2009-05": {
            "month": "2009-05",
            "price": "7.43",
            "revenue": 40019
        },
        "2009-06": {
            "month": "2009-06",
            "price": "7.69",
            "revenue": 41153
        },
        "2009-07": {
            "month": "2009-07",
            "price": "8.22",
            "revenue": 45339
        },
        "2009-08": {
            "month": "2009-08",
            "price": "10.82",
            "revenue": 50508
        },
        "2009-09": {
            "month": "2009-09",
            "price": "11.07",
            "revenue": 65015
        },
        "2009-10": {
            "month": "2009-10",
            "price": "11.69",
            "revenue": 52605
        },
        "2009-11": {
            "month": "2009-11",
            "price": "11.56",
            "revenue": 68354
        },
        "2009-12": {
            "month": "2009-12",
            "price": "14.56",
            "revenue": 76745
        },
        "2010-01": {
            "month": "2010-01",
            "price": "24.25",
            "revenue": 76590
        },
        "2010-02": {
            "month": "2010-02",
            "price": "19.74",
            "revenue": 55735
        },
        "2010-03": {
            "month": "2010-03",
            "price": "22.49",
            "revenue": 104120
        },
        "2010-04": {
            "month": "2010-04",
            "price": "21.80",
            "revenue": 107821
        },
        "2010-05": {
            "month": "2010-05",
            "price": "16.66",
            "revenue": 99484
        },
        "2010-06": {
            "month": "2010-06",
            "price": "15.61",
            "revenue": 74243
        },
        "2010-07": {
            "month": "2010-07",
            "price": "16.74",
            "revenue": 75877
        },
        "2010-08": {
            "month": "2010-08",
            "price": "16.41",
            "revenue": 61231
        },
        "2010-09": {
            "month": "2010-09",
            "price": "14.40",
            "revenue": 83264
        },
        "2010-10": {
            "month": "2010-10",
            "price": "13.22",
            "revenue": 81197
        },
        "2010-11": {
            "month": "2010-11",
            "price": "12.62",
            "revenue": 85431
        },
        "2010-12": {
            "month": "2010-12",
            "price": "14.68",
            "revenue": 94043
        },
        "2011-01": {
            "month": "2011-01",
            "price": "13.26",
            "revenue": 70576
        },
        "2011-02": {
            "month": "2011-02",
            "price": "12.04",
            "revenue": 53131
        },
        "2011-03": {
            "month": "2011-03",
            "price": "11.29",
            "revenue": 73244
        },
        "2011-04": {
            "month": "2011-04",
            "price": "10.72",
            "revenue": 61021
        },
        "2011-05": {
            "month": "2011-05",
            "price": "9.65",
            "revenue": 59565
        },
        "2011-06": {
            "month": "2011-06",
            "price": "8.43",
            "revenue": 62892
        },
        "2011-07": {
            "month": "2011-07",
            "price": "7.98",
            "revenue": 77085
        },
        "2011-08": {
            "month": "2011-08",
            "price": "8.89",
            "revenue": 63539
        },
        "2011-09": {
            "month": "2011-09",
            "price": "7.51",
            "revenue": 46910
        },
        "2011-10": {
            "month": "2011-10",
            "price": "7.36",
            "revenue": 30119
        },
        "2011-11": {
            "month": "2011-11",
            "price": "7.73",
            "revenue": 39801
        },
        "2011-12": {
            "month": "2011-12",
            "price": "6.59",
            "revenue": 43575
        },
        "2012-01": {
            "month": "2012-01",
            "price": "6.36",
            "revenue": 30489
        },
        "2012-02": {
            "month": "2012-02",
            "price": "7.05",
            "revenue": 31367
        },
        "2012-03": {
            "month": "2012-03",
            "price": "7.09",
            "revenue": 38648
        },
        "2012-04": {
            "month": "2012-04",
            "price": "6.20",
            "revenue": 34316
        },
        "2012-05": {
            "month": "2012-05",
            "price": "4.54",
            "revenue": 43217
        },
        "2012-06": {
            "month": "2012-06",
            "price": "4.20",
            "revenue": 32454
        },
        "2012-07": {
            "month": "2012-07",
            "price": "4.78",
            "revenue": 34726
        },
        "2012-08": {
            "month": "2012-08",
            "price": "5.64",
            "revenue": 34705
        },
        "2012-09": {
            "month": "2012-09",
            "price": "5.13",
            "revenue": 28875
        },
        "2012-10": {
            "month": "2012-10",
            "price": "4.99",
            "revenue": 24397
        },
        "2012-11": {
            "month": "2012-11",
            "price": "4.87",
            "revenue": 30847
        },
        "2012-12": {
            "month": "2012-12",
            "price": "4.52",
            "revenue": 20999
        },
        "2013-01": {
            "month": "2013-01",
            "price": "5.64",
            "revenue": 17877
        },
        "2013-02": {
            "month": "2013-02",
            "price": "4.96",
            "revenue": 8231
        },
        "2013-03": {
            "month": "2013-03",
            "price": "4.62",
            "revenue": 16636
        },
        "2013-04": {
            "month": "2013-04",
            "price": "4.57",
            "revenue": 16562
        },
        "2013-05": {
            "month": "2013-05",
            "price": "4.27",
            "revenue": 18098
        },
        "2013-06": {
            "month": "2013-06",
            "price": "4.91",
            "revenue": 17821
        },
        "2013-07": {
            "month": "2013-07",
            "price": "4.61",
            "revenue": 7137
        },
        "2013-08": {
            "month": "2013-08",
            "price": "4.26",
            "revenue": 3628
        },
        "2013-09": {
            "month": "2013-09",
            "price": "4.28",
            "revenue": 1207
        },
        "2013-10": {
            "month": "2013-10",
            "price": "5.70",
            "revenue": 2230
        },
        "2013-11": {
            "month": "2013-11",
            "price": "4.90",
            "revenue": 25348
        },
        "2013-12": {
            "month": "2013-12",
            "price": "7.38",
            "revenue": 86607
        },
        "2014-01": {
            "month": "2014-01",
            "price": "10.28",
            "revenue": 11724
        },
        "2014-02": {
            "month": "2014-02",
            "price": "10.16",
            "revenue": 12114
        },
        "2014-03": {
            "month": "2014-03",
            "price": "9.30",
            "revenue": 32063
        },
        "2014-04": {
            "month": "2014-04",
            "price": "7.37",
            "revenue": 46307
        },
        "2014-05": {
            "month": "2014-05",
            "price": "7.67",
            "revenue": 62371
        },
        "2014-06": {
            "month": "2014-06",
            "price": "8.60",
            "revenue": 89102
        },
        "2014-07": {
            "month": "2014-07",
            "price": "8.06",
            "revenue": 89102
        },
        "2014-08": {
            "month": "2014-08",
            "price": "8.05",
            "revenue": 108777
        },
        "2014-09": {
            "month": "2014-09",
            "price": "7.55",
            "revenue": 119400
        },
        "2014-10": {
            "month": "2014-10",
            "price": "7.21",
            "revenue": 188785
        },
        "2014-11": {
            "month": "2014-11",
            "price": "9.44",
            "revenue": 141241
        },
        "2014-12": {
            "month": "2014-12",
            "price": "29.44",
            "revenue": 130855
        },
        "2015-01": {
            "month": "2015-01",
            "price": "28.13",
            "revenue": 98529
        },
        "2015-02": {
            "month": "2015-02",
            "price": "27.39",
            "revenue": 74329
        },
        "2015-03": {
            "month": "2015-03",
            "price": "28.98",
            "revenue": 93801
        },
        "2015-04": {
            "month": "2015-04",
            "price": "37.95",
            "revenue": 97024
        },
        "2015-05": {
            "month": "2015-05",
            "price": "35.28",
            "revenue": 110653
        },
        "2015-06": {
            "month": "2015-06",
            "price": "31.35",
            "revenue": 135156
        },
        "2015-07": {
            "month": "2015-07",
            "price": "30.97",
            "revenue": 135340
        },
        "2015-08": {
            "month": "2015-08",
            "price": "27.36",
            "revenue": 94940
        },
        "2015-09": {
            "month": "2015-09",
            "price": "25.12",
            "revenue": 77156
        },
        "2015-10": {
            "month": "2015-10",
            "price": "24.04",
            "revenue": 131741
        },
        "2015-11": {
            "month": "2015-11",
            "price": "22.42",
            "revenue": 117080
        },
        "2015-12": {
            "month": "2015-12",
            "price": "21.19",
            "revenue": 170433
        },
        "2016-01": {
            "month": "2016-01",
            "price": "24.71",
            "revenue": 151785
        },
        "2016-02": {
            "month": "2016-02",
            "price": "29.52",
            "revenue": 67626
        },
        "2016-03": {
            "month": "2016-03",
            "price": "28.51",
            "revenue": 141329
        },
        "2016-04": {
            "month": "2016-04",
            "price": "26.75",
            "revenue": 173201
        },
        "2016-05": {
            "month": "2016-05",
            "price": "26.10",
            "revenue": 142679
        },
        "2016-06": {
            "month": "2016-06",
            "price": "25.79",
            "revenue": 126898
        },
        "2016-07": {
            "month": "2016-07",
            "price": "25.15",
            "revenue": 152239
        },
        "2016-08": {
            "month": "2016-08",
            "price": "24.21",
            "revenue": 150915
        },
        "2016-09": {
            "month": "2016-09",
            "price": "23.39",
            "revenue": 130420
        },
        "2016-10": {
            "month": "2016-10",
            "price": "23.27",
            "revenue": 174151
        },
        "2016-11": {
            "month": "2016-11",
            "price": "22.09",
            "revenue": 178776
        },
        "2016-12": {
            "month": "2016-12",
            "price": "20.16",
            "revenue": 159906
        },
        "2017-01": {
            "month": "2017-01",
            "price": "20.57",
            "revenue": 107683
        },
        "2017-02": {
            "month": "2017-02",
            "price": "22.93",
            "revenue": 93653
        },
        "2017-03": {
            "month": "2017-03",
            "price": "26.80",
            "revenue": 158390
        },
        "2017-04": {
            "month": "2017-04",
            "price": "23.36",
            "revenue": 148620
        },
        "2017-05": {
            "month": "2017-05",
            "price": "22.55",
            "revenue": 148498
        },
        "2017-06": {
            "month": "2017-06",
            "price": "22.46",
            "revenue": 110831
        },
        "2017-07": {
            "month": "2017-07",
            "price": "21.86",
            "revenue": 113106
        },
        "2017-08": {
            "month": "2017-08",
            "price": "21.10",
            "revenue": 165508
        },
        "2017-09": {
            "month": "2017-09",
            "price": "20.89",
            "revenue": 150573
        },
        "2017-10": {
            "month": "2017-10",
            "price": "20.23",
            "revenue": 114459
        },
        "2017-11": {
            "month": "2017-11",
            "price": "17.19",
            "revenue": 165624
        },
        "2017-12": {
            "month": "2017-12",
            "price": "18.22",
            "revenue": 183450
        },
        "2018-01": {
            "month": "2018-01",
            "price": "20.56",
            "revenue": 175393
        },
        "2018-02": {
            "month": "2018-02",
            "price": "18.71",
            "revenue": 101952
        },
        "2018-03": {
            "month": "2018-03",
            "price": "20.32",
            "revenue": 183446
        },
        "2018-04": {
            "month": "2018-04",
            "price": "19.40",
            "revenue": 145179
        },
        "2018-05": {
            "month": "2018-05",
            "price": "18.24",
            "revenue": 230122
        },
        "2018-06": {
            "month": "2018-06",
            "price": "17.29",
            "revenue": 176710
        },
        "2018-07": {
            "month": "2018-07",
            "price": "15.99",
            "revenue": 203645
        },
        "2018-08": {
            "month": "2018-08",
            "price": "14.70",
            "revenue": 228534
        },
        "2018-09": {
            "month": "2018-09",
            "price": "14.75",
            "revenue": 200116
        },
        "2018-10": {
            "month": "2018-10",
            "price": "14.44",
            "revenue": 293077
        },
        "2018-11": {
            "month": "2018-11",
            "price": "13.86",
            "revenue": 253072
        },
        "2018-12": {
            "month": "2018-12",
            "price": "13.58",
            "revenue": 241527
        },
        "2019-01": {
            "month": "2019-01",
            "price": "13.19",
            "revenue": 286623
        },
        "2019-02": {
            "month": "2019-02",
            "price": "13.40",
            "revenue": 174560
        },
        "2019-03": {
            "month": "2019-03",
            "price": "13.75",
            "revenue": 251568
        },
        "2019-04": {
            "month": "2019-04",
            "price": "15.92",
            "revenue": 291002
        },
        "2019-05": {
            "month": "2019-05",
            "price": "23.36",
            "revenue": 304162
        },
        "2019-06": {
            "month": "2019-06",
            "price": "30.53",
            "revenue": 222408
        },
        "2019-07": {
            "month": "2019-07",
            "price": "28.85",
            "revenue": 222526
        },
        "2019-08": {
            "month": "2019-08",
            "price": "28.31",
            "revenue": 194292
        },
        "2019-09": {
            "month": "2019-09",
            "price": "28.11",
            "revenue": 227052
        },
        "2019-10": {
            "month": "2019-10",
            "price": "28.45",
            "revenue": 268810
        },
        "2019-11": {
            "month": "2019-11",
            "price": "28.32",
            "revenue": 287555
        },
        "2019-12": {
            "month": "2019-12",
            "price": "27.73",
            "revenue": 281931
        },
        "2020-01": {
            "month": "2020-01",
            "price": "27.90",
            "revenue": 186227
        },
        "2020-02": {
            "month": "2020-02",
            "price": "27.82",
            "revenue": 263801
        },
        "2020-03": {
            "month": "2020-03",
            "price": "25.67",
            "revenue": 298538
        },
        "2020-04": {
            "month": "2020-04",
            "price": "27.20",
            "revenue": 297628
        },
        "2020-05": {
            "month": "2020-05",
            "price": "27.61",
            "revenue": 264548
        },
        "2020-06": {
            "month": "2020-06",
            "price": "27.37",
            "revenue": 266142
        },
        "2020-07": {
            "month": "2020-07",
            "price": "27.26",
            "revenue": 225823
        },
        "2020-08": {
            "month": "2020-08",
            "price": "27.56",
            "revenue": 228602
        },
        "2020-09": {
            "month": "2020-09",
            "price": "25.95",
            "revenue": 244890
        },
        "2020-10": {
            "month": "2020-10",
            "price": "24.87",
            "revenue": 251219
        },
        "2020-11": {
            "month": "2020-11",
            "price": "24.86",
            "revenue": 291866
        },
        "2020-12": {
            "month": "2020-12",
            "price": "25.61",
            "revenue": 295985
        },
        "2021-01": {
            "month": "2021-01",
            "price": "26.95",
            "revenue": 325944
        },
        "2021-02": {
            "month": "2021-02",
            "price": "25.43",
            "revenue": 201676
        },
        "2021-03": {
            "month": "2021-03",
            "price": "26.06",
            "revenue": 342350
        },
        "2021-04": {
            "month": "2021-04",
            "price": "29.50",
            "revenue": 398957
        },
        "2021-05": {
            "month": "2021-05",
            "price": "23.40",
            "revenue": 339931
        },
        "2021-06": {
            "month": "2021-06",
            "price": "24.39",
            "revenue": 317951
        },
        "2021-07": {
            "month": "2021-07",
            "price": "26.18",
            "revenue": 313799
        },
        "2021-08": {
            "month": "2021-08",
            "price": "21.59",
            "revenue": 286913
        },
        "2021-09": {
            "month": "2021-09",
            "price": "20.62",
            "revenue": 284745
        },
        "2021-10": {
            "month": "2021-10",
            "price": "20.81",
            "revenue": 430239
        },
        "2021-11": {
            "month": "2021-11",
            "price": "20.90",
            "revenue": 483339
        },
        "2021-12": {
            "month": "2021-12",
            "price": "21.49",
            "revenue": 711712
        },
        "2022-01": {
            "month": "2022-01",
            "price": "21.98",
            "revenue": 463065
        },
        "2022-02": {
            "month": "2022-02",
            "price": "23.86",
            "revenue": 536988
        },
        "2022-03": {
            "month": "2022-03",
            "price": "22.96",
            "revenue": 556281
        },
        "2022-04": {
            "month": "2022-04",
            "price": "22.54",
            "revenue": 547281
        },
        "2022-05": {
            "month": "2022-05",
            "price": "21.90",
            "revenue": 467747
        },
        "2022-06": {
            "month": "2022-06",
            "price": "20.96",
            "revenue": 466863
        },
        "2022-07": {
            "month": "2022-07",
            "price": "19.58",
            "revenue": 529636
        },
        "2022-08": {
            "month": "2022-08",
            "price": "20.92",
            "revenue": 553822
        },
        "2022-09": {
            "month": "2022-09",
            "price": "20.67",
            "revenue": 858082
        },
        "2022-10": {
            "month": "2022-10",
            "price": "20.34",
            "revenue": 507230
        },
        "2022-11": {
            "month": "2022-11",
            "price": "20.67",
            "revenue": 542298
        },
        "2022-12": {
            "month": "2022-12",
            "price": "22.20",
            "revenue": 601202
        },
        "2023-01": {
            "month": "2023-01",
            "price": "22.41",
            "revenue": 370431
        },
        "2023-02": {
            "month": "2023-02",
            "price": "22.64",
            "revenue": 815680
        },
        "2023-03": {
            "month": "2023-03",
            "price": "25.55",
            "revenue": 990127
        },
        "2023-04": {
            "month": "2023-04",
            "price": "32.41",
            "revenue": 539896
        },
        "2023-05": {
            "month": "2023-05",
            "price": "30.30",
            "revenue": 747954
        },
        "2023-06": {
            "month": "2023-06",
            "price": "28.17",
            "revenue": 655451
        },
        "2023-07": {
            "month": "2023-07",
            "price": "27.54",
            "revenue": 591034
        },
        "2023-08": {
            "month": "2023-08",
            "price": "27.15",
            "revenue": 506106
        },
        "2023-09": {
            "month": "2023-09",
            "price": "27.28",
            "revenue": 552954
        },
        "2023-10": {
            "month": "2023-10",
            "price": "25.94",
            "revenue": 636421
        },
        "2023-11": {
            "month": "2023-11",
            "price": "26.41",
            "revenue": 689082
        },
        "2023-12": {
            "month": "2023-12",
            "price": "27.96",
            "revenue": 730524
        }
    }
}
