{
    "summary": {
        "stock_name": "定穎",
        "stock_id": "6251",
        "category": "電子零組件",
        "main_business": "各種印刷電路板之製造加工買賣業務",
        "website_url": "http://www.dynamicpcb.com",
        "ceo": "黃銘宏",
        "pe_ratio": 9,
        "report_year_from": 2002,
        "report_year_to": 2022,
        "age": 21,
        "eps_negative_percentage": 21,
        "eps_growth_avg": {
            "last_all": -3.93,
            "last_2y": 14.3,
            "last_4y": -14.28,
            "last_8y": -26.18,
            "last_12y": -27.7,
            "last_16y": null,
            "last_20y": null,
            "at_2006_last_3y": null,
            "at_2007_last_3y": null,
            "at_2008_last_3y": null,
            "at_2009_last_3y": null,
            "at_2010_last_3y": null,
            "at_2011_last_3y": -1.61,
            "at_2012_last_3y": -13.83,
            "at_2013_last_3y": -30.74,
            "at_2014_last_3y": 0,
            "at_2015_last_3y": -100,
            "at_2016_last_3y": -100,
            "at_2017_last_3y": -50,
            "at_2018_last_3y": -66.67,
            "at_2019_last_3y": -50,
            "at_2020_last_3y": 0,
            "at_2021_last_3y": -9.82,
            "at_2022_last_3y": 14.3,
            "at_2023_last_3y": 14.3,
            "at_2006_last_all": 100,
            "at_2007_last_all": 69.49,
            "at_2008_last_all": 39.34,
            "at_2009_last_all": 38.85,
            "at_2010_last_all": 17.01,
            "at_2011_last_all": 28.86,
            "at_2012_last_all": 12.76,
            "at_2013_last_all": 12.76,
            "at_2014_last_all": 12.76,
            "at_2015_last_all": 0.23,
            "at_2016_last_all": 0.23,
            "at_2017_last_all": 0.2,
            "at_2018_last_all": -8.9,
            "at_2019_last_all": -8.9,
            "at_2020_last_all": 0.17,
            "at_2021_last_all": -2.11,
            "at_2022_last_all": -3.93,
            "at_2023_last_all": -3.93
        },
        "latest_eps": 2.31,
        "latest_price": 20.3,
        "latest_roe": 11.64,
        "latest_gross_margin": 12.43,
        "latest_equity": 5806692,
        "latest_revenue": 3588499,
        "latest_gross_profit": 446168,
        "latest_net_income": 173750,
        "latest_debt_ratio": 69.85,
        "latest_current_ratio": 116.48,
        "latest_account_receivable_turnover_ratio": 0.8,
        "latest_inventory_turnover_ratio": 1.11,
        "latest_reinvestment_rate": 111.71,
        "latest_research_to_sale_ratio": 0.04
    },
    "eps_dividends": {
        "2001": {
            "cash": 0,
            "stock": 0,
            "eps": 0
        },
        "2002": {
            "cash": 0,
            "stock": 0,
            "eps": 0
        },
        "2003": {
            "cash": 0,
            "stock": 3,
            "eps": 0.58
        },
        "2004": {
            "cash": 0,
            "stock": 1,
            "eps": 1.74
        },
        "2005": {
            "cash": 0,
            "stock": 2.8,
            "eps": 4.6
        },
        "2006": {
            "cash": 1,
            "stock": 3,
            "eps": 0
        },
        "2007": {
            "cash": 2,
            "stock": 2,
            "eps": 4.99
        },
        "2008": {
            "cash": 2,
            "stock": 1,
            "eps": 2.44
        },
        "2009": {
            "cash": 2,
            "stock": 0,
            "eps": 3.34
        },
        "2010": {
            "cash": 2,
            "stock": 0,
            "eps": 0.26
        },
        "2011": {
            "cash": 0.35,
            "stock": 1.1600000000000001,
            "eps": 1.05
        },
        "2012": {
            "cash": 0,
            "stock": 0,
            "eps": -2.36
        },
        "2013": {
            "cash": 0,
            "stock": 0,
            "eps": -0.89
        },
        "2014": {
            "cash": 0,
            "stock": 0,
            "eps": 0.85
        },
        "2015": {
            "cash": 0,
            "stock": 0,
            "eps": -0.33
        },
        "2016": {
            "cash": 0,
            "stock": 0,
            "eps": 0.03
        },
        "2017": {
            "cash": 0,
            "stock": 0,
            "eps": 0.03
        },
        "2018": {
            "cash": 0,
            "stock": 0,
            "eps": -0.86
        },
        "2019": {
            "cash": 0,
            "stock": 0,
            "eps": 0.56
        },
        "2020": {
            "cash": 0,
            "stock": 0,
            "eps": 2.41
        },
        "2021": {
            "cash": 0.4,
            "stock": 0,
            "eps": 1.7
        },
        "2022": {
            "cash": 0.7,
            "stock": 0,
            "eps": 1.23
        }
    },
    "dividends": {
        "2003-03-31": {
            "cash": 0,
            "stock": 3
        },
        "2004-04-06": {
            "cash": 0,
            "stock": 1
        },
        "2005-04-12": {
            "cash": 0,
            "stock": 2.8
        },
        "2006-04-25": {
            "cash": 1,
            "stock": 3
        },
        "2007-04-18": {
            "cash": 2,
            "stock": 2
        },
        "2008-04-23": {
            "cash": 2,
            "stock": 1
        },
        "2009-04-24": {
            "cash": 2,
            "stock": 0
        },
        "2010-03-05": {
            "cash": 2,
            "stock": 0
        },
        "2011-01-01": {
            "cash": 0.25,
            "stock": 0.25
        },
        "2011-04-26": {
            "cash": 0.1,
            "stock": 0.91
        },
        "2021-09-10": {
            "cash": 0.4,
            "stock": 0
        },
        "2022-08-08": {
            "cash": 0.7,
            "stock": 0
        }
    },
    "prices": {
        "200101": "無",
        "200102": "無",
        "200103": "無",
        "200104": "無",
        "200105": "無",
        "200106": "無",
        "200107": "無",
        "200108": "無",
        "200109": "無",
        "200110": "無",
        "200111": "無",
        "200112": "無",
        "200201": "無",
        "200202": "無",
        "200203": "無",
        "200204": "無",
        "200205": "無",
        "200206": "無",
        "200207": "無",
        "200208": "無",
        "200209": "無",
        "200210": "無",
        "200211": "無",
        "200212": "無",
        "200301": "無",
        "200302": "無",
        "200303": "無",
        "200304": "無",
        "200305": "無",
        "200306": "無",
        "200307": "無",
        "200308": "無",
        "200309": "無",
        "200310": "無",
        "200311": "無",
        "200312": "無",
        "200401": "無",
        "200402": "無",
        "200403": "無",
        "200404": "無",
        "200405": "無",
        "200406": "無",
        "200407": "無",
        "200408": "42.40",
        "200409": "無",
        "200410": "無",
        "200411": "無",
        "200412": "34.05",
        "200501": "33.20",
        "200502": "30.96",
        "200503": "31.96",
        "200504": "32.24",
        "200505": "28.35",
        "200506": "32.71",
        "200507": "47.42",
        "200508": "42.62",
        "200509": "44.29",
        "200510": "45.47",
        "200511": "45.57",
        "200512": "36.22",
        "200601": "41.19",
        "200602": "41.74",
        "200603": "42.75",
        "200604": "47.15",
        "200605": "55.46",
        "200606": "48.56",
        "200607": "45.96",
        "200608": "43.51",
        "200609": "36.23",
        "200610": "35.81",
        "200611": "34.64",
        "200612": "35.02",
        "200701": "34.51",
        "200702": "34.26",
        "200703": "35.27",
        "200704": "37.25",
        "200705": "40.97",
        "200706": "46.89",
        "200707": "50.01",
        "200708": "50.58",
        "200709": "42.02",
        "200710": "39.54",
        "200711": "33.62",
        "200712": "31.82",
        "200801": "34.29",
        "200802": "30.15",
        "200803": "30.37",
        "200804": "30.75",
        "200805": "34.58",
        "200806": "32.04",
        "200807": "29.81",
        "200808": "29.98",
        "200809": "25.00",
        "200810": "16.66",
        "200811": "11.43",
        "200812": "9.65",
        "200901": "10.84",
        "200902": "12.65",
        "200903": "16.50",
        "200904": "18.50",
        "200905": "23.41",
        "200906": "24.88",
        "200907": "25.67",
        "200908": "27.16",
        "200909": "33.54",
        "200910": "35.13",
        "200911": "32.95",
        "200912": "35.26",
        "201001": "36.08",
        "201002": "32.21",
        "201003": "34.00",
        "201004": "34.03",
        "201005": "26.88",
        "201006": "26.08",
        "201007": "26.91",
        "201008": "25.35",
        "201009": "22.83",
        "201010": "20.96",
        "201011": "18.16",
        "201012": "20.18",
        "201101": "19.06",
        "201102": "17.16",
        "201103": "16.28",
        "201104": "18.43",
        "201105": "17.11",
        "201106": "16.71",
        "201107": "15.23",
        "201108": "12.04",
        "201109": "11.31",
        "201110": "11.72",
        "201111": "12.06",
        "201112": "10.56",
        "201201": "10.84",
        "201202": "13.15",
        "201203": "13.03",
        "201204": "11.54",
        "201205": "10.43",
        "201206": "9.78",
        "201207": "9.65",
        "201208": "9.11",
        "201209": "10.40",
        "201210": "9.83",
        "201211": "9.05",
        "201212": "9.54",
        "201301": "9.48",
        "201302": "9.68",
        "201303": "9.74",
        "201304": "9.91",
        "201305": "10.70",
        "201306": "10.22",
        "201307": "9.88",
        "201308": "10.02",
        "201309": "11.82",
        "201310": "12.11",
        "201311": "10.50",
        "201312": "10.49",
        "201401": "11.36",
        "201402": "11.47",
        "201403": "11.70",
        "201404": "11.90",
        "201405": "12.91",
        "201406": "14.74",
        "201407": "16.64",
        "201408": "16.07",
        "201409": "16.34",
        "201410": "16.04",
        "201411": "14.43",
        "201412": "14.55",
        "201501": "14.63",
        "201502": "14.20",
        "201503": "14.12",
        "201504": "12.84",
        "201505": "11.16",
        "201506": "10.15",
        "201507": "9.80",
        "201508": "9.60",
        "201509": "9.71",
        "201510": "9.74",
        "201511": "9.34",
        "201512": "9.25",
        "201601": "9.08",
        "201602": "9.27",
        "201603": "9.48",
        "201604": "8.83",
        "201605": "8.51",
        "201606": "9.10",
        "201607": "9.15",
        "201608": "10.33",
        "201609": "10.06",
        "201610": "9.65",
        "201611": "8.59",
        "201612": "8.55",
        "201701": "8.94",
        "201702": "9.14",
        "201703": "9.38",
        "201704": "9.14",
        "201705": "9.39",
        "201706": "9.35",
        "201707": "9.73",
        "201708": "12.19",
        "201709": "12.18",
        "201710": "11.97",
        "201711": "11.85",
        "201712": "11.87",
        "201801": "11.71",
        "201802": "10.31",
        "201803": "10.06",
        "201804": "9.58",
        "201805": "9.08",
        "201806": "9.97",
        "201807": "9.64",
        "201808": "9.56",
        "201809": "9.14",
        "201810": "7.72",
        "201811": "8.40",
        "201812": "9.37",
        "201901": "8.34",
        "201902": "9.00",
        "201903": "9.86",
        "201904": "10.03",
        "201905": "8.94",
        "201906": "8.94",
        "201907": "9.42",
        "201908": "11.49",
        "201909": "12.99",
        "201910": "14.42",
        "201911": "16.70",
        "201912": "17.43",
        "202001": "17.08",
        "202002": "15.02",
        "202003": "14.26",
        "202004": "17.74",
        "202005": "19.14",
        "202006": "18.13",
        "202007": "17.03",
        "202008": "18.33",
        "202009": "18.39",
        "202010": "18.08",
        "202011": "18.44",
        "202012": "19.06",
        "202101": "19.72",
        "202102": "19.02",
        "202103": "19.53",
        "202104": "21.29",
        "202105": "18.56",
        "202106": "21.04",
        "202107": "22.55",
        "202108": "22.37",
        "202109": "23.00",
        "202110": "19.92",
        "202111": "21.65",
        "202112": "22.72",
        "202201": "21.49",
        "202202": "23.03",
        "202203": "23.53",
        "202204": "23.55",
        "202205": "23.09",
        "202206": "24.30",
        "202207": "20.49",
        "202208": "19.96",
        "202209": "無",
        "202210": "無",
        "202211": "無",
        "202212": "無",
        "202301": "無",
        "202302": "無",
        "202303": "無",
        "202304": "無",
        "202305": "無",
        "202306": "無",
        "202307": "無",
        "202308": "無",
        "202309": "無",
        "202310": "無"
    },
    "quarters": {
        "20011": {
            "year_quarter": 20011,
            "year": 2001,
            "quarter": 1,
            "eps": null,
            "eps_growth_year": null,
            "eps_4q": null,
            "eps_4q_growth_year": null,
            "roe": null,
            "roe_4q": 0,
            "gross_profit": null,
            "gross_margin": null,
            "gross_margin_4q_avg": 0,
            "net_income": null,
            "net_income_4q": null,
            "revenue": null,
            "revenue_4q": null,
            "common_shares": null,
            "book_valuer_per_share": null,
            "book_valuer_per_share_4q_avg": 0,
            "equity": null,
            "current_ratio": null,
            "debt_ratio": null,
            "inventory_turnover_ratio": null,
            "account_receivable_turnover_ratio": null,
            "reinvestment_rate": null,
            "research_to_sale_ratio": null,
            "price_fair": 0,
            "eps_avg_yearly": 0,
            "eps_latest_yearly": 0,
            "eps_growth_yearly": 0
        },
        "20012": {
            "year_quarter": 20012,
            "year": 2001,
            "quarter": 2,
            "eps": null,
            "eps_growth_year": null,
            "eps_4q": null,
            "eps_4q_growth_year": null,
            "roe": null,
            "roe_4q": 0,
            "gross_profit": null,
            "gross_margin": null,
            "gross_margin_4q_avg": 0,
            "net_income": null,
            "net_income_4q": null,
            "revenue": null,
            "revenue_4q": null,
            "common_shares": null,
            "book_valuer_per_share": null,
            "book_valuer_per_share_4q_avg": 0,
            "equity": null,
            "current_ratio": null,
            "debt_ratio": null,
            "inventory_turnover_ratio": null,
            "account_receivable_turnover_ratio": null,
            "reinvestment_rate": null,
            "research_to_sale_ratio": null,
            "price_fair": 0,
            "eps_avg_yearly": 0,
            "eps_latest_yearly": 0,
            "eps_growth_yearly": 0
        },
        "20013": {
            "year_quarter": 20013,
            "year": 2001,
            "quarter": 3,
            "eps": null,
            "eps_growth_year": null,
            "eps_4q": null,
            "eps_4q_growth_year": null,
            "roe": null,
            "roe_4q": 0,
            "gross_profit": null,
            "gross_margin": null,
            "gross_margin_4q_avg": 0,
            "net_income": null,
            "net_income_4q": null,
            "revenue": null,
            "revenue_4q": null,
            "common_shares": null,
            "book_valuer_per_share": null,
            "book_valuer_per_share_4q_avg": 0,
            "equity": null,
            "current_ratio": null,
            "debt_ratio": null,
            "inventory_turnover_ratio": null,
            "account_receivable_turnover_ratio": null,
            "reinvestment_rate": null,
            "research_to_sale_ratio": null,
            "price_fair": 0,
            "eps_avg_yearly": 0,
            "eps_latest_yearly": 0,
            "eps_growth_yearly": 0
        },
        "20014": {
            "year_quarter": 20014,
            "year": 2001,
            "quarter": 4,
            "eps": null,
            "eps_growth_year": null,
            "eps_4q": null,
            "eps_4q_growth_year": null,
            "roe": null,
            "roe_4q": 0,
            "gross_profit": null,
            "gross_margin": null,
            "gross_margin_4q_avg": 0,
            "net_income": null,
            "net_income_4q": null,
            "revenue": null,
            "revenue_4q": null,
            "common_shares": 251000,
            "book_valuer_per_share": 16.98,
            "book_valuer_per_share_4q_avg": 4.25,
            "equity": 426282,
            "current_ratio": 135.46,
            "debt_ratio": 55.33,
            "inventory_turnover_ratio": null,
            "account_receivable_turnover_ratio": null,
            "reinvestment_rate": null,
            "research_to_sale_ratio": null,
            "price_fair": 0,
            "eps_avg_yearly": 0,
            "eps_latest_yearly": 0,
            "eps_growth_yearly": 0
        },
        "20021": {
            "year_quarter": 20021,
            "year": 2002,
            "quarter": 1,
            "eps": null,
            "eps_growth_year": null,
            "eps_4q": null,
            "eps_4q_growth_year": null,
            "roe": null,
            "roe_4q": 0,
            "gross_profit": null,
            "gross_margin": null,
            "gross_margin_4q_avg": 0,
            "net_income": null,
            "net_income_4q": null,
            "revenue": null,
            "revenue_4q": null,
            "common_shares": null,
            "book_valuer_per_share": null,
            "book_valuer_per_share_4q_avg": 4.25,
            "equity": null,
            "current_ratio": null,
            "debt_ratio": null,
            "inventory_turnover_ratio": null,
            "account_receivable_turnover_ratio": null,
            "reinvestment_rate": null,
            "research_to_sale_ratio": null,
            "price_fair": 0,
            "eps_avg_yearly": 0,
            "eps_latest_yearly": 0,
            "eps_growth_yearly": 0
        },
        "20022": {
            "year_quarter": 20022,
            "year": 2002,
            "quarter": 2,
            "eps": null,
            "eps_growth_year": null,
            "eps_4q": null,
            "eps_4q_growth_year": null,
            "roe": null,
            "roe_4q": 0,
            "gross_profit": null,
            "gross_margin": null,
            "gross_margin_4q_avg": 0,
            "net_income": null,
            "net_income_4q": null,
            "revenue": null,
            "revenue_4q": null,
            "common_shares": null,
            "book_valuer_per_share": null,
            "book_valuer_per_share_4q_avg": 4.25,
            "equity": null,
            "current_ratio": null,
            "debt_ratio": null,
            "inventory_turnover_ratio": null,
            "account_receivable_turnover_ratio": null,
            "reinvestment_rate": null,
            "research_to_sale_ratio": null,
            "price_fair": 0,
            "eps_avg_yearly": 0,
            "eps_latest_yearly": 0,
            "eps_growth_yearly": 0
        },
        "20023": {
            "year_quarter": 20023,
            "year": 2002,
            "quarter": 3,
            "eps": null,
            "eps_growth_year": null,
            "eps_4q": null,
            "eps_4q_growth_year": null,
            "roe": null,
            "roe_4q": 0,
            "gross_profit": null,
            "gross_margin": null,
            "gross_margin_4q_avg": 0,
            "net_income": null,
            "net_income_4q": null,
            "revenue": null,
            "revenue_4q": null,
            "common_shares": null,
            "book_valuer_per_share": null,
            "book_valuer_per_share_4q_avg": 4.25,
            "equity": null,
            "current_ratio": null,
            "debt_ratio": null,
            "inventory_turnover_ratio": null,
            "account_receivable_turnover_ratio": null,
            "reinvestment_rate": null,
            "research_to_sale_ratio": null,
            "price_fair": 0,
            "eps_avg_yearly": 0,
            "eps_latest_yearly": 0,
            "eps_growth_yearly": 0
        },
        "20024": {
            "year_quarter": 20024,
            "year": 2002,
            "quarter": 4,
            "eps": null,
            "eps_growth_year": null,
            "eps_4q": null,
            "eps_4q_growth_year": null,
            "roe": null,
            "roe_4q": 0,
            "gross_profit": null,
            "gross_margin": null,
            "gross_margin_4q_avg": 0,
            "net_income": null,
            "net_income_4q": null,
            "revenue": null,
            "revenue_4q": null,
            "common_shares": 420000,
            "book_valuer_per_share": 16.11,
            "book_valuer_per_share_4q_avg": 4.03,
            "equity": 743681,
            "current_ratio": 171.02,
            "debt_ratio": 38.85,
            "inventory_turnover_ratio": null,
            "account_receivable_turnover_ratio": null,
            "reinvestment_rate": null,
            "research_to_sale_ratio": null,
            "price_fair": 0,
            "eps_avg_yearly": 0,
            "eps_latest_yearly": 0,
            "eps_growth_yearly": 0
        },
        "20031": {
            "year_quarter": 20031,
            "year": 2003,
            "quarter": 1,
            "eps": null,
            "eps_growth_year": null,
            "eps_4q": null,
            "eps_4q_growth_year": null,
            "roe": null,
            "roe_4q": 0,
            "gross_profit": null,
            "gross_margin": null,
            "gross_margin_4q_avg": 0,
            "net_income": null,
            "net_income_4q": null,
            "revenue": null,
            "revenue_4q": null,
            "common_shares": null,
            "book_valuer_per_share": null,
            "book_valuer_per_share_4q_avg": 4.03,
            "equity": null,
            "current_ratio": null,
            "debt_ratio": null,
            "inventory_turnover_ratio": null,
            "account_receivable_turnover_ratio": null,
            "reinvestment_rate": null,
            "research_to_sale_ratio": null,
            "price_fair": 0,
            "eps_avg_yearly": 0,
            "eps_latest_yearly": 0,
            "eps_growth_yearly": 0
        },
        "20032": {
            "year_quarter": 20032,
            "year": 2003,
            "quarter": 2,
            "eps": null,
            "eps_growth_year": null,
            "eps_4q": null,
            "eps_4q_growth_year": null,
            "roe": null,
            "roe_4q": 0,
            "gross_profit": null,
            "gross_margin": null,
            "gross_margin_4q_avg": 0,
            "net_income": null,
            "net_income_4q": null,
            "revenue": null,
            "revenue_4q": null,
            "common_shares": null,
            "book_valuer_per_share": null,
            "book_valuer_per_share_4q_avg": 4.03,
            "equity": null,
            "current_ratio": null,
            "debt_ratio": null,
            "inventory_turnover_ratio": null,
            "account_receivable_turnover_ratio": null,
            "reinvestment_rate": null,
            "research_to_sale_ratio": null,
            "price_fair": 0,
            "eps_avg_yearly": 0,
            "eps_latest_yearly": 0,
            "eps_growth_yearly": 0
        },
        "20033": {
            "year_quarter": 20033,
            "year": 2003,
            "quarter": 3,
            "eps": 0.6,
            "eps_growth_year": null,
            "eps_4q": null,
            "eps_4q_growth_year": null,
            "roe": 4.5,
            "roe_4q": 4.5,
            "gross_profit": 75335,
            "gross_margin": 14.15,
            "gross_margin_4q_avg": 3.54,
            "net_income": 33458,
            "net_income_4q": null,
            "revenue": 532318,
            "revenue_4q": null,
            "common_shares": 560000,
            "book_valuer_per_share": 13.27,
            "book_valuer_per_share_4q_avg": 7.35,
            "equity": 743150,
            "current_ratio": 150.12,
            "debt_ratio": 50.52,
            "inventory_turnover_ratio": 2.66,
            "account_receivable_turnover_ratio": null,
            "reinvestment_rate": null,
            "research_to_sale_ratio": null,
            "price_fair": 0,
            "eps_avg_yearly": 0,
            "eps_latest_yearly": 0,
            "eps_growth_yearly": 0
        },
        "20034": {
            "year_quarter": 20034,
            "year": 2003,
            "quarter": 4,
            "eps": -0.02,
            "eps_growth_year": null,
            "eps_4q": null,
            "eps_4q_growth_year": null,
            "roe": -0.14,
            "roe_4q": 4.36,
            "gross_profit": 64145,
            "gross_margin": 9.84,
            "gross_margin_4q_avg": 6,
            "net_income": -1048,
            "net_income_4q": null,
            "revenue": 651717,
            "revenue_4q": null,
            "common_shares": 560000,
            "book_valuer_per_share": 13.3,
            "book_valuer_per_share_4q_avg": 6.64,
            "equity": 796487,
            "current_ratio": 80.85,
            "debt_ratio": 71.76,
            "inventory_turnover_ratio": 2.35,
            "account_receivable_turnover_ratio": null,
            "reinvestment_rate": null,
            "research_to_sale_ratio": null,
            "price_fair": 0,
            "eps_avg_yearly": 0,
            "eps_latest_yearly": 0,
            "eps_growth_yearly": 0
        },
        "20041": {
            "year_quarter": 20041,
            "year": 2004,
            "quarter": 1,
            "eps": null,
            "eps_growth_year": null,
            "eps_4q": null,
            "eps_4q_growth_year": null,
            "roe": null,
            "roe_4q": 4.36,
            "gross_profit": null,
            "gross_margin": null,
            "gross_margin_4q_avg": 6,
            "net_income": null,
            "net_income_4q": null,
            "revenue": null,
            "revenue_4q": null,
            "common_shares": null,
            "book_valuer_per_share": null,
            "book_valuer_per_share_4q_avg": 6.64,
            "equity": null,
            "current_ratio": null,
            "debt_ratio": null,
            "inventory_turnover_ratio": null,
            "account_receivable_turnover_ratio": null,
            "reinvestment_rate": null,
            "research_to_sale_ratio": null,
            "price_fair": 0,
            "eps_avg_yearly": 0,
            "eps_latest_yearly": 0,
            "eps_growth_yearly": 0
        },
        "20042": {
            "year_quarter": 20042,
            "year": 2004,
            "quarter": 2,
            "eps": null,
            "eps_growth_year": null,
            "eps_4q": null,
            "eps_4q_growth_year": null,
            "roe": null,
            "roe_4q": 4.36,
            "gross_profit": null,
            "gross_margin": null,
            "gross_margin_4q_avg": 6,
            "net_income": null,
            "net_income_4q": null,
            "revenue": null,
            "revenue_4q": null,
            "common_shares": null,
            "book_valuer_per_share": null,
            "book_valuer_per_share_4q_avg": 6.64,
            "equity": null,
            "current_ratio": null,
            "debt_ratio": null,
            "inventory_turnover_ratio": null,
            "account_receivable_turnover_ratio": null,
            "reinvestment_rate": null,
            "research_to_sale_ratio": null,
            "price_fair": 0,
            "eps_avg_yearly": 0,
            "eps_latest_yearly": 0,
            "eps_growth_yearly": 0
        },
        "20043": {
            "year_quarter": 20043,
            "year": 2004,
            "quarter": 3,
            "eps": 1.23,
            "eps_growth_year": 105,
            "eps_4q": null,
            "eps_4q_growth_year": null,
            "roe": 7.87,
            "roe_4q": 7.73,
            "gross_profit": 230096,
            "gross_margin": 21.75,
            "gross_margin_4q_avg": 7.9,
            "net_income": 76253,
            "net_income_4q": null,
            "revenue": 1057705,
            "revenue_4q": null,
            "common_shares": 560000,
            "book_valuer_per_share": 17.3,
            "book_valuer_per_share_4q_avg": 7.65,
            "equity": 968912,
            "current_ratio": 121.99,
            "debt_ratio": 68.8,
            "inventory_turnover_ratio": 1.36,
            "account_receivable_turnover_ratio": null,
            "reinvestment_rate": null,
            "research_to_sale_ratio": null,
            "price_fair": 0,
            "eps_avg_yearly": 0,
            "eps_latest_yearly": 0,
            "eps_growth_yearly": 0
        },
        "20044": {
            "year_quarter": 20044,
            "year": 2004,
            "quarter": 4,
            "eps": 0.51,
            "eps_growth_year": null,
            "eps_4q": null,
            "eps_4q_growth_year": null,
            "roe": 3.22,
            "roe_4q": 11.09,
            "gross_profit": 177242,
            "gross_margin": 15.16,
            "gross_margin_4q_avg": 9.23,
            "net_income": 33110,
            "net_income_4q": null,
            "revenue": 1168839,
            "revenue_4q": null,
            "common_shares": 650000,
            "book_valuer_per_share": 15.84,
            "book_valuer_per_share_4q_avg": 8.29,
            "equity": 1089856,
            "current_ratio": 74.61,
            "debt_ratio": 77.9,
            "inventory_turnover_ratio": 1.54,
            "account_receivable_turnover_ratio": null,
            "reinvestment_rate": null,
            "research_to_sale_ratio": null,
            "price_fair": 6.12,
            "eps_avg_yearly": 2.04,
            "eps_latest_yearly": 2.04,
            "eps_growth_yearly": -234.15
        },
        "20051": {
            "year_quarter": 20051,
            "year": 2005,
            "quarter": 1,
            "eps": null,
            "eps_growth_year": null,
            "eps_4q": null,
            "eps_4q_growth_year": null,
            "roe": null,
            "roe_4q": 11.09,
            "gross_profit": null,
            "gross_margin": null,
            "gross_margin_4q_avg": 9.23,
            "net_income": null,
            "net_income_4q": null,
            "revenue": null,
            "revenue_4q": null,
            "common_shares": null,
            "book_valuer_per_share": null,
            "book_valuer_per_share_4q_avg": 8.29,
            "equity": null,
            "current_ratio": null,
            "debt_ratio": null,
            "inventory_turnover_ratio": null,
            "account_receivable_turnover_ratio": null,
            "reinvestment_rate": null,
            "research_to_sale_ratio": null,
            "price_fair": 6.12,
            "eps_avg_yearly": 2.04,
            "eps_latest_yearly": 2.04,
            "eps_growth_yearly": -234.15
        },
        "20052": {
            "year_quarter": 20052,
            "year": 2005,
            "quarter": 2,
            "eps": null,
            "eps_growth_year": null,
            "eps_4q": null,
            "eps_4q_growth_year": null,
            "roe": null,
            "roe_4q": 11.09,
            "gross_profit": null,
            "gross_margin": null,
            "gross_margin_4q_avg": 9.23,
            "net_income": null,
            "net_income_4q": null,
            "revenue": null,
            "revenue_4q": null,
            "common_shares": null,
            "book_valuer_per_share": null,
            "book_valuer_per_share_4q_avg": 8.29,
            "equity": null,
            "current_ratio": null,
            "debt_ratio": null,
            "inventory_turnover_ratio": null,
            "account_receivable_turnover_ratio": null,
            "reinvestment_rate": null,
            "research_to_sale_ratio": null,
            "price_fair": 6.12,
            "eps_avg_yearly": 2.04,
            "eps_latest_yearly": 2.04,
            "eps_growth_yearly": -234.15
        },
        "20053": {
            "year_quarter": 20053,
            "year": 2005,
            "quarter": 3,
            "eps": 2.65,
            "eps_growth_year": 115.45,
            "eps_4q": null,
            "eps_4q_growth_year": null,
            "roe": 13.43,
            "roe_4q": 16.65,
            "gross_profit": 397097,
            "gross_margin": 22.51,
            "gross_margin_4q_avg": 9.42,
            "net_income": 269650,
            "net_income_4q": null,
            "revenue": 1764237,
            "revenue_4q": null,
            "common_shares": 1035632,
            "book_valuer_per_share": 19.39,
            "book_valuer_per_share_4q_avg": 8.81,
            "equity": 2008539,
            "current_ratio": 149.91,
            "debt_ratio": 57.08,
            "inventory_turnover_ratio": 2.54,
            "account_receivable_turnover_ratio": null,
            "reinvestment_rate": null,
            "research_to_sale_ratio": null,
            "price_fair": 6.12,
            "eps_avg_yearly": 2.04,
            "eps_latest_yearly": 2.04,
            "eps_growth_yearly": -234.15
        },
        "20054": {
            "year_quarter": 20054,
            "year": 2005,
            "quarter": 4,
            "eps": 1.95,
            "eps_growth_year": 282.35,
            "eps_4q": null,
            "eps_4q_growth_year": null,
            "roe": 8.55,
            "roe_4q": 21.98,
            "gross_profit": 419114,
            "gross_margin": 18.93,
            "gross_margin_4q_avg": 10.36,
            "net_income": 204547,
            "net_income_4q": null,
            "revenue": 2214179,
            "revenue_4q": null,
            "common_shares": 1211632,
            "book_valuer_per_share": 22.32,
            "book_valuer_per_share_4q_avg": 10.43,
            "equity": 2777816,
            "current_ratio": 109.26,
            "debt_ratio": 66.56,
            "inventory_turnover_ratio": 2.75,
            "account_receivable_turnover_ratio": null,
            "reinvestment_rate": null,
            "research_to_sale_ratio": null,
            "price_fair": 14.76,
            "eps_avg_yearly": 4.92,
            "eps_latest_yearly": 7.8,
            "eps_growth_yearly": -169.9
        },
        "20061": {
            "year_quarter": 20061,
            "year": 2006,
            "quarter": 1,
            "eps": null,
            "eps_growth_year": null,
            "eps_4q": null,
            "eps_4q_growth_year": null,
            "roe": null,
            "roe_4q": 21.98,
            "gross_profit": null,
            "gross_margin": null,
            "gross_margin_4q_avg": 10.36,
            "net_income": null,
            "net_income_4q": null,
            "revenue": null,
            "revenue_4q": null,
            "common_shares": null,
            "book_valuer_per_share": null,
            "book_valuer_per_share_4q_avg": 10.43,
            "equity": null,
            "current_ratio": null,
            "debt_ratio": null,
            "inventory_turnover_ratio": null,
            "account_receivable_turnover_ratio": null,
            "reinvestment_rate": null,
            "research_to_sale_ratio": null,
            "price_fair": 14.76,
            "eps_avg_yearly": 4.92,
            "eps_latest_yearly": 7.8,
            "eps_growth_yearly": -169.9
        },
        "20062": {
            "year_quarter": 20062,
            "year": 2006,
            "quarter": 2,
            "eps": null,
            "eps_growth_year": null,
            "eps_4q": null,
            "eps_4q_growth_year": null,
            "roe": null,
            "roe_4q": 21.98,
            "gross_profit": null,
            "gross_margin": null,
            "gross_margin_4q_avg": 10.36,
            "net_income": null,
            "net_income_4q": null,
            "revenue": null,
            "revenue_4q": null,
            "common_shares": null,
            "book_valuer_per_share": null,
            "book_valuer_per_share_4q_avg": 10.43,
            "equity": null,
            "current_ratio": null,
            "debt_ratio": null,
            "inventory_turnover_ratio": null,
            "account_receivable_turnover_ratio": null,
            "reinvestment_rate": null,
            "research_to_sale_ratio": null,
            "price_fair": 14.76,
            "eps_avg_yearly": 4.92,
            "eps_latest_yearly": 7.8,
            "eps_growth_yearly": -169.9
        },
        "20063": {
            "year_quarter": 20063,
            "year": 2006,
            "quarter": 3,
            "eps": null,
            "eps_growth_year": null,
            "eps_4q": null,
            "eps_4q_growth_year": null,
            "roe": null,
            "roe_4q": 8.55,
            "gross_profit": null,
            "gross_margin": null,
            "gross_margin_4q_avg": 4.73,
            "net_income": null,
            "net_income_4q": null,
            "revenue": null,
            "revenue_4q": null,
            "common_shares": null,
            "book_valuer_per_share": null,
            "book_valuer_per_share_4q_avg": 5.58,
            "equity": null,
            "current_ratio": null,
            "debt_ratio": null,
            "inventory_turnover_ratio": null,
            "account_receivable_turnover_ratio": null,
            "reinvestment_rate": null,
            "research_to_sale_ratio": null,
            "price_fair": 14.76,
            "eps_avg_yearly": 4.92,
            "eps_latest_yearly": 7.8,
            "eps_growth_yearly": -169.9
        },
        "20064": {
            "year_quarter": 20064,
            "year": 2006,
            "quarter": 4,
            "eps": null,
            "eps_growth_year": null,
            "eps_4q": null,
            "eps_4q_growth_year": null,
            "roe": null,
            "roe_4q": 0,
            "gross_profit": null,
            "gross_margin": null,
            "gross_margin_4q_avg": 0,
            "net_income": null,
            "net_income_4q": null,
            "revenue": null,
            "revenue_4q": null,
            "common_shares": 1774249,
            "book_valuer_per_share": 22.73,
            "book_valuer_per_share_4q_avg": 5.68,
            "equity": 4033572,
            "current_ratio": 120.59,
            "debt_ratio": 59.43,
            "inventory_turnover_ratio": null,
            "account_receivable_turnover_ratio": null,
            "reinvestment_rate": null,
            "research_to_sale_ratio": null,
            "price_fair": 14.76,
            "eps_avg_yearly": 4.92,
            "eps_latest_yearly": 7.8,
            "eps_growth_yearly": -169.9
        },
        "20071": {
            "year_quarter": 20071,
            "year": 2007,
            "quarter": 1,
            "eps": 1.46,
            "eps_growth_year": null,
            "eps_4q": null,
            "eps_4q_growth_year": null,
            "roe": 6.19,
            "roe_4q": 6.19,
            "gross_profit": 272581,
            "gross_margin": 12.19,
            "gross_margin_4q_avg": 3.05,
            "net_income": 259292,
            "net_income_4q": null,
            "revenue": 2236881,
            "revenue_4q": null,
            "common_shares": 1774249,
            "book_valuer_per_share": 24.48,
            "book_valuer_per_share_4q_avg": 11.8,
            "equity": 4342498,
            "current_ratio": 179.3,
            "debt_ratio": 43.9,
            "inventory_turnover_ratio": 3.11,
            "account_receivable_turnover_ratio": null,
            "reinvestment_rate": null,
            "research_to_sale_ratio": null,
            "price_fair": 14.76,
            "eps_avg_yearly": 4.92,
            "eps_latest_yearly": 7.8,
            "eps_growth_yearly": -169.9
        },
        "20072": {
            "year_quarter": 20072,
            "year": 2007,
            "quarter": 2,
            "eps": 1.16,
            "eps_growth_year": null,
            "eps_4q": null,
            "eps_4q_growth_year": null,
            "roe": 4.83,
            "roe_4q": 11.02,
            "gross_profit": 220228,
            "gross_margin": 10.97,
            "gross_margin_4q_avg": 5.79,
            "net_income": 204994,
            "net_income_4q": null,
            "revenue": 2008065,
            "revenue_4q": null,
            "common_shares": 1774249,
            "book_valuer_per_share": 23.4,
            "book_valuer_per_share_4q_avg": 17.65,
            "equity": 4151371,
            "current_ratio": 163.64,
            "debt_ratio": 45.53,
            "inventory_turnover_ratio": 7.44,
            "account_receivable_turnover_ratio": null,
            "reinvestment_rate": null,
            "research_to_sale_ratio": null,
            "price_fair": 14.48,
            "eps_avg_yearly": 4.83,
            "eps_latest_yearly": 4.64,
            "eps_growth_yearly": -140.67
        },
        "20073": {
            "year_quarter": 20073,
            "year": 2007,
            "quarter": 3,
            "eps": 1.15,
            "eps_growth_year": null,
            "eps_4q": null,
            "eps_4q_growth_year": null,
            "roe": 5.79,
            "roe_4q": 16.810000000000002,
            "gross_profit": 314261,
            "gross_margin": 12.4,
            "gross_margin_4q_avg": 8.89,
            "net_income": 248516,
            "net_income_4q": null,
            "revenue": 2534700,
            "revenue_4q": null,
            "common_shares": 2151940,
            "book_valuer_per_share": 20.59,
            "book_valuer_per_share_4q_avg": 22.8,
            "equity": 4430877,
            "current_ratio": 145.82,
            "debt_ratio": 45.13,
            "inventory_turnover_ratio": 8.61,
            "account_receivable_turnover_ratio": null,
            "reinvestment_rate": null,
            "research_to_sale_ratio": null,
            "price_fair": 14.31,
            "eps_avg_yearly": 4.77,
            "eps_latest_yearly": 4.6,
            "eps_growth_yearly": -106.36
        },
        "20074": {
            "year_quarter": 20074,
            "year": 2007,
            "quarter": 4,
            "eps": 1.22,
            "eps_growth_year": null,
            "eps_4q": 4.54,
            "eps_4q_growth_year": null,
            "roe": 5.69,
            "roe_4q": 22.500000000000004,
            "gross_profit": 353050,
            "gross_margin": 12.16,
            "gross_margin_4q_avg": 11.93,
            "net_income": 261823,
            "net_income_4q": null,
            "revenue": 2902949,
            "revenue_4q": null,
            "common_shares": 2151940,
            "book_valuer_per_share": 22.16,
            "book_valuer_per_share_4q_avg": 22.66,
            "equity": 4769042,
            "current_ratio": 95.31,
            "debt_ratio": 62.85,
            "inventory_turnover_ratio": 3.08,
            "account_receivable_turnover_ratio": null,
            "reinvestment_rate": null,
            "research_to_sale_ratio": null,
            "price_fair": 14.38,
            "eps_avg_yearly": 4.79,
            "eps_latest_yearly": 4.88,
            "eps_growth_yearly": -80.22
        },
        "20081": {
            "year_quarter": 20081,
            "year": 2008,
            "quarter": 1,
            "eps": 0.53,
            "eps_growth_year": -63.7,
            "eps_4q": 3.88,
            "eps_4q_growth_year": null,
            "roe": 2.36,
            "roe_4q": 18.67,
            "gross_profit": 547635,
            "gross_margin": 18.96,
            "gross_margin_4q_avg": 13.62,
            "net_income": 113206,
            "net_income_4q": null,
            "revenue": 2888634,
            "revenue_4q": null,
            "common_shares": 2151940,
            "book_valuer_per_share": 22.38,
            "book_valuer_per_share_4q_avg": 22.13,
            "equity": 4816204,
            "current_ratio": 94.22,
            "debt_ratio": 62.48,
            "inventory_turnover_ratio": 1.75,
            "account_receivable_turnover_ratio": null,
            "reinvestment_rate": null,
            "research_to_sale_ratio": null,
            "price_fair": 13.04,
            "eps_avg_yearly": 4.35,
            "eps_latest_yearly": 2.12,
            "eps_growth_yearly": -104.55
        },
        "20082": {
            "year_quarter": 20082,
            "year": 2008,
            "quarter": 2,
            "eps": 0.68,
            "eps_growth_year": -41.38,
            "eps_4q": 3.56,
            "eps_4q_growth_year": null,
            "roe": 3.15,
            "roe_4q": 16.99,
            "gross_profit": 637421,
            "gross_margin": 20.08,
            "gross_margin_4q_avg": 15.9,
            "net_income": 147298,
            "net_income_4q": null,
            "revenue": 3174743,
            "revenue_4q": null,
            "common_shares": 2151940,
            "book_valuer_per_share": 21.14,
            "book_valuer_per_share_4q_avg": 21.57,
            "equity": 4548915,
            "current_ratio": 93.34,
            "debt_ratio": 65.32,
            "inventory_turnover_ratio": 1.92,
            "account_receivable_turnover_ratio": null,
            "reinvestment_rate": null,
            "research_to_sale_ratio": null,
            "price_fair": 12.34,
            "eps_avg_yearly": 4.11,
            "eps_latest_yearly": 2.72,
            "eps_growth_yearly": -73.45
        },
        "20083": {
            "year_quarter": 20083,
            "year": 2008,
            "quarter": 3,
            "eps": 0.83,
            "eps_growth_year": -27.83,
            "eps_4q": 3.02,
            "eps_4q_growth_year": null,
            "roe": 4.17,
            "roe_4q": 15.370000000000001,
            "gross_profit": 359433,
            "gross_margin": 10.5,
            "gross_margin_4q_avg": 15.43,
            "net_income": 197677,
            "net_income_4q": null,
            "revenue": 3421758,
            "revenue_4q": null,
            "common_shares": 2384678,
            "book_valuer_per_share": 20.66,
            "book_valuer_per_share_4q_avg": 21.59,
            "equity": 4927178,
            "current_ratio": 105.78,
            "debt_ratio": 65.55,
            "inventory_turnover_ratio": 2.37,
            "account_receivable_turnover_ratio": null,
            "reinvestment_rate": null,
            "research_to_sale_ratio": null,
            "price_fair": 12.05,
            "eps_avg_yearly": 4.02,
            "eps_latest_yearly": 3.32,
            "eps_growth_yearly": -53.24
        },
        "20084": {
            "year_quarter": 20084,
            "year": 2008,
            "quarter": 4,
            "eps": 0.4,
            "eps_growth_year": -67.21,
            "eps_4q": 2.31,
            "eps_4q_growth_year": -49.18,
            "roe": 1.91,
            "roe_4q": 11.59,
            "gross_profit": 600174,
            "gross_margin": 27.36,
            "gross_margin_4q_avg": 19.23,
            "net_income": 96065,
            "net_income_4q": null,
            "revenue": 2193814,
            "revenue_4q": null,
            "common_shares": 2384678,
            "book_valuer_per_share": 21.43,
            "book_valuer_per_share_4q_avg": 21.4,
            "equity": 5112872,
            "current_ratio": 98.72,
            "debt_ratio": 57.47,
            "inventory_turnover_ratio": 1.47,
            "account_receivable_turnover_ratio": 1.4,
            "reinvestment_rate": null,
            "research_to_sale_ratio": null,
            "price_fair": 11.88,
            "eps_avg_yearly": 3.96,
            "eps_latest_yearly": 1.6,
            "eps_growth_yearly": -49.87
        },
        "20091": {
            "year_quarter": 20091,
            "year": 2009,
            "quarter": 1,
            "eps": 0.37,
            "eps_growth_year": -30.19,
            "eps_4q": 2.17,
            "eps_4q_growth_year": -43.98,
            "roe": 1.7,
            "roe_4q": 10.93,
            "gross_profit": 352204,
            "gross_margin": 17.25,
            "gross_margin_4q_avg": 18.8,
            "net_income": 90513,
            "net_income_4q": null,
            "revenue": 2041546,
            "revenue_4q": null,
            "common_shares": 2614678,
            "book_valuer_per_share": 21.27,
            "book_valuer_per_share_4q_avg": 21.13,
            "equity": 5565494,
            "current_ratio": 109.57,
            "debt_ratio": 51.99,
            "inventory_turnover_ratio": 1.74,
            "account_receivable_turnover_ratio": 0.71,
            "reinvestment_rate": null,
            "research_to_sale_ratio": null,
            "price_fair": 11.05,
            "eps_avg_yearly": 3.68,
            "eps_latest_yearly": 1.48,
            "eps_growth_yearly": -47.66
        },
        "20092": {
            "year_quarter": 20092,
            "year": 2009,
            "quarter": 2,
            "eps": 1.02,
            "eps_growth_year": 50,
            "eps_4q": 2.58,
            "eps_4q_growth_year": -27.63,
            "roe": 4.71,
            "roe_4q": 12.49,
            "gross_profit": 692164,
            "gross_margin": 23.17,
            "gross_margin_4q_avg": 19.57,
            "net_income": 253706,
            "net_income_4q": null,
            "revenue": 2986827,
            "revenue_4q": null,
            "common_shares": 2614678,
            "book_valuer_per_share": 19.77,
            "book_valuer_per_share_4q_avg": 20.78,
            "equity": 5205328,
            "current_ratio": 100.9,
            "debt_ratio": 57.95,
            "inventory_turnover_ratio": 2.26,
            "account_receivable_turnover_ratio": 0.96,
            "reinvestment_rate": null,
            "research_to_sale_ratio": null,
            "price_fair": 130.34,
            "eps_avg_yearly": 3.72,
            "eps_latest_yearly": 4.08,
            "eps_growth_yearly": 27.37
        },
        "20093": {
            "year_quarter": 20093,
            "year": 2009,
            "quarter": 3,
            "eps": 1.16,
            "eps_growth_year": 39.76,
            "eps_4q": 2.93,
            "eps_4q_growth_year": -2.93,
            "roe": 5.5,
            "roe_4q": 13.82,
            "gross_profit": 755636,
            "gross_margin": 22.33,
            "gross_margin_4q_avg": 22.53,
            "net_income": 292245,
            "net_income_4q": null,
            "revenue": 3383402,
            "revenue_4q": null,
            "common_shares": 2614678,
            "book_valuer_per_share": 20.63,
            "book_valuer_per_share_4q_avg": 20.78,
            "equity": 5423746,
            "current_ratio": 110.75,
            "debt_ratio": 58.87,
            "inventory_turnover_ratio": 2.33,
            "account_receivable_turnover_ratio": 0.86,
            "reinvestment_rate": null,
            "research_to_sale_ratio": null,
            "price_fair": 133.25,
            "eps_avg_yearly": 3.81,
            "eps_latest_yearly": 4.64,
            "eps_growth_yearly": 29.88
        },
        "20094": {
            "year_quarter": 20094,
            "year": 2009,
            "quarter": 4,
            "eps": 0.79,
            "eps_growth_year": 97.5,
            "eps_4q": 3.21,
            "eps_4q_growth_year": 39.04,
            "roe": 3.63,
            "roe_4q": 15.54,
            "gross_profit": 619788,
            "gross_margin": 21.24,
            "gross_margin_4q_avg": 21,
            "net_income": 200166,
            "net_income_4q": null,
            "revenue": 2918129,
            "revenue_4q": null,
            "common_shares": 2614678,
            "book_valuer_per_share": 21.24,
            "book_valuer_per_share_4q_avg": 20.73,
            "equity": 5598925,
            "current_ratio": 119.72,
            "debt_ratio": 58.02,
            "inventory_turnover_ratio": 1.98,
            "account_receivable_turnover_ratio": 1.33,
            "reinvestment_rate": null,
            "research_to_sale_ratio": null,
            "price_fair": 118.49,
            "eps_avg_yearly": 3.39,
            "eps_latest_yearly": 3.16,
            "eps_growth_yearly": 27.88
        },
        "20101": {
            "year_quarter": 20101,
            "year": 2010,
            "quarter": 1,
            "eps": 0.22,
            "eps_growth_year": -40.54,
            "eps_4q": 3.09,
            "eps_4q_growth_year": 42.43,
            "roe": 0.99,
            "roe_4q": 14.830000000000002,
            "gross_profit": 411148,
            "gross_margin": 13.1,
            "gross_margin_4q_avg": 19.96,
            "net_income": 55720,
            "net_income_4q": null,
            "revenue": 3138314,
            "revenue_4q": null,
            "common_shares": 2624023,
            "book_valuer_per_share": 21.38,
            "book_valuer_per_share_4q_avg": 20.76,
            "equity": 5638159,
            "current_ratio": 121.55,
            "debt_ratio": 57.77,
            "inventory_turnover_ratio": 2.39,
            "account_receivable_turnover_ratio": 0.71,
            "reinvestment_rate": null,
            "research_to_sale_ratio": 0.58,
            "price_fair": 36.56,
            "eps_avg_yearly": 3.18,
            "eps_latest_yearly": 0.88,
            "eps_growth_yearly": 1.51
        },
        "20102": {
            "year_quarter": 20102,
            "year": 2010,
            "quarter": 2,
            "eps": 0.33,
            "eps_growth_year": -67.94,
            "eps_4q": 2.45,
            "eps_4q_growth_year": -4.75,
            "roe": 1.55,
            "roe_4q": 11.67,
            "gross_profit": 470920,
            "gross_margin": 13.57,
            "gross_margin_4q_avg": 17.56,
            "net_income": 84626,
            "net_income_4q": null,
            "revenue": 3471177,
            "revenue_4q": null,
            "common_shares": 2627603,
            "book_valuer_per_share": 20.01,
            "book_valuer_per_share_4q_avg": 20.82,
            "equity": 5278950,
            "current_ratio": 113.32,
            "debt_ratio": 63.09,
            "inventory_turnover_ratio": 2.21,
            "account_receivable_turnover_ratio": 0.75,
            "reinvestment_rate": null,
            "research_to_sale_ratio": 0.53,
            "price_fair": 81.24,
            "eps_avg_yearly": 3.03,
            "eps_latest_yearly": 1.32,
            "eps_growth_yearly": 16.78
        },
        "20103": {
            "year_quarter": 20103,
            "year": 2010,
            "quarter": 3,
            "eps": 0.16,
            "eps_growth_year": -86.19,
            "eps_4q": 1.49,
            "eps_4q_growth_year": -49.39,
            "roe": 0.77,
            "roe_4q": 6.94,
            "gross_profit": 419933,
            "gross_margin": 12.72,
            "gross_margin_4q_avg": 15.16,
            "net_income": 40674,
            "net_income_4q": null,
            "revenue": 3302415,
            "revenue_4q": null,
            "common_shares": 2627753,
            "book_valuer_per_share": 20.02,
            "book_valuer_per_share_4q_avg": 20.66,
            "equity": 5280343,
            "current_ratio": 132.23,
            "debt_ratio": 61.74,
            "inventory_turnover_ratio": 1.95,
            "account_receivable_turnover_ratio": 0.68,
            "reinvestment_rate": null,
            "research_to_sale_ratio": 0.59,
            "price_fair": 28.63,
            "eps_avg_yearly": 2.86,
            "eps_latest_yearly": 0.64,
            "eps_growth_yearly": 0.86
        },
        "20104": {
            "year_quarter": 20104,
            "year": 2010,
            "quarter": 4,
            "eps": -0.45,
            "eps_growth_year": -156.53,
            "eps_4q": 0.27,
            "eps_4q_growth_year": -91.66,
            "roe": -2.35,
            "roe_4q": 0.96,
            "gross_profit": 269152,
            "gross_margin": 9.82,
            "gross_margin_4q_avg": 12.3,
            "net_income": -119772,
            "net_income_4q": null,
            "revenue": 2742042,
            "revenue_4q": null,
            "common_shares": 2627853,
            "book_valuer_per_share": 18.7,
            "book_valuer_per_share_4q_avg": 20.03,
            "equity": 4922451,
            "current_ratio": 120.07,
            "debt_ratio": 62.43,
            "inventory_turnover_ratio": 1.94,
            "account_receivable_turnover_ratio": 0.63,
            "reinvestment_rate": 263.73,
            "research_to_sale_ratio": 0.68,
            "price_fair": 28.63,
            "eps_avg_yearly": 2.86,
            "eps_latest_yearly": 0.64,
            "eps_growth_yearly": 0.86
        },
        "20111": {
            "year_quarter": 20111,
            "year": 2011,
            "quarter": 1,
            "eps": 0.11,
            "eps_growth_year": -50,
            "eps_4q": 0.15,
            "eps_4q_growth_year": -95.18,
            "roe": 0.49,
            "roe_4q": 0.45999999999999996,
            "gross_profit": 265117,
            "gross_margin": 10.05,
            "gross_margin_4q_avg": 11.54,
            "net_income": 24360,
            "net_income_4q": null,
            "revenue": 2638132,
            "revenue_4q": null,
            "common_shares": 2627853,
            "book_valuer_per_share": 19.05,
            "book_valuer_per_share_4q_avg": 19.45,
            "equity": 5012385,
            "current_ratio": 119.52,
            "debt_ratio": 61.73,
            "inventory_turnover_ratio": 2.11,
            "account_receivable_turnover_ratio": 0.71,
            "reinvestment_rate": 415.09,
            "research_to_sale_ratio": 0.66,
            "price_fair": 28.63,
            "eps_avg_yearly": 2.86,
            "eps_latest_yearly": 0.64,
            "eps_growth_yearly": 0.86
        },
        "20112": {
            "year_quarter": 20112,
            "year": 2011,
            "quarter": 2,
            "eps": 0.32,
            "eps_growth_year": -3.23,
            "eps_4q": 0.15,
            "eps_4q_growth_year": -93.82,
            "roe": 1.75,
            "roe_4q": 0.6600000000000001,
            "gross_profit": 444387,
            "gross_margin": 13.74,
            "gross_margin_4q_avg": 11.58,
            "net_income": 87821,
            "net_income_4q": null,
            "revenue": 3234855,
            "revenue_4q": null,
            "common_shares": 2627853,
            "book_valuer_per_share": 19.07,
            "book_valuer_per_share_4q_avg": 19.21,
            "equity": 5014418,
            "current_ratio": 122.08,
            "debt_ratio": 62.92,
            "inventory_turnover_ratio": 2.52,
            "account_receivable_turnover_ratio": 0.86,
            "reinvestment_rate": 426.59,
            "research_to_sale_ratio": 0.64,
            "price_fair": 91.8,
            "eps_avg_yearly": 2.62,
            "eps_latest_yearly": 1.28,
            "eps_growth_yearly": 61.28
        },
        "20113": {
            "year_quarter": 20113,
            "year": 2011,
            "quarter": 3,
            "eps": 0.45,
            "eps_growth_year": 180.79,
            "eps_4q": 0.45,
            "eps_4q_growth_year": -69.45,
            "roe": 2.41,
            "roe_4q": 2.3000000000000003,
            "gross_profit": 306616,
            "gross_margin": 9.76,
            "gross_margin_4q_avg": 10.84,
            "net_income": 125280,
            "net_income_4q": null,
            "revenue": 3142709,
            "revenue_4q": null,
            "common_shares": 2864360,
            "book_valuer_per_share": 18.77,
            "book_valuer_per_share_4q_avg": 18.9,
            "equity": 5377010,
            "current_ratio": 126.85,
            "debt_ratio": 61.88,
            "inventory_turnover_ratio": 2.57,
            "account_receivable_turnover_ratio": 0.76,
            "reinvestment_rate": 468.63,
            "research_to_sale_ratio": 0.73,
            "price_fair": 84.8,
            "eps_avg_yearly": 2.42,
            "eps_latest_yearly": 1.8,
            "eps_growth_yearly": 73.13
        },
        "20114": {
            "year_quarter": 20114,
            "year": 2011,
            "quarter": 4,
            "eps": 0.17,
            "eps_growth_year": null,
            "eps_4q": 1.04,
            "eps_4q_growth_year": 287.49,
            "roe": 0.82,
            "roe_4q": 5.470000000000001,
            "gross_profit": 319449,
            "gross_margin": 12.23,
            "gross_margin_4q_avg": 11.45,
            "net_income": 44248,
            "net_income_4q": null,
            "revenue": 2612431,
            "revenue_4q": null,
            "common_shares": 2864360,
            "book_valuer_per_share": 19.14,
            "book_valuer_per_share_4q_avg": 19.01,
            "equity": 5478231,
            "current_ratio": 122.49,
            "debt_ratio": 59.66,
            "inventory_turnover_ratio": 1.96,
            "account_receivable_turnover_ratio": 0.67,
            "reinvestment_rate": 268.47,
            "research_to_sale_ratio": 0.91,
            "price_fair": 74.3,
            "eps_avg_yearly": 2.12,
            "eps_latest_yearly": 0.68,
            "eps_growth_yearly": 53.61
        },
        "20121": {
            "year_quarter": 20121,
            "year": 2012,
            "quarter": 1,
            "eps": -1.54,
            "eps_growth_year": -1500,
            "eps_4q": -0.6,
            "eps_4q_growth_year": -501.26,
            "roe": -8.49,
            "roe_4q": -3.51,
            "gross_profit": 66211,
            "gross_margin": 2.83,
            "gross_margin_4q_avg": 9.64,
            "net_income": -442564,
            "net_income_4q": null,
            "revenue": 2339311,
            "revenue_4q": null,
            "common_shares": 2864360,
            "book_valuer_per_share": 17.3,
            "book_valuer_per_share_4q_avg": 18.57,
            "equity": 4949974,
            "current_ratio": 107.1,
            "debt_ratio": 61.03,
            "inventory_turnover_ratio": 1.89,
            "account_receivable_turnover_ratio": 0.72,
            "reinvestment_rate": 336.97,
            "research_to_sale_ratio": 1.21,
            "price_fair": 74.31,
            "eps_avg_yearly": 2.12,
            "eps_latest_yearly": 0.68,
            "eps_growth_yearly": 75.14
        },
        "20122": {
            "year_quarter": 20122,
            "year": 2012,
            "quarter": 2,
            "eps": 0.34,
            "eps_growth_year": 7.43,
            "eps_4q": -0.55,
            "eps_4q_growth_year": -464.46,
            "roe": 1.94,
            "roe_4q": -3.3200000000000003,
            "gross_profit": 235480,
            "gross_margin": 8.86,
            "gross_margin_4q_avg": 8.42,
            "net_income": 96558,
            "net_income_4q": null,
            "revenue": 2656976,
            "revenue_4q": null,
            "common_shares": 2864360,
            "book_valuer_per_share": 17.45,
            "book_valuer_per_share_4q_avg": 18.17,
            "equity": 4989243,
            "current_ratio": 109.26,
            "debt_ratio": 60.91,
            "inventory_turnover_ratio": 1.96,
            "account_receivable_turnover_ratio": 0.88,
            "reinvestment_rate": 330.48,
            "research_to_sale_ratio": 1.14,
            "price_fair": 72.57,
            "eps_avg_yearly": 2.07,
            "eps_latest_yearly": 0.68,
            "eps_growth_yearly": 71.97
        },
        "20123": {
            "year_quarter": 20123,
            "year": 2012,
            "quarter": 3,
            "eps": 0.05,
            "eps_growth_year": -89.03,
            "eps_4q": -0.94,
            "eps_4q_growth_year": -307.6,
            "roe": 0.22,
            "roe_4q": -5.51,
            "gross_profit": 363440,
            "gross_margin": 11.9,
            "gross_margin_4q_avg": 8.96,
            "net_income": 10863,
            "net_income_4q": null,
            "revenue": 3053884,
            "revenue_4q": null,
            "common_shares": 2864360,
            "book_valuer_per_share": 17.47,
            "book_valuer_per_share_4q_avg": 17.84,
            "equity": 5038147,
            "current_ratio": 104.21,
            "debt_ratio": 60.68,
            "inventory_turnover_ratio": 2.11,
            "account_receivable_turnover_ratio": 0.92,
            "reinvestment_rate": 343.35,
            "research_to_sale_ratio": 1,
            "price_fair": 63.47,
            "eps_avg_yearly": 1.81,
            "eps_latest_yearly": 0.2,
            "eps_growth_yearly": 36.18
        },
        "20124": {
            "year_quarter": 20124,
            "year": 2012,
            "quarter": 4,
            "eps": -1.21,
            "eps_growth_year": -793.49,
            "eps_4q": -2.32,
            "eps_4q_growth_year": -323.73,
            "roe": -7.42,
            "roe_4q": -13.75,
            "gross_profit": 111574,
            "gross_margin": 4.18,
            "gross_margin_4q_avg": 6.94,
            "net_income": -360801,
            "net_income_4q": null,
            "revenue": 2668844,
            "revenue_4q": null,
            "common_shares": 2935594,
            "book_valuer_per_share": 15.89,
            "book_valuer_per_share_4q_avg": 17.03,
            "equity": 4693161,
            "current_ratio": 112.08,
            "debt_ratio": 60.68,
            "inventory_turnover_ratio": 2.23,
            "account_receivable_turnover_ratio": 0.76,
            "reinvestment_rate": 247.63,
            "research_to_sale_ratio": 1.15,
            "price_fair": 64.15,
            "eps_avg_yearly": 1.83,
            "eps_latest_yearly": 0.2,
            "eps_growth_yearly": 58.31
        },
        "20131": {
            "year_quarter": 20131,
            "year": 2013,
            "quarter": 1,
            "eps": -0.3,
            "eps_growth_year": null,
            "eps_4q": -1.14,
            "eps_4q_growth_year": null,
            "roe": -1.91,
            "roe_4q": -7.17,
            "gross_profit": 188480,
            "gross_margin": 7.79,
            "gross_margin_4q_avg": 8.18,
            "net_income": -88109,
            "net_income_4q": null,
            "revenue": 2420881,
            "revenue_4q": null,
            "common_shares": 2935594,
            "book_valuer_per_share": 15.58,
            "book_valuer_per_share_4q_avg": 16.6,
            "equity": 4529164,
            "current_ratio": 116.53,
            "debt_ratio": 60.76,
            "inventory_turnover_ratio": 2.1,
            "account_receivable_turnover_ratio": 0.74,
            "reinvestment_rate": -356.37,
            "research_to_sale_ratio": 1.25,
            "price_fair": 65.38,
            "eps_avg_yearly": 1.87,
            "eps_latest_yearly": 0.2,
            "eps_growth_yearly": 67.14
        },
        "20132": {
            "year_quarter": 20132,
            "year": 2013,
            "quarter": 2,
            "eps": -0.1,
            "eps_growth_year": -129.41,
            "eps_4q": -1.59,
            "eps_4q_growth_year": null,
            "roe": -0.63,
            "roe_4q": -9.74,
            "gross_profit": 260209,
            "gross_margin": 10.67,
            "gross_margin_4q_avg": 8.64,
            "net_income": -28636,
            "net_income_4q": null,
            "revenue": 2437594,
            "revenue_4q": null,
            "common_shares": 2875594,
            "book_valuer_per_share": 15.66,
            "book_valuer_per_share_4q_avg": 16.15,
            "equity": 4531786,
            "current_ratio": 122.66,
            "debt_ratio": 60.94,
            "inventory_turnover_ratio": 1.98,
            "account_receivable_turnover_ratio": 0.81,
            "reinvestment_rate": -1769.09,
            "research_to_sale_ratio": 1.39,
            "price_fair": 4.87,
            "eps_avg_yearly": 1.62,
            "eps_latest_yearly": 0.2,
            "eps_growth_yearly": -3.48
        },
        "20133": {
            "year_quarter": 20133,
            "year": 2013,
            "quarter": 3,
            "eps": -0.12,
            "eps_growth_year": -343.1,
            "eps_4q": -1.76,
            "eps_4q_growth_year": null,
            "roe": -0.78,
            "roe_4q": -10.74,
            "gross_profit": 292332,
            "gross_margin": 10.9,
            "gross_margin_4q_avg": 8.39,
            "net_income": -35272,
            "net_income_4q": null,
            "revenue": 2682688,
            "revenue_4q": null,
            "common_shares": 2875594,
            "book_valuer_per_share": 15.44,
            "book_valuer_per_share_4q_avg": 15.64,
            "equity": 4467462,
            "current_ratio": 120.56,
            "debt_ratio": 56.65,
            "inventory_turnover_ratio": 2.22,
            "account_receivable_turnover_ratio": 0.89,
            "reinvestment_rate": null,
            "research_to_sale_ratio": 1.57,
            "price_fair": 3.74,
            "eps_avg_yearly": 1.25,
            "eps_latest_yearly": 0.2,
            "eps_growth_yearly": -10.77
        },
        "20134": {
            "year_quarter": 20134,
            "year": 2013,
            "quarter": 4,
            "eps": -0.37,
            "eps_growth_year": null,
            "eps_4q": -0.89,
            "eps_4q_growth_year": null,
            "roe": -2.39,
            "roe_4q": -5.71,
            "gross_profit": 216630,
            "gross_margin": 8.33,
            "gross_margin_4q_avg": 9.42,
            "net_income": -106123,
            "net_income_4q": null,
            "revenue": 2599360,
            "revenue_4q": null,
            "common_shares": 2860594,
            "book_valuer_per_share": 15.31,
            "book_valuer_per_share_4q_avg": 15.5,
            "equity": 4429412,
            "current_ratio": 122.61,
            "debt_ratio": 58.24,
            "inventory_turnover_ratio": 2.37,
            "account_receivable_turnover_ratio": 0.84,
            "reinvestment_rate": null,
            "research_to_sale_ratio": 1.67,
            "price_fair": 15.46,
            "eps_avg_yearly": 0.97,
            "eps_latest_yearly": 0.2,
            "eps_growth_yearly": 5.91
        },
        "20141": {
            "year_quarter": 20141,
            "year": 2014,
            "quarter": 1,
            "eps": 0.12,
            "eps_growth_year": null,
            "eps_4q": -0.47,
            "eps_4q_growth_year": null,
            "roe": 0.75,
            "roe_4q": -3.05,
            "gross_profit": 342397,
            "gross_margin": 14.36,
            "gross_margin_4q_avg": 11.07,
            "net_income": 33398,
            "net_income_4q": null,
            "revenue": 2385043,
            "revenue_4q": null,
            "common_shares": 2860594,
            "book_valuer_per_share": 15.35,
            "book_valuer_per_share_4q_avg": 15.44,
            "equity": 4439007,
            "current_ratio": 124.4,
            "debt_ratio": 56.28,
            "inventory_turnover_ratio": 2.02,
            "account_receivable_turnover_ratio": 0.82,
            "reinvestment_rate": null,
            "research_to_sale_ratio": 2.65,
            "price_fair": 34.53,
            "eps_avg_yearly": 0.99,
            "eps_latest_yearly": 0.2,
            "eps_growth_yearly": 55
        },
        "20142": {
            "year_quarter": 20142,
            "year": 2014,
            "quarter": 2,
            "eps": 0.35,
            "eps_growth_year": null,
            "eps_4q": -0.02,
            "eps_4q_growth_year": null,
            "roe": 2.22,
            "roe_4q": -0.19999999999999996,
            "gross_profit": 499088,
            "gross_margin": 18,
            "gross_margin_4q_avg": 12.9,
            "net_income": 98947,
            "net_income_4q": null,
            "revenue": 2772361,
            "revenue_4q": null,
            "common_shares": 2860594,
            "book_valuer_per_share": 15.53,
            "book_valuer_per_share_4q_avg": 15.41,
            "equity": 4489739,
            "current_ratio": 121.93,
            "debt_ratio": 55.31,
            "inventory_turnover_ratio": 2.21,
            "account_receivable_turnover_ratio": 1,
            "reinvestment_rate": null,
            "research_to_sale_ratio": 2.13,
            "price_fair": 35,
            "eps_avg_yearly": 1,
            "eps_latest_yearly": 1.4,
            "eps_growth_yearly": 149.45
        },
        "20143": {
            "year_quarter": 20143,
            "year": 2014,
            "quarter": 3,
            "eps": 0.33,
            "eps_growth_year": null,
            "eps_4q": 0.43,
            "eps_4q_growth_year": null,
            "roe": 2.08,
            "roe_4q": 2.6600000000000006,
            "gross_profit": 466704,
            "gross_margin": 16.58,
            "gross_margin_4q_avg": 14.32,
            "net_income": 95466,
            "net_income_4q": null,
            "revenue": 2814564,
            "revenue_4q": null,
            "common_shares": 2860594,
            "book_valuer_per_share": 16.15,
            "book_valuer_per_share_4q_avg": 15.59,
            "equity": 4669817,
            "current_ratio": 117.47,
            "debt_ratio": 56.84,
            "inventory_turnover_ratio": 2.19,
            "account_receivable_turnover_ratio": 0.95,
            "reinvestment_rate": null,
            "research_to_sale_ratio": 1.95,
            "price_fair": 38.97,
            "eps_avg_yearly": 1.11,
            "eps_latest_yearly": 1.32,
            "eps_growth_yearly": 179.98
        },
        "20144": {
            "year_quarter": 20144,
            "year": 2014,
            "quarter": 4,
            "eps": 0.05,
            "eps_growth_year": null,
            "eps_4q": 0.85,
            "eps_4q_growth_year": null,
            "roe": 0.24,
            "roe_4q": 5.290000000000001,
            "gross_profit": 408415,
            "gross_margin": 14.67,
            "gross_margin_4q_avg": 15.9,
            "net_income": 11389,
            "net_income_4q": null,
            "revenue": 2783346,
            "revenue_4q": null,
            "common_shares": 2860594,
            "book_valuer_per_share": 16.7,
            "book_valuer_per_share_4q_avg": 15.93,
            "equity": 4824587,
            "current_ratio": 116.71,
            "debt_ratio": 56.21,
            "inventory_turnover_ratio": 2.06,
            "account_receivable_turnover_ratio": 0.86,
            "reinvestment_rate": null,
            "research_to_sale_ratio": 3.38,
            "price_fair": 34.4,
            "eps_avg_yearly": 0.98,
            "eps_latest_yearly": 0.2,
            "eps_growth_yearly": 105.78
        },
        "20151": {
            "year_quarter": 20151,
            "year": 2015,
            "quarter": 1,
            "eps": -0.21,
            "eps_growth_year": -275,
            "eps_4q": 0.52,
            "eps_4q_growth_year": null,
            "roe": -1.25,
            "roe_4q": 3.29,
            "gross_profit": 281022,
            "gross_margin": 11.11,
            "gross_margin_4q_avg": 15.09,
            "net_income": -59406,
            "net_income_4q": null,
            "revenue": 2530068,
            "revenue_4q": null,
            "common_shares": 2860594,
            "book_valuer_per_share": 16.3,
            "book_valuer_per_share_4q_avg": 16.17,
            "equity": 4710020,
            "current_ratio": 112.31,
            "debt_ratio": 56.41,
            "inventory_turnover_ratio": 1.87,
            "account_receivable_turnover_ratio": 0.78,
            "reinvestment_rate": null,
            "research_to_sale_ratio": 3.5,
            "price_fair": 34.4,
            "eps_avg_yearly": 0.98,
            "eps_latest_yearly": 0.2,
            "eps_growth_yearly": 105.78
        },
        "20152": {
            "year_quarter": 20152,
            "year": 2015,
            "quarter": 2,
            "eps": -0.3,
            "eps_growth_year": -185.71,
            "eps_4q": -0.13,
            "eps_4q_growth_year": null,
            "roe": -1.83,
            "roe_4q": -0.7599999999999998,
            "gross_profit": 339585,
            "gross_margin": 13.07,
            "gross_margin_4q_avg": 13.86,
            "net_income": -84973,
            "net_income_4q": null,
            "revenue": 2598318,
            "revenue_4q": null,
            "common_shares": 2860594,
            "book_valuer_per_share": 15.89,
            "book_valuer_per_share_4q_avg": 16.26,
            "equity": 4593607,
            "current_ratio": 108.35,
            "debt_ratio": 56.6,
            "inventory_turnover_ratio": 1.86,
            "account_receivable_turnover_ratio": 0.85,
            "reinvestment_rate": null,
            "research_to_sale_ratio": 4.39,
            "price_fair": 2.8,
            "eps_avg_yearly": 0.93,
            "eps_latest_yearly": 0.2,
            "eps_growth_yearly": -3.86
        },
        "20153": {
            "year_quarter": 20153,
            "year": 2015,
            "quarter": 3,
            "eps": 0.17,
            "eps_growth_year": -48.48,
            "eps_4q": -0.29,
            "eps_4q_growth_year": -167.1,
            "roe": 1.12,
            "roe_4q": -1.72,
            "gross_profit": 428445,
            "gross_margin": 14.51,
            "gross_margin_4q_avg": 13.34,
            "net_income": 51751,
            "net_income_4q": null,
            "revenue": 2952045,
            "revenue_4q": null,
            "common_shares": 2860594,
            "book_valuer_per_share": 16.48,
            "book_valuer_per_share_4q_avg": 16.34,
            "equity": 4681685,
            "current_ratio": 109.12,
            "debt_ratio": 58.18,
            "inventory_turnover_ratio": 2.01,
            "account_receivable_turnover_ratio": 0.93,
            "reinvestment_rate": null,
            "research_to_sale_ratio": 3.46,
            "price_fair": 2.28,
            "eps_avg_yearly": 0.76,
            "eps_latest_yearly": 0.2,
            "eps_growth_yearly": -37.13
        },
        "20154": {
            "year_quarter": 20154,
            "year": 2015,
            "quarter": 4,
            "eps": 0.01,
            "eps_growth_year": -86.63,
            "eps_4q": -0.33,
            "eps_4q_growth_year": -139.17,
            "roe": -0.01,
            "roe_4q": -1.97,
            "gross_profit": 395803,
            "gross_margin": 12.89,
            "gross_margin_4q_avg": 12.9,
            "net_income": -343,
            "net_income_4q": null,
            "revenue": 3069783,
            "revenue_4q": null,
            "common_shares": 2810594,
            "book_valuer_per_share": 16.2,
            "book_valuer_per_share_4q_avg": 16.22,
            "equity": 4599558,
            "current_ratio": 112.09,
            "debt_ratio": 57.28,
            "inventory_turnover_ratio": 2.06,
            "account_receivable_turnover_ratio": 0.92,
            "reinvestment_rate": null,
            "research_to_sale_ratio": 3.42,
            "price_fair": 1.9,
            "eps_avg_yearly": 0.63,
            "eps_latest_yearly": 0.04,
            "eps_growth_yearly": -62.65
        },
        "20161": {
            "year_quarter": 20161,
            "year": 2016,
            "quarter": 1,
            "eps": 0.01,
            "eps_growth_year": null,
            "eps_4q": -0.11,
            "eps_4q_growth_year": -121.02,
            "roe": 0.12,
            "roe_4q": -0.5999999999999999,
            "gross_profit": 291326,
            "gross_margin": 10.52,
            "gross_margin_4q_avg": 12.75,
            "net_income": 5608,
            "net_income_4q": null,
            "revenue": 2768738,
            "revenue_4q": null,
            "common_shares": 2810594,
            "book_valuer_per_share": 16.03,
            "book_valuer_per_share_4q_avg": 16.15,
            "equity": 4505681,
            "current_ratio": 122.89,
            "debt_ratio": 53.18,
            "inventory_turnover_ratio": 1.94,
            "account_receivable_turnover_ratio": 0.88,
            "reinvestment_rate": null,
            "research_to_sale_ratio": 2.03,
            "price_fair": 1.6,
            "eps_avg_yearly": 0.53,
            "eps_latest_yearly": 0.04,
            "eps_growth_yearly": -52.21
        },
        "20162": {
            "year_quarter": 20162,
            "year": 2016,
            "quarter": 2,
            "eps": 0.02,
            "eps_growth_year": null,
            "eps_4q": 0.22,
            "eps_4q_growth_year": null,
            "roe": 0.15,
            "roe_4q": 1.3800000000000001,
            "gross_profit": 322250,
            "gross_margin": 10.88,
            "gross_margin_4q_avg": 12.2,
            "net_income": 6748,
            "net_income_4q": null,
            "revenue": 2963090,
            "revenue_4q": null,
            "common_shares": 2810594,
            "book_valuer_per_share": 15.77,
            "book_valuer_per_share_4q_avg": 16.12,
            "equity": 4431350,
            "current_ratio": 117.96,
            "debt_ratio": 54.9,
            "inventory_turnover_ratio": 2.16,
            "account_receivable_turnover_ratio": 0.97,
            "reinvestment_rate": null,
            "research_to_sale_ratio": 0.28,
            "price_fair": 10.49,
            "eps_avg_yearly": 0.47,
            "eps_latest_yearly": 0.08,
            "eps_growth_yearly": 12.4
        },
        "20163": {
            "year_quarter": 20163,
            "year": 2016,
            "quarter": 3,
            "eps": -0.15,
            "eps_growth_year": -188.24,
            "eps_4q": -0.11,
            "eps_4q_growth_year": null,
            "roe": -0.99,
            "roe_4q": -0.73,
            "gross_profit": 281908,
            "gross_margin": 9.26,
            "gross_margin_4q_avg": 10.89,
            "net_income": -42966,
            "net_income_4q": null,
            "revenue": 3044225,
            "revenue_4q": null,
            "common_shares": 2810594,
            "book_valuer_per_share": 15.17,
            "book_valuer_per_share_4q_avg": 15.79,
            "equity": 4262835,
            "current_ratio": 115.3,
            "debt_ratio": 57.24,
            "inventory_turnover_ratio": 2.35,
            "account_receivable_turnover_ratio": 0.96,
            "reinvestment_rate": null,
            "research_to_sale_ratio": 0.86,
            "price_fair": 17.97,
            "eps_avg_yearly": 0.51,
            "eps_latest_yearly": 0.08,
            "eps_growth_yearly": 71.32
        },
        "20164": {
            "year_quarter": 20164,
            "year": 2016,
            "quarter": 4,
            "eps": 0.15,
            "eps_growth_year": 2326.61,
            "eps_4q": 0.04,
            "eps_4q_growth_year": null,
            "roe": 1.02,
            "roe_4q": 0.30000000000000004,
            "gross_profit": 329077,
            "gross_margin": 10.91,
            "gross_margin_4q_avg": 10.39,
            "net_income": 43438,
            "net_income_4q": null,
            "revenue": 3015785,
            "revenue_4q": null,
            "common_shares": 2810594,
            "book_valuer_per_share": 15.21,
            "book_valuer_per_share_4q_avg": 15.55,
            "equity": 4274593,
            "current_ratio": 115.4,
            "debt_ratio": 58,
            "inventory_turnover_ratio": 2.2,
            "account_receivable_turnover_ratio": 0.92,
            "reinvestment_rate": null,
            "research_to_sale_ratio": 0.84,
            "price_fair": 17.97,
            "eps_avg_yearly": 0.51,
            "eps_latest_yearly": 0.08,
            "eps_growth_yearly": 71.32
        },
        "20171": {
            "year_quarter": 20171,
            "year": 2017,
            "quarter": 1,
            "eps": 0.04,
            "eps_growth_year": 300,
            "eps_4q": 0.07,
            "eps_4q_growth_year": null,
            "roe": 0.27,
            "roe_4q": 0.45000000000000007,
            "gross_profit": 312897,
            "gross_margin": 11.1,
            "gross_margin_4q_avg": 10.54,
            "net_income": 11271,
            "net_income_4q": null,
            "revenue": 2818802,
            "revenue_4q": null,
            "common_shares": 2810594,
            "book_valuer_per_share": 14.53,
            "book_valuer_per_share_4q_avg": 15.17,
            "equity": 4085126,
            "current_ratio": 116.43,
            "debt_ratio": 58.75,
            "inventory_turnover_ratio": 1.9,
            "account_receivable_turnover_ratio": 0.88,
            "reinvestment_rate": -43191.13,
            "research_to_sale_ratio": 0.99,
            "price_fair": 13.53,
            "eps_avg_yearly": 0.46,
            "eps_latest_yearly": 0.16,
            "eps_growth_yearly": 19.23
        },
        "20172": {
            "year_quarter": 20172,
            "year": 2017,
            "quarter": 2,
            "eps": 0.13,
            "eps_growth_year": 550,
            "eps_4q": 0.17,
            "eps_4q_growth_year": -22.47,
            "roe": 0.87,
            "roe_4q": 1.1700000000000002,
            "gross_profit": 328454,
            "gross_margin": 11.43,
            "gross_margin_4q_avg": 10.68,
            "net_income": 35963,
            "net_income_4q": null,
            "revenue": 2872653,
            "revenue_4q": null,
            "common_shares": 2810594,
            "book_valuer_per_share": 14.94,
            "book_valuer_per_share_4q_avg": 14.96,
            "equity": 4197793,
            "current_ratio": 114.29,
            "debt_ratio": 62.52,
            "inventory_turnover_ratio": 1.81,
            "account_receivable_turnover_ratio": 0.93,
            "reinvestment_rate": -1242.68,
            "research_to_sale_ratio": 0.7,
            "price_fair": 16.45,
            "eps_avg_yearly": 0.47,
            "eps_latest_yearly": 0.52,
            "eps_growth_yearly": 129.33
        },
        "20173": {
            "year_quarter": 20173,
            "year": 2017,
            "quarter": 3,
            "eps": 0.05,
            "eps_growth_year": null,
            "eps_4q": 0.38,
            "eps_4q_growth_year": null,
            "roe": 0.36,
            "roe_4q": 2.52,
            "gross_profit": 359755,
            "gross_margin": 12.07,
            "gross_margin_4q_avg": 11.38,
            "net_income": 15233,
            "net_income_4q": null,
            "revenue": 2979517,
            "revenue_4q": null,
            "common_shares": 2810594,
            "book_valuer_per_share": 15.17,
            "book_valuer_per_share_4q_avg": 14.96,
            "equity": 4264490,
            "current_ratio": 119.87,
            "debt_ratio": 65.08,
            "inventory_turnover_ratio": 1.78,
            "account_receivable_turnover_ratio": 0.94,
            "reinvestment_rate": -170.98,
            "research_to_sale_ratio": 0.33,
            "price_fair": 15.4,
            "eps_avg_yearly": 0.44,
            "eps_latest_yearly": 0.2,
            "eps_growth_yearly": 87.61
        },
        "20174": {
            "year_quarter": 20174,
            "year": 2017,
            "quarter": 4,
            "eps": -0.19,
            "eps_growth_year": -222.87,
            "eps_4q": 0.03,
            "eps_4q_growth_year": -15.01,
            "roe": -1.26,
            "roe_4q": 0.24,
            "gross_profit": 238739,
            "gross_margin": 8.02,
            "gross_margin_4q_avg": 10.66,
            "net_income": -53373,
            "net_income_4q": null,
            "revenue": 2975471,
            "revenue_4q": null,
            "common_shares": 2810594,
            "book_valuer_per_share": 14.97,
            "book_valuer_per_share_4q_avg": 14.9,
            "equity": 4207769,
            "current_ratio": 124.61,
            "debt_ratio": 65.5,
            "inventory_turnover_ratio": 1.82,
            "account_receivable_turnover_ratio": 0.92,
            "reinvestment_rate": 70.04,
            "research_to_sale_ratio": 0.5,
            "price_fair": 15.4,
            "eps_avg_yearly": 0.44,
            "eps_latest_yearly": 0.2,
            "eps_growth_yearly": 87.61
        },
        "20181": {
            "year_quarter": 20181,
            "year": 2018,
            "quarter": 1,
            "eps": -0.3,
            "eps_growth_year": -850,
            "eps_4q": -0.3,
            "eps_4q_growth_year": -562.4,
            "roe": -1.99,
            "roe_4q": -2.02,
            "gross_profit": 181814,
            "gross_margin": 6.42,
            "gross_margin_4q_avg": 9.49,
            "net_income": -83325,
            "net_income_4q": null,
            "revenue": 2830627,
            "revenue_4q": null,
            "common_shares": 2810594,
            "book_valuer_per_share": 14.85,
            "book_valuer_per_share_4q_avg": 14.98,
            "equity": 4172471,
            "current_ratio": 114.94,
            "debt_ratio": 68.65,
            "inventory_turnover_ratio": 1.57,
            "account_receivable_turnover_ratio": 0.88,
            "reinvestment_rate": 1208.21,
            "research_to_sale_ratio": 0.15,
            "price_fair": 15.4,
            "eps_avg_yearly": 0.44,
            "eps_latest_yearly": 0.2,
            "eps_growth_yearly": 87.61
        },
        "20182": {
            "year_quarter": 20182,
            "year": 2018,
            "quarter": 2,
            "eps": -0.69,
            "eps_growth_year": -630.77,
            "eps_4q": -1.13,
            "eps_4q_growth_year": -762.99,
            "roe": -4.78,
            "roe_4q": -7.670000000000001,
            "gross_profit": 208742,
            "gross_margin": 6.65,
            "gross_margin_4q_avg": 8.29,
            "net_income": -194821,
            "net_income_4q": null,
            "revenue": 3141149,
            "revenue_4q": null,
            "common_shares": 2810594,
            "book_valuer_per_share": 14.14,
            "book_valuer_per_share_4q_avg": 14.78,
            "equity": 3974816,
            "current_ratio": 104.4,
            "debt_ratio": 71.57,
            "inventory_turnover_ratio": 1.53,
            "account_receivable_turnover_ratio": 0.92,
            "reinvestment_rate": null,
            "research_to_sale_ratio": 0.24,
            "price_fair": 4.07,
            "eps_avg_yearly": 0.32,
            "eps_latest_yearly": 0.2,
            "eps_growth_yearly": 2.72
        },
        "20183": {
            "year_quarter": 20183,
            "year": 2018,
            "quarter": 3,
            "eps": 0.01,
            "eps_growth_year": -80,
            "eps_4q": -1.17,
            "eps_4q_growth_year": -410.72,
            "roe": 0.06,
            "roe_4q": -7.970000000000001,
            "gross_profit": 395335,
            "gross_margin": 11.05,
            "gross_margin_4q_avg": 8.04,
            "net_income": 2450,
            "net_income_4q": null,
            "revenue": 3577767,
            "revenue_4q": null,
            "common_shares": 2810594,
            "book_valuer_per_share": 13.77,
            "book_valuer_per_share_4q_avg": 14.43,
            "equity": 3869046,
            "current_ratio": 100.18,
            "debt_ratio": 71.96,
            "inventory_turnover_ratio": 1.67,
            "account_receivable_turnover_ratio": 0.96,
            "reinvestment_rate": null,
            "research_to_sale_ratio": 0.22,
            "price_fair": 2.9,
            "eps_avg_yearly": 0.18,
            "eps_latest_yearly": 0.2,
            "eps_growth_yearly": 6.38
        },
        "20184": {
            "year_quarter": 20184,
            "year": 2018,
            "quarter": 4,
            "eps": 0.12,
            "eps_growth_year": null,
            "eps_4q": -0.86,
            "eps_4q_growth_year": -2748.85,
            "roe": 0.89,
            "roe_4q": -5.82,
            "gross_profit": 370322,
            "gross_margin": 10.55,
            "gross_margin_4q_avg": 8.67,
            "net_income": 34811,
            "net_income_4q": null,
            "revenue": 3508742,
            "revenue_4q": null,
            "common_shares": 2810594,
            "book_valuer_per_share": 13.98,
            "book_valuer_per_share_4q_avg": 14.19,
            "equity": 3929500,
            "current_ratio": 97.45,
            "debt_ratio": 72.54,
            "inventory_turnover_ratio": 1.67,
            "account_receivable_turnover_ratio": 0.89,
            "reinvestment_rate": null,
            "research_to_sale_ratio": 0.22,
            "price_fair": 7.6,
            "eps_avg_yearly": 0.22,
            "eps_latest_yearly": 0.48,
            "eps_growth_yearly": 683.43
        },
        "20191": {
            "year_quarter": 20191,
            "year": 2019,
            "quarter": 1,
            "eps": -0.14,
            "eps_growth_year": null,
            "eps_4q": -0.7,
            "eps_4q_growth_year": null,
            "roe": -0.98,
            "roe_4q": -4.8100000000000005,
            "gross_profit": 268705,
            "gross_margin": 8.8,
            "gross_margin_4q_avg": 9.26,
            "net_income": -38829,
            "net_income_4q": null,
            "revenue": 3052380,
            "revenue_4q": null,
            "common_shares": 2810594,
            "book_valuer_per_share": 14.1,
            "book_valuer_per_share_4q_avg": 14,
            "equity": 3962113,
            "current_ratio": 98.75,
            "debt_ratio": 71.49,
            "inventory_turnover_ratio": 1.53,
            "account_receivable_turnover_ratio": 0.81,
            "reinvestment_rate": null,
            "research_to_sale_ratio": 0.1,
            "price_fair": 7.6,
            "eps_avg_yearly": 0.22,
            "eps_latest_yearly": 0.48,
            "eps_growth_yearly": 683.43
        },
        "20192": {
            "year_quarter": 20192,
            "year": 2019,
            "quarter": 2,
            "eps": 0.05,
            "eps_growth_year": null,
            "eps_4q": 0.04,
            "eps_4q_growth_year": null,
            "roe": 0.32,
            "roe_4q": 0.2900000000000001,
            "gross_profit": 340265,
            "gross_margin": 10.52,
            "gross_margin_4q_avg": 10.23,
            "net_income": 12445,
            "net_income_4q": null,
            "revenue": 3233081,
            "revenue_4q": null,
            "common_shares": 2810594,
            "book_valuer_per_share": 14,
            "book_valuer_per_share_4q_avg": 13.96,
            "equity": 3934494,
            "current_ratio": 101,
            "debt_ratio": 71.35,
            "inventory_turnover_ratio": 1.66,
            "account_receivable_turnover_ratio": 0.9,
            "reinvestment_rate": null,
            "research_to_sale_ratio": 0.13,
            "price_fair": 7.6,
            "eps_avg_yearly": 0.22,
            "eps_latest_yearly": 0.48,
            "eps_growth_yearly": 683.43
        },
        "20193": {
            "year_quarter": 20193,
            "year": 2019,
            "quarter": 3,
            "eps": 0.43,
            "eps_growth_year": 4200,
            "eps_4q": 0.46,
            "eps_4q_growth_year": null,
            "roe": 3.07,
            "roe_4q": 3.3,
            "gross_profit": 588277,
            "gross_margin": 15.19,
            "gross_margin_4q_avg": 11.27,
            "net_income": 120961,
            "net_income_4q": null,
            "revenue": 3873339,
            "revenue_4q": null,
            "common_shares": 2810594,
            "book_valuer_per_share": 14.06,
            "book_valuer_per_share_4q_avg": 14.04,
            "equity": 3951752,
            "current_ratio": 113.15,
            "debt_ratio": 72.04,
            "inventory_turnover_ratio": 1.93,
            "account_receivable_turnover_ratio": 0.98,
            "reinvestment_rate": null,
            "research_to_sale_ratio": 0.4,
            "price_fair": 14.18,
            "eps_avg_yearly": 0.41,
            "eps_latest_yearly": 1.72,
            "eps_growth_yearly": 978.01
        },
        "20194": {
            "year_quarter": 20194,
            "year": 2019,
            "quarter": 4,
            "eps": 0.22,
            "eps_growth_year": 74.45,
            "eps_4q": 0.55,
            "eps_4q_growth_year": null,
            "roe": 1.54,
            "roe_4q": 3.9499999999999997,
            "gross_profit": 561813,
            "gross_margin": 15.79,
            "gross_margin_4q_avg": 12.58,
            "net_income": 60729,
            "net_income_4q": null,
            "revenue": 3558431,
            "revenue_4q": null,
            "common_shares": 2810594,
            "book_valuer_per_share": 13.91,
            "book_valuer_per_share_4q_avg": 14.02,
            "equity": 3910121,
            "current_ratio": 91.91,
            "debt_ratio": 71.08,
            "inventory_turnover_ratio": 1.88,
            "account_receivable_turnover_ratio": 0.85,
            "reinvestment_rate": null,
            "research_to_sale_ratio": -0.24,
            "price_fair": 17.85,
            "eps_avg_yearly": 0.51,
            "eps_latest_yearly": 0.88,
            "eps_growth_yearly": 1000.65
        },
        "20201": {
            "year_quarter": 20201,
            "year": 2020,
            "quarter": 1,
            "eps": 1.94,
            "eps_growth_year": null,
            "eps_4q": 2.63,
            "eps_4q_growth_year": null,
            "roe": 13.06,
            "roe_4q": 17.990000000000002,
            "gross_profit": 455409,
            "gross_margin": 15,
            "gross_margin_4q_avg": 14.13,
            "net_income": 544402,
            "net_income_4q": null,
            "revenue": 3035760,
            "revenue_4q": null,
            "common_shares": 2810594,
            "book_valuer_per_share": 15.74,
            "book_valuer_per_share_4q_avg": 14.43,
            "equity": 4424803,
            "current_ratio": 99.8,
            "debt_ratio": 66.83,
            "inventory_turnover_ratio": 1.65,
            "account_receivable_turnover_ratio": 0.79,
            "reinvestment_rate": 287.35,
            "research_to_sale_ratio": 0.15,
            "price_fair": 51.63,
            "eps_avg_yearly": 1.48,
            "eps_latest_yearly": 7.76,
            "eps_growth_yearly": 1391.55
        },
        "20202": {
            "year_quarter": 20202,
            "year": 2020,
            "quarter": 2,
            "eps": 0.37,
            "eps_growth_year": 640,
            "eps_4q": 2.67,
            "eps_4q_growth_year": 6797.86,
            "roe": 2.23,
            "roe_4q": 19.900000000000002,
            "gross_profit": 447949,
            "gross_margin": 16.5,
            "gross_margin_4q_avg": 15.62,
            "net_income": 104272,
            "net_income_4q": null,
            "revenue": 2714512,
            "revenue_4q": null,
            "common_shares": 3110594,
            "book_valuer_per_share": 15.84,
            "book_valuer_per_share_4q_avg": 14.89,
            "equity": 4927821,
            "current_ratio": 111.71,
            "debt_ratio": 58.95,
            "inventory_turnover_ratio": 1.37,
            "account_receivable_turnover_ratio": 0.8,
            "reinvestment_rate": 197.04,
            "research_to_sale_ratio": 0.11,
            "price_fair": 57.75,
            "eps_avg_yearly": 1.65,
            "eps_latest_yearly": 1.48,
            "eps_growth_yearly": 1301.09
        },
        "20203": {
            "year_quarter": 20203,
            "year": 2020,
            "quarter": 3,
            "eps": 0.12,
            "eps_growth_year": -72.09,
            "eps_4q": 2.4,
            "eps_4q_growth_year": 420.92,
            "roe": 0.73,
            "roe_4q": 17.56,
            "gross_profit": 426127,
            "gross_margin": 12.68,
            "gross_margin_4q_avg": 14.99,
            "net_income": 36543,
            "net_income_4q": null,
            "revenue": 3361874,
            "revenue_4q": null,
            "common_shares": 3110594,
            "book_valuer_per_share": 16.23,
            "book_valuer_per_share_4q_avg": 15.43,
            "equity": 5049099,
            "current_ratio": 110.53,
            "debt_ratio": 62,
            "inventory_turnover_ratio": 1.85,
            "account_receivable_turnover_ratio": 0.97,
            "reinvestment_rate": 209.42,
            "research_to_sale_ratio": 0.06,
            "price_fair": 53.2,
            "eps_avg_yearly": 1.52,
            "eps_latest_yearly": 0.48,
            "eps_growth_yearly": 1126.5
        },
        "20204": {
            "year_quarter": 20204,
            "year": 2020,
            "quarter": 4,
            "eps": -0.02,
            "eps_growth_year": -110.26,
            "eps_4q": 2.45,
            "eps_4q_growth_year": 342.83,
            "roe": -0.12,
            "roe_4q": 15.9,
            "gross_profit": 384165,
            "gross_margin": 10.94,
            "gross_margin_4q_avg": 13.78,
            "net_income": -6152,
            "net_income_4q": null,
            "revenue": 3511955,
            "revenue_4q": null,
            "common_shares": 2775141,
            "book_valuer_per_share": 18.49,
            "book_valuer_per_share_4q_avg": 16.58,
            "equity": 5131266,
            "current_ratio": 110.42,
            "debt_ratio": 61.08,
            "inventory_turnover_ratio": 2.05,
            "account_receivable_turnover_ratio": 0.91,
            "reinvestment_rate": 301.25,
            "research_to_sale_ratio": 0.02,
            "price_fair": 53.2,
            "eps_avg_yearly": 1.52,
            "eps_latest_yearly": 0.48,
            "eps_growth_yearly": 1126.5
        },
        "20211": {
            "year_quarter": 20211,
            "year": 2021,
            "quarter": 1,
            "eps": 0.06,
            "eps_growth_year": -96.91,
            "eps_4q": 0.55,
            "eps_4q_growth_year": -79.16,
            "roe": 0.34,
            "roe_4q": 3.1799999999999997,
            "gross_profit": 305312,
            "gross_margin": 8.57,
            "gross_margin_4q_avg": 12.17,
            "net_income": 17273,
            "net_income_4q": null,
            "revenue": 3561906,
            "revenue_4q": null,
            "common_shares": 2775141,
            "book_valuer_per_share": 18.08,
            "book_valuer_per_share_4q_avg": 17.16,
            "equity": 5016301,
            "current_ratio": 95.41,
            "debt_ratio": 65.82,
            "inventory_turnover_ratio": 1.79,
            "account_receivable_turnover_ratio": 0.89,
            "reinvestment_rate": 349.91,
            "research_to_sale_ratio": 0.03,
            "price_fair": 59.15,
            "eps_avg_yearly": 1.69,
            "eps_latest_yearly": 0.48,
            "eps_growth_yearly": 1303.97
        },
        "20212": {
            "year_quarter": 20212,
            "year": 2021,
            "quarter": 2,
            "eps": 0.55,
            "eps_growth_year": 48.65,
            "eps_4q": 0.72,
            "eps_4q_growth_year": -73.02,
            "roe": 2.98,
            "roe_4q": 3.9299999999999997,
            "gross_profit": 492524,
            "gross_margin": 12.58,
            "gross_margin_4q_avg": 11.19,
            "net_income": 152184,
            "net_income_4q": null,
            "revenue": 3916222,
            "revenue_4q": null,
            "common_shares": 2775141,
            "book_valuer_per_share": 18.71,
            "book_valuer_per_share_4q_avg": 17.88,
            "equity": 5191071,
            "current_ratio": 110.17,
            "debt_ratio": 68.24,
            "inventory_turnover_ratio": 1.45,
            "account_receivable_turnover_ratio": 0.94,
            "reinvestment_rate": 212.59,
            "research_to_sale_ratio": 0.03,
            "price_fair": 66.5,
            "eps_avg_yearly": 1.9,
            "eps_latest_yearly": 2.2,
            "eps_growth_yearly": 1599.81
        },
        "20213": {
            "year_quarter": 20213,
            "year": 2021,
            "quarter": 3,
            "eps": 0.56,
            "eps_growth_year": 366.67,
            "eps_4q": 1.15,
            "eps_4q_growth_year": -52.21,
            "roe": 2.94,
            "roe_4q": 6.14,
            "gross_profit": 527718,
            "gross_margin": 12.82,
            "gross_margin_4q_avg": 11.23,
            "net_income": 154714,
            "net_income_4q": null,
            "revenue": 4117171,
            "revenue_4q": null,
            "common_shares": 2775141,
            "book_valuer_per_share": 19.19,
            "book_valuer_per_share_4q_avg": 18.62,
            "equity": 5325209,
            "current_ratio": 103.95,
            "debt_ratio": 67.26,
            "inventory_turnover_ratio": 1.24,
            "account_receivable_turnover_ratio": 0.94,
            "reinvestment_rate": 138.27,
            "research_to_sale_ratio": 0.04,
            "price_fair": 75.43,
            "eps_avg_yearly": 2.16,
            "eps_latest_yearly": 2.24,
            "eps_growth_yearly": 1631.49
        },
        "20214": {
            "year_quarter": 20214,
            "year": 2021,
            "quarter": 4,
            "eps": 0.53,
            "eps_growth_year": null,
            "eps_4q": 1.7,
            "eps_4q_growth_year": -30.72,
            "roe": 2.7,
            "roe_4q": 8.96,
            "gross_profit": 521225,
            "gross_margin": 12.54,
            "gross_margin_4q_avg": 11.63,
            "net_income": 146283,
            "net_income_4q": null,
            "revenue": 4157758,
            "revenue_4q": null,
            "common_shares": 2775141,
            "book_valuer_per_share": 19.89,
            "book_valuer_per_share_4q_avg": 18.97,
            "equity": 5520796,
            "current_ratio": 103.5,
            "debt_ratio": 68.7,
            "inventory_turnover_ratio": 1.2,
            "account_receivable_turnover_ratio": 0.91,
            "reinvestment_rate": 131.27,
            "research_to_sale_ratio": 0.03,
            "price_fair": 75.29,
            "eps_avg_yearly": 2.15,
            "eps_latest_yearly": 2.12,
            "eps_growth_yearly": 1447.83
        },
        "20221": {
            "year_quarter": 20221,
            "year": 2022,
            "quarter": 1,
            "eps": 0.6,
            "eps_growth_year": 900,
            "eps_4q": 2.23,
            "eps_4q_growth_year": 307.04,
            "roe": 2.94,
            "roe_4q": 11.56,
            "gross_profit": 517218,
            "gross_margin": 12.64,
            "gross_margin_4q_avg": 12.65,
            "net_income": 165265,
            "net_income_4q": null,
            "revenue": 4092018,
            "revenue_4q": null,
            "common_shares": 2775184,
            "book_valuer_per_share": 20.54,
            "book_valuer_per_share_4q_avg": 19.58,
            "equity": 5707056,
            "current_ratio": 112.4,
            "debt_ratio": 70.93,
            "inventory_turnover_ratio": 1.25,
            "account_receivable_turnover_ratio": 0.87,
            "reinvestment_rate": 135.99,
            "research_to_sale_ratio": 0.02,
            "price_fair": 76.16,
            "eps_avg_yearly": 2.18,
            "eps_latest_yearly": 2.4,
            "eps_growth_yearly": 1308.33
        },
        "20222": {
            "year_quarter": 20222,
            "year": 2022,
            "quarter": 2,
            "eps": 0.63,
            "eps_growth_year": 14.55,
            "eps_4q": 2.31,
            "eps_4q_growth_year": 220.2,
            "roe": 3.02,
            "roe_4q": 11.6,
            "gross_profit": 446168,
            "gross_margin": 12.43,
            "gross_margin_4q_avg": 12.61,
            "net_income": 173750,
            "net_income_4q": null,
            "revenue": 3588499,
            "revenue_4q": null,
            "common_shares": 2775184,
            "book_valuer_per_share": 20.9,
            "book_valuer_per_share_4q_avg": 20.13,
            "equity": 5806692,
            "current_ratio": 116.48,
            "debt_ratio": 69.85,
            "inventory_turnover_ratio": 1.11,
            "account_receivable_turnover_ratio": 0.8,
            "reinvestment_rate": 111.71,
            "research_to_sale_ratio": 0.04,
            "price_fair": 77.25,
            "eps_avg_yearly": 2.21,
            "eps_latest_yearly": 2.52,
            "eps_growth_yearly": 1191.21
        }
    },
    "months": {
        "2004-08": {
            "month": "2004-08",
            "price": "42.40",
            "revenue": 361004
        },
        "2004-12": {
            "month": "2004-12",
            "price": "34.05",
            "revenue": 368601
        },
        "2005-01": {
            "month": "2005-01",
            "price": "33.20",
            "revenue": 448534
        },
        "2005-02": {
            "month": "2005-02",
            "price": "30.96",
            "revenue": 424566
        },
        "2005-03": {
            "month": "2005-03",
            "price": "31.96",
            "revenue": 470406
        },
        "2005-04": {
            "month": "2005-04",
            "price": "32.24",
            "revenue": 522370
        },
        "2005-05": {
            "month": "2005-05",
            "price": "28.35",
            "revenue": 505196
        },
        "2005-06": {
            "month": "2005-06",
            "price": "32.71",
            "revenue": 537430
        },
        "2005-07": {
            "month": "2005-07",
            "price": "47.42",
            "revenue": 532004
        },
        "2005-08": {
            "month": "2005-08",
            "price": "42.62",
            "revenue": 618185
        },
        "2005-09": {
            "month": "2005-09",
            "price": "44.29",
            "revenue": 610509
        },
        "2005-10": {
            "month": "2005-10",
            "price": "45.47",
            "revenue": 738758
        },
        "2005-11": {
            "month": "2005-11",
            "price": "45.57",
            "revenue": 756173
        },
        "2005-12": {
            "month": "2005-12",
            "price": "36.22",
            "revenue": 721242
        },
        "2006-01": {
            "month": "2006-01",
            "price": "41.19",
            "revenue": 676780
        },
        "2006-02": {
            "month": "2006-02",
            "price": "41.74",
            "revenue": 617399
        },
        "2006-03": {
            "month": "2006-03",
            "price": "42.75",
            "revenue": 696235
        },
        "2006-04": {
            "month": "2006-04",
            "price": "47.15",
            "revenue": 685913
        },
        "2006-05": {
            "month": "2006-05",
            "price": "55.46",
            "revenue": 665838
        },
        "2006-06": {
            "month": "2006-06",
            "price": "48.56",
            "revenue": 620504
        },
        "2006-07": {
            "month": "2006-07",
            "price": "45.96",
            "revenue": 749063
        },
        "2006-08": {
            "month": "2006-08",
            "price": "43.51",
            "revenue": 852707
        },
        "2006-09": {
            "month": "2006-09",
            "price": "36.23",
            "revenue": 883680
        },
        "2006-10": {
            "month": "2006-10",
            "price": "35.81",
            "revenue": 977243
        },
        "2006-11": {
            "month": "2006-11",
            "price": "34.64",
            "revenue": 982870
        },
        "2006-12": {
            "month": "2006-12",
            "price": "35.02",
            "revenue": 805586
        },
        "2007-01": {
            "month": "2007-01",
            "price": "34.51",
            "revenue": 889565
        },
        "2007-02": {
            "month": "2007-02",
            "price": "34.26",
            "revenue": 665870
        },
        "2007-03": {
            "month": "2007-03",
            "price": "35.27",
            "revenue": 679044
        },
        "2007-04": {
            "month": "2007-04",
            "price": "37.25",
            "revenue": 684048
        },
        "2007-05": {
            "month": "2007-05",
            "price": "40.97",
            "revenue": 594769
        },
        "2007-06": {
            "month": "2007-06",
            "price": "46.89",
            "revenue": 728588
        },
        "2007-07": {
            "month": "2007-07",
            "price": "50.01",
            "revenue": 802566
        },
        "2007-08": {
            "month": "2007-08",
            "price": "50.58",
            "revenue": 869141
        },
        "2007-09": {
            "month": "2007-09",
            "price": "42.02",
            "revenue": 862980
        },
        "2007-10": {
            "month": "2007-10",
            "price": "39.54",
            "revenue": 1197844
        },
        "2007-11": {
            "month": "2007-11",
            "price": "33.62",
            "revenue": 1128019
        },
        "2007-12": {
            "month": "2007-12",
            "price": "31.82",
            "revenue": 988785
        },
        "2008-01": {
            "month": "2008-01",
            "price": "34.29",
            "revenue": 1075305
        },
        "2008-02": {
            "month": "2008-02",
            "price": "30.15",
            "revenue": 840225
        },
        "2008-03": {
            "month": "2008-03",
            "price": "30.37",
            "revenue": 961701
        },
        "2008-04": {
            "month": "2008-04",
            "price": "30.75",
            "revenue": 972675
        },
        "2008-05": {
            "month": "2008-05",
            "price": "34.58",
            "revenue": 1090034
        },
        "2008-06": {
            "month": "2008-06",
            "price": "32.04",
            "revenue": 1055181
        },
        "2008-07": {
            "month": "2008-07",
            "price": "29.81",
            "revenue": 1104218
        },
        "2008-08": {
            "month": "2008-08",
            "price": "29.98",
            "revenue": 1110149
        },
        "2008-09": {
            "month": "2008-09",
            "price": "25.00",
            "revenue": 1204550
        },
        "2008-10": {
            "month": "2008-10",
            "price": "16.66",
            "revenue": 1035434
        },
        "2008-11": {
            "month": "2008-11",
            "price": "11.43",
            "revenue": 633557
        },
        "2008-12": {
            "month": "2008-12",
            "price": "9.65",
            "revenue": 544418
        },
        "2009-01": {
            "month": "2009-01",
            "price": "10.84",
            "revenue": 527702
        },
        "2009-02": {
            "month": "2009-02",
            "price": "12.65",
            "revenue": 599553
        },
        "2009-03": {
            "month": "2009-03",
            "price": "16.50",
            "revenue": 845030
        },
        "2009-04": {
            "month": "2009-04",
            "price": "18.50",
            "revenue": 991756
        },
        "2009-05": {
            "month": "2009-05",
            "price": "23.41",
            "revenue": 973013
        },
        "2009-06": {
            "month": "2009-06",
            "price": "24.88",
            "revenue": 1000213
        },
        "2009-07": {
            "month": "2009-07",
            "price": "25.67",
            "revenue": 956716
        },
        "2009-08": {
            "month": "2009-08",
            "price": "27.16",
            "revenue": 1053074
        },
        "2009-09": {
            "month": "2009-09",
            "price": "33.54",
            "revenue": 1211595
        },
        "2009-10": {
            "month": "2009-10",
            "price": "35.13",
            "revenue": 1028287
        },
        "2009-11": {
            "month": "2009-11",
            "price": "32.95",
            "revenue": 1034699
        },
        "2009-12": {
            "month": "2009-12",
            "price": "35.26",
            "revenue": 1059693
        },
        "2010-01": {
            "month": "2010-01",
            "price": "36.08",
            "revenue": 1098455
        },
        "2010-02": {
            "month": "2010-02",
            "price": "32.21",
            "revenue": 876612
        },
        "2010-03": {
            "month": "2010-03",
            "price": "34.00",
            "revenue": 1119038
        },
        "2010-04": {
            "month": "2010-04",
            "price": "34.03",
            "revenue": 1022788
        },
        "2010-05": {
            "month": "2010-05",
            "price": "26.88",
            "revenue": 1264185
        },
        "2010-06": {
            "month": "2010-06",
            "price": "26.08",
            "revenue": 1211311
        },
        "2010-07": {
            "month": "2010-07",
            "price": "26.91",
            "revenue": 1159886
        },
        "2010-08": {
            "month": "2010-08",
            "price": "25.35",
            "revenue": 1074820
        },
        "2010-09": {
            "month": "2010-09",
            "price": "22.83",
            "revenue": 1025463
        },
        "2010-10": {
            "month": "2010-10",
            "price": "20.96",
            "revenue": 650039
        },
        "2010-11": {
            "month": "2010-11",
            "price": "18.16",
            "revenue": 965803
        },
        "2010-12": {
            "month": "2010-12",
            "price": "20.18",
            "revenue": 973651
        },
        "2011-01": {
            "month": "2011-01",
            "price": "19.06",
            "revenue": 916232
        },
        "2011-02": {
            "month": "2011-02",
            "price": "17.16",
            "revenue": 704611
        },
        "2011-03": {
            "month": "2011-03",
            "price": "16.28",
            "revenue": 1024659
        },
        "2011-04": {
            "month": "2011-04",
            "price": "18.43",
            "revenue": 1076289
        },
        "2011-05": {
            "month": "2011-05",
            "price": "17.11",
            "revenue": 1163180
        },
        "2011-06": {
            "month": "2011-06",
            "price": "16.71",
            "revenue": 1075379
        },
        "2011-07": {
            "month": "2011-07",
            "price": "15.23",
            "revenue": 1067414
        },
        "2011-08": {
            "month": "2011-08",
            "price": "12.04",
            "revenue": 1061351
        },
        "2011-09": {
            "month": "2011-09",
            "price": "11.31",
            "revenue": 1046752
        },
        "2011-10": {
            "month": "2011-10",
            "price": "11.72",
            "revenue": 962141
        },
        "2011-11": {
            "month": "2011-11",
            "price": "12.06",
            "revenue": 898912
        },
        "2011-12": {
            "month": "2011-12",
            "price": "10.56",
            "revenue": 795943
        },
        "2012-01": {
            "month": "2012-01",
            "price": "10.84",
            "revenue": 785850
        },
        "2012-02": {
            "month": "2012-02",
            "price": "13.15",
            "revenue": 744627
        },
        "2012-03": {
            "month": "2012-03",
            "price": "13.03",
            "revenue": 834173
        },
        "2012-04": {
            "month": "2012-04",
            "price": "11.54",
            "revenue": 894880
        },
        "2012-05": {
            "month": "2012-05",
            "price": "10.43",
            "revenue": 903592
        },
        "2012-06": {
            "month": "2012-06",
            "price": "9.78",
            "revenue": 894936
        },
        "2012-07": {
            "month": "2012-07",
            "price": "9.65",
            "revenue": 1036186
        },
        "2012-08": {
            "month": "2012-08",
            "price": "9.11",
            "revenue": 1086278
        },
        "2012-09": {
            "month": "2012-09",
            "price": "10.40",
            "revenue": 967769
        },
        "2012-10": {
            "month": "2012-10",
            "price": "9.83",
            "revenue": 897526
        },
        "2012-11": {
            "month": "2012-11",
            "price": "9.05",
            "revenue": 1012478
        },
        "2012-12": {
            "month": "2012-12",
            "price": "9.54",
            "revenue": 793146
        },
        "2013-01": {
            "month": "2013-01",
            "price": "9.48",
            "revenue": 878365
        },
        "2013-02": {
            "month": "2013-02",
            "price": "9.68",
            "revenue": 687290
        },
        "2013-03": {
            "month": "2013-03",
            "price": "9.74",
            "revenue": 839729
        },
        "2013-04": {
            "month": "2013-04",
            "price": "9.91",
            "revenue": 856980
        },
        "2013-05": {
            "month": "2013-05",
            "price": "10.70",
            "revenue": 792188
        },
        "2013-06": {
            "month": "2013-06",
            "price": "10.22",
            "revenue": 765119
        },
        "2013-07": {
            "month": "2013-07",
            "price": "9.88",
            "revenue": 854661
        },
        "2013-08": {
            "month": "2013-08",
            "price": "10.02",
            "revenue": 894433
        },
        "2013-09": {
            "month": "2013-09",
            "price": "11.82",
            "revenue": 899683
        },
        "2013-10": {
            "month": "2013-10",
            "price": "12.11",
            "revenue": 904585
        },
        "2013-11": {
            "month": "2013-11",
            "price": "10.50",
            "revenue": 884680
        },
        "2013-12": {
            "month": "2013-12",
            "price": "10.49",
            "revenue": 826073
        },
        "2014-01": {
            "month": "2014-01",
            "price": "11.36",
            "revenue": 868576
        },
        "2014-02": {
            "month": "2014-02",
            "price": "11.47",
            "revenue": 682545
        },
        "2014-03": {
            "month": "2014-03",
            "price": "11.70",
            "revenue": 830239
        },
        "2014-04": {
            "month": "2014-04",
            "price": "11.90",
            "revenue": 941157
        },
        "2014-05": {
            "month": "2014-05",
            "price": "12.91",
            "revenue": 935361
        },
        "2014-06": {
            "month": "2014-06",
            "price": "14.74",
            "revenue": 879197
        },
        "2014-07": {
            "month": "2014-07",
            "price": "16.64",
            "revenue": 865501
        },
        "2014-08": {
            "month": "2014-08",
            "price": "16.07",
            "revenue": 946278
        },
        "2014-09": {
            "month": "2014-09",
            "price": "16.34",
            "revenue": 952578
        },
        "2014-10": {
            "month": "2014-10",
            "price": "16.04",
            "revenue": 977339
        },
        "2014-11": {
            "month": "2014-11",
            "price": "14.43",
            "revenue": 966135
        },
        "2014-12": {
            "month": "2014-12",
            "price": "14.55",
            "revenue": 844418
        },
        "2015-01": {
            "month": "2015-01",
            "price": "14.63",
            "revenue": 971536
        },
        "2015-02": {
            "month": "2015-02",
            "price": "14.20",
            "revenue": 749905
        },
        "2015-03": {
            "month": "2015-03",
            "price": "14.12",
            "revenue": 799284
        },
        "2015-04": {
            "month": "2015-04",
            "price": "12.84",
            "revenue": 869038
        },
        "2015-05": {
            "month": "2015-05",
            "price": "11.16",
            "revenue": 909287
        },
        "2015-06": {
            "month": "2015-06",
            "price": "10.15",
            "revenue": 805955
        },
        "2015-07": {
            "month": "2015-07",
            "price": "9.80",
            "revenue": 971601
        },
        "2015-08": {
            "month": "2015-08",
            "price": "9.60",
            "revenue": 991314
        },
        "2015-09": {
            "month": "2015-09",
            "price": "9.71",
            "revenue": 990789
        },
        "2015-10": {
            "month": "2015-10",
            "price": "9.74",
            "revenue": 1026564
        },
        "2015-11": {
            "month": "2015-11",
            "price": "9.34",
            "revenue": 1078235
        },
        "2015-12": {
            "month": "2015-12",
            "price": "9.25",
            "revenue": 967068
        },
        "2016-01": {
            "month": "2016-01",
            "price": "9.08",
            "revenue": 1041857
        },
        "2016-02": {
            "month": "2016-02",
            "price": "9.27",
            "revenue": 827339
        },
        "2016-03": {
            "month": "2016-03",
            "price": "9.48",
            "revenue": 890447
        },
        "2016-04": {
            "month": "2016-04",
            "price": "8.83",
            "revenue": 989383
        },
        "2016-05": {
            "month": "2016-05",
            "price": "8.51",
            "revenue": 1024936
        },
        "2016-06": {
            "month": "2016-06",
            "price": "9.10",
            "revenue": 956966
        },
        "2016-07": {
            "month": "2016-07",
            "price": "9.15",
            "revenue": 1007283
        },
        "2016-08": {
            "month": "2016-08",
            "price": "10.33",
            "revenue": 1010367
        },
        "2016-09": {
            "month": "2016-09",
            "price": "10.06",
            "revenue": 1010020
        },
        "2016-10": {
            "month": "2016-10",
            "price": "9.65",
            "revenue": 986865
        },
        "2016-11": {
            "month": "2016-11",
            "price": "8.59",
            "revenue": 1031543
        },
        "2016-12": {
            "month": "2016-12",
            "price": "8.55",
            "revenue": 1009519
        },
        "2017-01": {
            "month": "2017-01",
            "price": "8.94",
            "revenue": 917817
        },
        "2017-02": {
            "month": "2017-02",
            "price": "9.14",
            "revenue": 928572
        },
        "2017-03": {
            "month": "2017-03",
            "price": "9.38",
            "revenue": 961455
        },
        "2017-04": {
            "month": "2017-04",
            "price": "9.14",
            "revenue": 913386
        },
        "2017-05": {
            "month": "2017-05",
            "price": "9.39",
            "revenue": 989903
        },
        "2017-06": {
            "month": "2017-06",
            "price": "9.35",
            "revenue": 965190
        },
        "2017-07": {
            "month": "2017-07",
            "price": "9.73",
            "revenue": 957386
        },
        "2017-08": {
            "month": "2017-08",
            "price": "12.19",
            "revenue": 996994
        },
        "2017-09": {
            "month": "2017-09",
            "price": "12.18",
            "revenue": 1014532
        },
        "2017-10": {
            "month": "2017-10",
            "price": "11.97",
            "revenue": 988855
        },
        "2017-11": {
            "month": "2017-11",
            "price": "11.85",
            "revenue": 1004335
        },
        "2017-12": {
            "month": "2017-12",
            "price": "11.87",
            "revenue": 978289
        },
        "2018-01": {
            "month": "2018-01",
            "price": "11.71",
            "revenue": 1002201
        },
        "2018-02": {
            "month": "2018-02",
            "price": "10.31",
            "revenue": 827499
        },
        "2018-03": {
            "month": "2018-03",
            "price": "10.06",
            "revenue": 965001
        },
        "2018-04": {
            "month": "2018-04",
            "price": "9.58",
            "revenue": 1012879
        },
        "2018-05": {
            "month": "2018-05",
            "price": "9.08",
            "revenue": 1099044
        },
        "2018-06": {
            "month": "2018-06",
            "price": "9.97",
            "revenue": 1047998
        },
        "2018-07": {
            "month": "2018-07",
            "price": "9.64",
            "revenue": 1212073
        },
        "2018-08": {
            "month": "2018-08",
            "price": "9.56",
            "revenue": 1186464
        },
        "2018-09": {
            "month": "2018-09",
            "price": "9.14",
            "revenue": 1182867
        },
        "2018-10": {
            "month": "2018-10",
            "price": "7.72",
            "revenue": 1220279
        },
        "2018-11": {
            "month": "2018-11",
            "price": "8.40",
            "revenue": 1160462
        },
        "2018-12": {
            "month": "2018-12",
            "price": "9.37",
            "revenue": 1107823
        },
        "2019-01": {
            "month": "2019-01",
            "price": "8.34",
            "revenue": 1159714
        },
        "2019-02": {
            "month": "2019-02",
            "price": "9.00",
            "revenue": 843317
        },
        "2019-03": {
            "month": "2019-03",
            "price": "9.86",
            "revenue": 1038070
        },
        "2019-04": {
            "month": "2019-04",
            "price": "10.03",
            "revenue": 983909
        },
        "2019-05": {
            "month": "2019-05",
            "price": "8.94",
            "revenue": 1173369
        },
        "2019-06": {
            "month": "2019-06",
            "price": "8.94",
            "revenue": 1078039
        },
        "2019-07": {
            "month": "2019-07",
            "price": "9.42",
            "revenue": 1242394
        },
        "2019-08": {
            "month": "2019-08",
            "price": "11.49",
            "revenue": 1296670
        },
        "2019-09": {
            "month": "2019-09",
            "price": "12.99",
            "revenue": 1341081
        },
        "2019-10": {
            "month": "2019-10",
            "price": "14.42",
            "revenue": 1227076
        },
        "2019-11": {
            "month": "2019-11",
            "price": "16.70",
            "revenue": 1129562
        },
        "2019-12": {
            "month": "2019-12",
            "price": "17.43",
            "revenue": 1184077
        },
        "2020-01": {
            "month": "2020-01",
            "price": "17.08",
            "revenue": 1063505
        },
        "2020-02": {
            "month": "2020-02",
            "price": "15.02",
            "revenue": 941257
        },
        "2020-03": {
            "month": "2020-03",
            "price": "14.26",
            "revenue": 1032459
        },
        "2020-04": {
            "month": "2020-04",
            "price": "17.74",
            "revenue": 930206
        },
        "2020-05": {
            "month": "2020-05",
            "price": "19.14",
            "revenue": 864377
        },
        "2020-06": {
            "month": "2020-06",
            "price": "18.13",
            "revenue": 906458
        },
        "2020-07": {
            "month": "2020-07",
            "price": "17.03",
            "revenue": 1032013
        },
        "2020-08": {
            "month": "2020-08",
            "price": "18.33",
            "revenue": 1141324
        },
        "2020-09": {
            "month": "2020-09",
            "price": "18.39",
            "revenue": 1193206
        },
        "2020-10": {
            "month": "2020-10",
            "price": "18.08",
            "revenue": 1069891
        },
        "2020-11": {
            "month": "2020-11",
            "price": "18.44",
            "revenue": 1202888
        },
        "2020-12": {
            "month": "2020-12",
            "price": "19.06",
            "revenue": 1233423
        },
        "2021-01": {
            "month": "2021-01",
            "price": "19.72",
            "revenue": 1178849
        },
        "2021-02": {
            "month": "2021-02",
            "price": "19.02",
            "revenue": 1039794
        },
        "2021-03": {
            "month": "2021-03",
            "price": "19.53",
            "revenue": 1337673
        },
        "2021-04": {
            "month": "2021-04",
            "price": "21.29",
            "revenue": 1223141
        },
        "2021-05": {
            "month": "2021-05",
            "price": "18.56",
            "revenue": 1422999
        },
        "2021-06": {
            "month": "2021-06",
            "price": "21.04",
            "revenue": 1266301
        },
        "2021-07": {
            "month": "2021-07",
            "price": "22.55",
            "revenue": 1391148
        },
        "2021-08": {
            "month": "2021-08",
            "price": "22.37",
            "revenue": 1413795
        },
        "2021-09": {
            "month": "2021-09",
            "price": "23.00",
            "revenue": 1312321
        },
        "2021-10": {
            "month": "2021-10",
            "price": "19.92",
            "revenue": 1361692
        },
        "2021-11": {
            "month": "2021-11",
            "price": "21.65",
            "revenue": 1373441
        },
        "2021-12": {
            "month": "2021-12",
            "price": "22.72",
            "revenue": 1423234
        },
        "2022-01": {
            "month": "2022-01",
            "price": "21.49",
            "revenue": 1420740
        },
        "2022-02": {
            "month": "2022-02",
            "price": "23.03",
            "revenue": 1139672
        },
        "2022-03": {
            "month": "2022-03",
            "price": "23.53",
            "revenue": 1531900
        },
        "2022-04": {
            "month": "2022-04",
            "price": "23.55",
            "revenue": 1144108
        },
        "2022-05": {
            "month": "2022-05",
            "price": "23.09",
            "revenue": 1182372
        },
        "2022-06": {
            "month": "2022-06",
            "price": "24.30",
            "revenue": 1263714
        },
        "2022-07": {
            "month": "2022-07",
            "price": "20.49",
            "revenue": 1269528
        }
    }
}
