{
    "summary": {
        "stock_name": "矽格",
        "stock_id": "6257",
        "category": "半導體",
        "main_business": "CC01080  電子零組件製造業。<br>IZ99990   其他工商服務業。<br>CC01120  資料儲存媒體製造及複製業。",
        "website_url": "http://www.sigurd.com.tw",
        "ceo": "葉燦鍊",
        "pe_ratio": 19,
        "report_year_from": 2001,
        "report_year_to": 2023,
        "age": 23,
        "eps_negative_percentage": 0,
        "eps_growth_avg": {
            "last_all": 9.07,
            "last_2y": 4.26,
            "last_4y": 10.11,
            "last_8y": 6.87,
            "last_12y": 4.68,
            "last_16y": 8.47,
            "last_20y": 9.07,
            "at_2006_last_3y": 11.61,
            "at_2007_last_3y": -9.02,
            "at_2008_last_3y": -14.12,
            "at_2009_last_3y": 9.86,
            "at_2010_last_3y": 20.82,
            "at_2011_last_3y": 17.54,
            "at_2012_last_3y": 36.29,
            "at_2013_last_3y": 19.92,
            "at_2014_last_3y": -0.27,
            "at_2015_last_3y": 1.19,
            "at_2016_last_3y": -4.4,
            "at_2017_last_3y": 5.57,
            "at_2018_last_3y": 2.83,
            "at_2019_last_3y": 11.53,
            "at_2020_last_3y": 18.43,
            "at_2021_last_3y": 23.78,
            "at_2022_last_3y": 23.46,
            "at_2023_last_3y": 10.81,
            "at_2024_last_3y": 10.81,
            "at_2006_last_all": 11.61,
            "at_2007_last_all": 5.24,
            "at_2008_last_all": -3.92,
            "at_2009_last_all": 4.25,
            "at_2010_last_all": 16.22,
            "at_2011_last_all": 10.71,
            "at_2012_last_all": 12.16,
            "at_2013_last_all": 9.94,
            "at_2014_last_all": 10.72,
            "at_2015_last_all": 7.78,
            "at_2016_last_all": 7.43,
            "at_2017_last_all": 8.78,
            "at_2018_last_all": 8.75,
            "at_2019_last_all": 8.66,
            "at_2020_last_all": 9.87,
            "at_2021_last_all": 11.94,
            "at_2022_last_all": 11.69,
            "at_2023_last_all": 9.07,
            "at_2024_last_all": 9.07
        },
        "latest_eps": 3.8,
        "latest_price": 71,
        "latest_roe": 10.92,
        "latest_gross_margin": 24.32,
        "latest_equity": 19799586,
        "latest_revenue": 4013569,
        "latest_gross_profit": 976146,
        "latest_net_income": 326017,
        "latest_debt_ratio": 47.23,
        "latest_current_ratio": 210.36,
        "latest_account_receivable_turnover_ratio": 1.03,
        "latest_inventory_turnover_ratio": 7.37,
        "latest_reinvestment_rate": 56.44,
        "latest_research_to_sale_ratio": 2.62
    },
    "eps_dividends": {
        "2001": {
            "cash": 0,
            "stock": 2,
            "eps": 0
        },
        "2002": {
            "cash": 0,
            "stock": 0,
            "eps": 2.6
        },
        "2003": {
            "cash": 0.5,
            "stock": 1.5,
            "eps": 4.22
        },
        "2004": {
            "cash": 0.81,
            "stock": 2.02,
            "eps": 2.98
        },
        "2005": {
            "cash": 1.1,
            "stock": 0.65,
            "eps": 1.71
        },
        "2006": {
            "cash": 0.51,
            "stock": 0.41,
            "eps": 2.67
        },
        "2007": {
            "cash": 1.44,
            "stock": 0.08,
            "eps": 2.13
        },
        "2008": {
            "cash": 1.08,
            "stock": 0.51,
            "eps": 1.07
        },
        "2009": {
            "cash": 0.5,
            "stock": 0,
            "eps": 1.64
        },
        "2010": {
            "cash": 1.2,
            "stock": 0,
            "eps": 3.33
        },
        "2011": {
            "cash": 3.91,
            "stock": 0,
            "eps": 2.22
        },
        "2012": {
            "cash": 0,
            "stock": 0,
            "eps": 2.78
        },
        "2013": {
            "cash": 2.1,
            "stock": 0,
            "eps": 2.44
        },
        "2014": {
            "cash": 1.8,
            "stock": 0,
            "eps": 2.91
        },
        "2015": {
            "cash": 2.1,
            "stock": 0,
            "eps": 2.11
        },
        "2016": {
            "cash": 1.6,
            "stock": 0,
            "eps": 2.17
        },
        "2017": {
            "cash": 1.65,
            "stock": 0,
            "eps": 2.77
        },
        "2018": {
            "cash": 1.82,
            "stock": 0,
            "eps": 3
        },
        "2019": {
            "cash": 2.06,
            "stock": 0,
            "eps": 3.22
        },
        "2020": {
            "cash": 2.2,
            "stock": 0,
            "eps": 4.2
        },
        "2021": {
            "cash": 2.9,
            "stock": 0,
            "eps": 6.26
        },
        "2022": {
            "cash": 4.1,
            "stock": 0,
            "eps": 6.7
        },
        "2023": {
            "cash": 4.2,
            "stock": 0,
            "eps": 3.8
        },
        "2024": {
            "cash": 2.68,
            "stock": 0,
            "eps": 0
        }
    },
    "dividends": {
        "2001-03-28": {
            "cash": 0,
            "stock": 2
        },
        "2003-03-14": {
            "cash": 0.5,
            "stock": 1.5
        },
        "2004-02-24": {
            "cash": 0.81,
            "stock": 2.02
        },
        "2005-03-28": {
            "cash": 1.1,
            "stock": 0.65
        },
        "2006-03-20": {
            "cash": 0.51,
            "stock": 0.41
        },
        "2007-03-22": {
            "cash": 1.44,
            "stock": 0.08
        },
        "2008-03-21": {
            "cash": 1.08,
            "stock": 0.51
        },
        "2009-03-18": {
            "cash": 0.5,
            "stock": 0
        },
        "2010-03-17": {
            "cash": 1.2,
            "stock": 0
        },
        "2011-01-01": {
            "cash": 1.64,
            "stock": 0
        },
        "2011-06-22": {
            "cash": 2.27,
            "stock": 0
        },
        "2013-03-08": {
            "cash": 2.1,
            "stock": 0
        },
        "2014-08-08": {
            "cash": 1.8,
            "stock": 0
        },
        "2015-08-11": {
            "cash": 2.1,
            "stock": 0
        },
        "2016-08-17": {
            "cash": 1.6,
            "stock": 0
        },
        "2017-08-25": {
            "cash": 1.65,
            "stock": 0
        },
        "2018-07-27": {
            "cash": 1.82,
            "stock": 0
        },
        "2019-03-14": {
            "cash": 2.06,
            "stock": 0
        },
        "2020-08-14": {
            "cash": 2.2,
            "stock": 0
        },
        "2021-09-03": {
            "cash": 2.9,
            "stock": 0
        },
        "2022-08-03": {
            "cash": 4.1,
            "stock": 0
        },
        "2023-08-16": {
            "cash": 4.2,
            "stock": 0
        },
        "2024-02-29": {
            "cash": 2.68,
            "stock": 0
        }
    },
    "prices": {
        "200101": "無",
        "200102": "無",
        "200103": "無",
        "200104": "無",
        "200105": "無",
        "200106": "無",
        "200107": "無",
        "200108": "無",
        "200109": "無",
        "200110": "無",
        "200111": "無",
        "200112": "無",
        "200201": "無",
        "200202": "無",
        "200203": "無",
        "200204": "無",
        "200205": "無",
        "200206": "無",
        "200207": "無",
        "200208": "無",
        "200209": "無",
        "200210": "無",
        "200211": "無",
        "200212": "無",
        "200301": "無",
        "200302": "無",
        "200303": "無",
        "200304": "無",
        "200305": "無",
        "200306": "無",
        "200307": "無",
        "200308": "37.98",
        "200309": "58.31",
        "200310": "49.63",
        "200311": "46.00",
        "200312": "47.44",
        "200401": "49.38",
        "200402": "53.06",
        "200403": "51.94",
        "200404": "47.18",
        "200405": "33.84",
        "200406": "30.46",
        "200407": "28.07",
        "200408": "22.90",
        "200409": "22.14",
        "200410": "20.64",
        "200411": "21.45",
        "200412": "21.32",
        "200501": "19.35",
        "200502": "20.02",
        "200503": "20.94",
        "200504": "20.73",
        "200505": "18.31",
        "200506": "19.59",
        "200507": "20.96",
        "200508": "20.00",
        "200509": "15.81",
        "200510": "14.94",
        "200511": "16.05",
        "200512": "20.92",
        "200601": "21.81",
        "200602": "20.09",
        "200603": "19.57",
        "200604": "23.51",
        "200605": "21.33",
        "200606": "18.77",
        "200607": "18.00",
        "200608": "18.39",
        "200609": "19.49",
        "200610": "19.75",
        "200611": "20.03",
        "200612": "21.01",
        "200701": "22.85",
        "200702": "22.39",
        "200703": "22.07",
        "200704": "22.82",
        "200705": "20.40",
        "200706": "23.90",
        "200707": "27.74",
        "200708": "23.11",
        "200709": "22.22",
        "200710": "23.12",
        "200711": "19.88",
        "200712": "17.06",
        "200801": "15.65",
        "200802": "16.45",
        "200803": "17.07",
        "200804": "18.83",
        "200805": "18.54",
        "200806": "16.58",
        "200807": "15.10",
        "200808": "15.20",
        "200809": "12.25",
        "200810": "10.04",
        "200811": "7.31",
        "200812": "6.86",
        "200901": "6.83",
        "200902": "7.13",
        "200903": "9.35",
        "200904": "10.80",
        "200905": "11.50",
        "200906": "12.34",
        "200907": "12.97",
        "200908": "16.20",
        "200909": "17.38",
        "200910": "17.48",
        "200911": "17.94",
        "200912": "19.73",
        "201001": "19.71",
        "201002": "17.44",
        "201003": "19.96",
        "201004": "24.34",
        "201005": "24.01",
        "201006": "24.27",
        "201007": "25.83",
        "201008": "24.67",
        "201009": "25.79",
        "201010": "26.05",
        "201011": "26.16",
        "201012": "27.68",
        "201101": "28.47",
        "201102": "28.08",
        "201103": "26.70",
        "201104": "27.00",
        "201105": "26.44",
        "201106": "26.49",
        "201107": "24.93",
        "201108": "20.50",
        "201109": "20.32",
        "201110": "21.34",
        "201111": "20.49",
        "201112": "18.58",
        "201201": "19.64",
        "201202": "22.08",
        "201203": "24.61",
        "201204": "23.14",
        "201205": "22.19",
        "201206": "21.67",
        "201207": "21.94",
        "201208": "23.80",
        "201209": "25.05",
        "201210": "24.21",
        "201211": "23.31",
        "201212": "25.24",
        "201301": "26.05",
        "201302": "26.62",
        "201303": "29.01",
        "201304": "30.80",
        "201305": "29.58",
        "201306": "26.13",
        "201307": "24.88",
        "201308": "26.83",
        "201309": "28.65",
        "201310": "28.75",
        "201311": "29.35",
        "201312": "28.28",
        "201401": "28.97",
        "201402": "28.75",
        "201403": "29.27",
        "201404": "30.39",
        "201405": "30.82",
        "201406": "34.97",
        "201407": "36.46",
        "201408": "33.74",
        "201409": "32.24",
        "201410": "29.09",
        "201411": "28.88",
        "201412": "29.66",
        "201501": "30.54",
        "201502": "30.20",
        "201503": "31.05",
        "201504": "29.32",
        "201505": "28.10",
        "201506": "27.20",
        "201507": "25.75",
        "201508": "21.55",
        "201509": "20.98",
        "201510": "21.57",
        "201511": "22.56",
        "201512": "21.85",
        "201601": "20.71",
        "201602": "22.35",
        "201603": "24.07",
        "201604": "24.14",
        "201605": "22.68",
        "201606": "23.58",
        "201607": "24.12",
        "201608": "23.85",
        "201609": "23.79",
        "201610": "23.83",
        "201611": "23.34",
        "201612": "23.42",
        "201701": "23.80",
        "201702": "26.07",
        "201703": "27.48",
        "201704": "26.85",
        "201705": "26.76",
        "201706": "27.20",
        "201707": "27.81",
        "201708": "26.48",
        "201709": "25.99",
        "201710": "26.18",
        "201711": "29.65",
        "201712": "31.83",
        "201801": "35.67",
        "201802": "36.30",
        "201803": "37.40",
        "201804": "36.23",
        "201805": "36.47",
        "201806": "38.24",
        "201807": "35.95",
        "201808": "34.97",
        "201809": "33.99",
        "201810": "29.81",
        "201811": "28.94",
        "201812": "28.29",
        "201901": "27.62",
        "201902": "29.13",
        "201903": "29.73",
        "201904": "30.97",
        "201905": "29.10",
        "201906": "29.19",
        "201907": "29.77",
        "201908": "29.64",
        "201909": "34.16",
        "201910": "35.46",
        "201911": "36.27",
        "201912": "36.59",
        "202001": "36.65",
        "202002": "35.09",
        "202003": "32.51",
        "202004": "34.31",
        "202005": "37.58",
        "202006": "38.47",
        "202007": "44.04",
        "202008": "41.54",
        "202009": "38.84",
        "202010": "38.69",
        "202011": "41.44",
        "202012": "45.43",
        "202101": "48.62",
        "202102": "50.66",
        "202103": "51.73",
        "202104": "52.17",
        "202105": "49.36",
        "202106": "53.75",
        "202107": "59.46",
        "202108": "64.84",
        "202109": "63.34",
        "202110": "56.74",
        "202111": "60.37",
        "202112": "58.67",
        "202201": "58.46",
        "202202": "58.10",
        "202203": "58.41",
        "202204": "57.61",
        "202205": "59.08",
        "202206": "58.70",
        "202207": "50.25",
        "202208": "50.57",
        "202209": "46.71",
        "202210": "45.21",
        "202211": "49.34",
        "202212": "49.37",
        "202301": "49.39",
        "202302": "52.12",
        "202303": "55.56",
        "202304": "54.32",
        "202305": "53.50",
        "202306": "55.56",
        "202307": "56.84",
        "202308": "53.25",
        "202309": "57.68",
        "202310": "59.34",
        "202311": "61.10",
        "202312": "66.72",
        "202401": "65.98",
        "202402": "69.09",
        "202403": "70.78",
        "202404": "無"
    },
    "quarters": {
        "20011": {
            "year_quarter": 20011,
            "year": 2001,
            "quarter": 1,
            "eps": null,
            "eps_growth_year": null,
            "eps_4q": null,
            "eps_4q_growth_year": null,
            "roe": null,
            "roe_4q": 0,
            "gross_profit": null,
            "gross_margin": null,
            "gross_margin_4q_avg": 0,
            "net_income": null,
            "net_income_4q": null,
            "revenue": null,
            "revenue_4q": null,
            "common_shares": null,
            "book_valuer_per_share": null,
            "book_valuer_per_share_4q_avg": 0,
            "equity": null,
            "current_ratio": null,
            "debt_ratio": null,
            "inventory_turnover_ratio": null,
            "account_receivable_turnover_ratio": null,
            "reinvestment_rate": null,
            "research_to_sale_ratio": null,
            "price_fair": 0,
            "eps_avg_yearly": 0,
            "eps_latest_yearly": 0,
            "eps_growth_yearly": 0
        },
        "20012": {
            "year_quarter": 20012,
            "year": 2001,
            "quarter": 2,
            "eps": null,
            "eps_growth_year": null,
            "eps_4q": null,
            "eps_4q_growth_year": null,
            "roe": null,
            "roe_4q": 0,
            "gross_profit": null,
            "gross_margin": null,
            "gross_margin_4q_avg": 0,
            "net_income": null,
            "net_income_4q": null,
            "revenue": null,
            "revenue_4q": null,
            "common_shares": null,
            "book_valuer_per_share": null,
            "book_valuer_per_share_4q_avg": 0,
            "equity": null,
            "current_ratio": null,
            "debt_ratio": null,
            "inventory_turnover_ratio": null,
            "account_receivable_turnover_ratio": null,
            "reinvestment_rate": null,
            "research_to_sale_ratio": null,
            "price_fair": 0,
            "eps_avg_yearly": 0,
            "eps_latest_yearly": 0,
            "eps_growth_yearly": 0
        },
        "20013": {
            "year_quarter": 20013,
            "year": 2001,
            "quarter": 3,
            "eps": null,
            "eps_growth_year": null,
            "eps_4q": null,
            "eps_4q_growth_year": null,
            "roe": null,
            "roe_4q": 0,
            "gross_profit": null,
            "gross_margin": null,
            "gross_margin_4q_avg": 0,
            "net_income": null,
            "net_income_4q": null,
            "revenue": null,
            "revenue_4q": null,
            "common_shares": null,
            "book_valuer_per_share": null,
            "book_valuer_per_share_4q_avg": 0,
            "equity": null,
            "current_ratio": null,
            "debt_ratio": null,
            "inventory_turnover_ratio": null,
            "account_receivable_turnover_ratio": null,
            "reinvestment_rate": null,
            "research_to_sale_ratio": null,
            "price_fair": 0,
            "eps_avg_yearly": 0,
            "eps_latest_yearly": 0,
            "eps_growth_yearly": 0
        },
        "20014": {
            "year_quarter": 20014,
            "year": 2001,
            "quarter": 4,
            "eps": null,
            "eps_growth_year": null,
            "eps_4q": null,
            "eps_4q_growth_year": null,
            "roe": null,
            "roe_4q": 0,
            "gross_profit": null,
            "gross_margin": null,
            "gross_margin_4q_avg": 0,
            "net_income": null,
            "net_income_4q": null,
            "revenue": null,
            "revenue_4q": null,
            "common_shares": 910926,
            "book_valuer_per_share": 15.17,
            "book_valuer_per_share_4q_avg": 3.79,
            "equity": 1382034,
            "current_ratio": 125.14,
            "debt_ratio": 26.31,
            "inventory_turnover_ratio": null,
            "account_receivable_turnover_ratio": null,
            "reinvestment_rate": null,
            "research_to_sale_ratio": null,
            "price_fair": 0,
            "eps_avg_yearly": 0,
            "eps_latest_yearly": 0,
            "eps_growth_yearly": 0
        },
        "20021": {
            "year_quarter": 20021,
            "year": 2002,
            "quarter": 1,
            "eps": 0.51,
            "eps_growth_year": null,
            "eps_4q": null,
            "eps_4q_growth_year": null,
            "roe": 3.32,
            "roe_4q": 3.32,
            "gross_profit": 73827,
            "gross_margin": 28.41,
            "gross_margin_4q_avg": 7.1,
            "net_income": 46670,
            "net_income_4q": null,
            "revenue": 259880,
            "revenue_4q": null,
            "common_shares": 910926,
            "book_valuer_per_share": 15.68,
            "book_valuer_per_share_4q_avg": 7.71,
            "equity": 1428704,
            "current_ratio": 111.81,
            "debt_ratio": 24.64,
            "inventory_turnover_ratio": 12.01,
            "account_receivable_turnover_ratio": null,
            "reinvestment_rate": null,
            "research_to_sale_ratio": null,
            "price_fair": 0,
            "eps_avg_yearly": 0,
            "eps_latest_yearly": 0,
            "eps_growth_yearly": 0
        },
        "20022": {
            "year_quarter": 20022,
            "year": 2002,
            "quarter": 2,
            "eps": 0.69,
            "eps_growth_year": null,
            "eps_4q": null,
            "eps_4q_growth_year": null,
            "roe": 4.29,
            "roe_4q": 7.609999999999999,
            "gross_profit": 73347,
            "gross_margin": 26.48,
            "gross_margin_4q_avg": 13.72,
            "net_income": 62563,
            "net_income_4q": null,
            "revenue": 276944,
            "revenue_4q": null,
            "common_shares": 910926,
            "book_valuer_per_share": 16.37,
            "book_valuer_per_share_4q_avg": 11.81,
            "equity": 1491267,
            "current_ratio": 98.36,
            "debt_ratio": 41.39,
            "inventory_turnover_ratio": 13.14,
            "account_receivable_turnover_ratio": null,
            "reinvestment_rate": null,
            "research_to_sale_ratio": null,
            "price_fair": 96.6,
            "eps_avg_yearly": 2.76,
            "eps_latest_yearly": 2.76,
            "eps_growth_yearly": 141.18
        },
        "20023": {
            "year_quarter": 20023,
            "year": 2002,
            "quarter": 3,
            "eps": 0.73,
            "eps_growth_year": null,
            "eps_4q": null,
            "eps_4q_growth_year": null,
            "roe": 4.38,
            "roe_4q": 11.99,
            "gross_profit": 94546,
            "gross_margin": 32.99,
            "gross_margin_4q_avg": 21.97,
            "net_income": 66760,
            "net_income_4q": null,
            "revenue": 286560,
            "revenue_4q": null,
            "common_shares": 910926,
            "book_valuer_per_share": 17.1,
            "book_valuer_per_share_4q_avg": 16.08,
            "equity": 1558026,
            "current_ratio": 69.03,
            "debt_ratio": 38.76,
            "inventory_turnover_ratio": 10.84,
            "account_receivable_turnover_ratio": null,
            "reinvestment_rate": null,
            "research_to_sale_ratio": null,
            "price_fair": 99.4,
            "eps_avg_yearly": 2.84,
            "eps_latest_yearly": 2.92,
            "eps_growth_yearly": 82.18
        },
        "20024": {
            "year_quarter": 20024,
            "year": 2002,
            "quarter": 4,
            "eps": 0.67,
            "eps_growth_year": null,
            "eps_4q": 2.6,
            "eps_4q_growth_year": null,
            "roe": 3.86,
            "roe_4q": 15.850000000000001,
            "gross_profit": 126736,
            "gross_margin": 35.28,
            "gross_margin_4q_avg": 30.79,
            "net_income": 61239,
            "net_income_4q": null,
            "revenue": 359201,
            "revenue_4q": null,
            "common_shares": 910926,
            "book_valuer_per_share": 17.73,
            "book_valuer_per_share_4q_avg": 16.72,
            "equity": 1614965,
            "current_ratio": 81.85,
            "debt_ratio": 43.79,
            "inventory_turnover_ratio": 12.37,
            "account_receivable_turnover_ratio": null,
            "reinvestment_rate": null,
            "research_to_sale_ratio": null,
            "price_fair": 97.53,
            "eps_avg_yearly": 2.79,
            "eps_latest_yearly": 2.68,
            "eps_growth_yearly": 43.83
        },
        "20031": {
            "year_quarter": 20031,
            "year": 2003,
            "quarter": 1,
            "eps": 0.83,
            "eps_growth_year": 62.75,
            "eps_4q": 2.92,
            "eps_4q_growth_year": null,
            "roe": 4.57,
            "roe_4q": 17.099999999999998,
            "gross_profit": 126572,
            "gross_margin": 34.73,
            "gross_margin_4q_avg": 32.37,
            "net_income": 75509,
            "net_income_4q": null,
            "revenue": 364410,
            "revenue_4q": null,
            "common_shares": 910926,
            "book_valuer_per_share": 18.56,
            "book_valuer_per_share_4q_avg": 17.44,
            "equity": 1690473,
            "current_ratio": 87.47,
            "debt_ratio": 38.53,
            "inventory_turnover_ratio": 10.32,
            "account_receivable_turnover_ratio": null,
            "reinvestment_rate": null,
            "research_to_sale_ratio": null,
            "price_fair": 102.2,
            "eps_avg_yearly": 2.92,
            "eps_latest_yearly": 3.32,
            "eps_growth_yearly": 56.75
        },
        "20032": {
            "year_quarter": 20032,
            "year": 2003,
            "quarter": 2,
            "eps": 1.23,
            "eps_growth_year": 78.26,
            "eps_4q": 3.47,
            "eps_4q_growth_year": null,
            "roe": 6.51,
            "roe_4q": 19.32,
            "gross_profit": 162603,
            "gross_margin": 38.57,
            "gross_margin_4q_avg": 35.39,
            "net_income": 111753,
            "net_income_4q": null,
            "revenue": 421553,
            "revenue_4q": null,
            "common_shares": 910926,
            "book_valuer_per_share": 19.14,
            "book_valuer_per_share_4q_avg": 18.13,
            "equity": 1743935,
            "current_ratio": 89.84,
            "debt_ratio": 38.25,
            "inventory_turnover_ratio": 9.42,
            "account_receivable_turnover_ratio": null,
            "reinvestment_rate": null,
            "research_to_sale_ratio": null,
            "price_fair": 116.2,
            "eps_avg_yearly": 3.32,
            "eps_latest_yearly": 4.92,
            "eps_growth_yearly": 83.96
        },
        "20033": {
            "year_quarter": 20033,
            "year": 2003,
            "quarter": 3,
            "eps": 0.99,
            "eps_growth_year": 35.62,
            "eps_4q": 3.31,
            "eps_4q_growth_year": null,
            "roe": 5.9,
            "roe_4q": 20.84,
            "gross_profit": 162698,
            "gross_margin": 36.03,
            "gross_margin_4q_avg": 36.15,
            "net_income": 105982,
            "net_income_4q": null,
            "revenue": 451544,
            "revenue_4q": null,
            "common_shares": 910926,
            "book_valuer_per_share": 20.28,
            "book_valuer_per_share_4q_avg": 18.93,
            "equity": 1846910,
            "current_ratio": 104.6,
            "debt_ratio": 33.72,
            "inventory_turnover_ratio": 8.51,
            "account_receivable_turnover_ratio": null,
            "reinvestment_rate": null,
            "research_to_sale_ratio": null,
            "price_fair": 119.93,
            "eps_avg_yearly": 3.43,
            "eps_latest_yearly": 3.96,
            "eps_growth_yearly": 56.96
        },
        "20034": {
            "year_quarter": 20034,
            "year": 2003,
            "quarter": 4,
            "eps": 1.17,
            "eps_growth_year": 74.63,
            "eps_4q": 3.93,
            "eps_4q_growth_year": 51.45,
            "roe": 6.52,
            "roe_4q": 23.5,
            "gross_profit": 202279,
            "gross_margin": 38.23,
            "gross_margin_4q_avg": 36.89,
            "net_income": 124265,
            "net_income_4q": null,
            "revenue": 529167,
            "revenue_4q": null,
            "common_shares": 1066198,
            "book_valuer_per_share": 18.46,
            "book_valuer_per_share_4q_avg": 19.11,
            "equity": 1967683,
            "current_ratio": 191.72,
            "debt_ratio": 34.16,
            "inventory_turnover_ratio": 7.09,
            "account_receivable_turnover_ratio": null,
            "reinvestment_rate": null,
            "research_to_sale_ratio": null,
            "price_fair": 126.2,
            "eps_avg_yearly": 3.61,
            "eps_latest_yearly": 4.68,
            "eps_growth_yearly": 59.21
        },
        "20041": {
            "year_quarter": 20041,
            "year": 2004,
            "quarter": 1,
            "eps": 1.1,
            "eps_growth_year": 32.53,
            "eps_4q": 4.11,
            "eps_4q_growth_year": 40.61,
            "roe": 5.63,
            "roe_4q": 24.559999999999995,
            "gross_profit": 184255,
            "gross_margin": 35.38,
            "gross_margin_4q_avg": 37.05,
            "net_income": 124883,
            "net_income_4q": null,
            "revenue": 520730,
            "revenue_4q": null,
            "common_shares": 1166198,
            "book_valuer_per_share": 21.17,
            "book_valuer_per_share_4q_avg": 19.76,
            "equity": 2469010,
            "current_ratio": 299,
            "debt_ratio": 29.07,
            "inventory_turnover_ratio": 5.78,
            "account_receivable_turnover_ratio": null,
            "reinvestment_rate": null,
            "research_to_sale_ratio": null,
            "price_fair": 129.68,
            "eps_avg_yearly": 3.71,
            "eps_latest_yearly": 4.4,
            "eps_growth_yearly": 48.82
        },
        "20042": {
            "year_quarter": 20042,
            "year": 2004,
            "quarter": 2,
            "eps": 0.68,
            "eps_growth_year": -44.72,
            "eps_4q": 3.2,
            "eps_4q_growth_year": -7.83,
            "roe": 3.92,
            "roe_4q": 21.97,
            "gross_profit": 160875,
            "gross_margin": 31.91,
            "gross_margin_4q_avg": 35.39,
            "net_income": 95892,
            "net_income_4q": null,
            "revenue": 504118,
            "revenue_4q": null,
            "common_shares": 1166198,
            "book_valuer_per_share": 20.82,
            "book_valuer_per_share_4q_avg": 20.18,
            "equity": 2428411,
            "current_ratio": 184.52,
            "debt_ratio": 33.07,
            "inventory_turnover_ratio": 5.25,
            "account_receivable_turnover_ratio": null,
            "reinvestment_rate": null,
            "research_to_sale_ratio": null,
            "price_fair": 125.84,
            "eps_avg_yearly": 3.6,
            "eps_latest_yearly": 2.72,
            "eps_growth_yearly": 26.42
        },
        "20043": {
            "year_quarter": 20043,
            "year": 2004,
            "quarter": 3,
            "eps": 0.7,
            "eps_growth_year": -29.29,
            "eps_4q": 3.14,
            "eps_4q_growth_year": -5.15,
            "roe": 4.01,
            "roe_4q": 20.08,
            "gross_profit": 159241,
            "gross_margin": 32.03,
            "gross_margin_4q_avg": 34.39,
            "net_income": 98961,
            "net_income_4q": null,
            "revenue": 497212,
            "revenue_4q": null,
            "common_shares": 1419062,
            "book_valuer_per_share": 17.71,
            "book_valuer_per_share_4q_avg": 19.54,
            "equity": 2512618,
            "current_ratio": 177.33,
            "debt_ratio": 33.33,
            "inventory_turnover_ratio": 5.16,
            "account_receivable_turnover_ratio": null,
            "reinvestment_rate": null,
            "research_to_sale_ratio": null,
            "price_fair": 122.91,
            "eps_avg_yearly": 3.52,
            "eps_latest_yearly": 2.8,
            "eps_growth_yearly": 24.96
        },
        "20044": {
            "year_quarter": 20044,
            "year": 2004,
            "quarter": 4,
            "eps": 0.5,
            "eps_growth_year": -57.26,
            "eps_4q": 2.75,
            "eps_4q_growth_year": -30.03,
            "roe": 2.79,
            "roe_4q": 16.349999999999998,
            "gross_profit": 109901,
            "gross_margin": 24.65,
            "gross_margin_4q_avg": 30.99,
            "net_income": 71033,
            "net_income_4q": null,
            "revenue": 445810,
            "revenue_4q": null,
            "common_shares": 1419062,
            "book_valuer_per_share": 18.14,
            "book_valuer_per_share_4q_avg": 19.46,
            "equity": 2574506,
            "current_ratio": 125.48,
            "debt_ratio": 32.37,
            "inventory_turnover_ratio": 5.35,
            "account_receivable_turnover_ratio": null,
            "reinvestment_rate": null,
            "research_to_sale_ratio": null,
            "price_fair": 75.33,
            "eps_avg_yearly": 3.38,
            "eps_latest_yearly": 2,
            "eps_growth_yearly": 12.3
        },
        "20051": {
            "year_quarter": 20051,
            "year": 2005,
            "quarter": 1,
            "eps": 0.15,
            "eps_growth_year": -86.36,
            "eps_4q": 1.97,
            "eps_4q_growth_year": -52.14,
            "roe": 0.82,
            "roe_4q": 11.54,
            "gross_profit": 60339,
            "gross_margin": 15.47,
            "gross_margin_4q_avg": 26.02,
            "net_income": 21937,
            "net_income_4q": null,
            "revenue": 389946,
            "revenue_4q": null,
            "common_shares": 1573062,
            "book_valuer_per_share": 17.49,
            "book_valuer_per_share_4q_avg": 18.54,
            "equity": 2750720,
            "current_ratio": 255.72,
            "debt_ratio": 43.88,
            "inventory_turnover_ratio": 5.52,
            "account_receivable_turnover_ratio": null,
            "reinvestment_rate": null,
            "research_to_sale_ratio": null,
            "price_fair": 9.44,
            "eps_avg_yearly": 3.15,
            "eps_latest_yearly": 0.6,
            "eps_growth_yearly": -12.06
        },
        "20052": {
            "year_quarter": 20052,
            "year": 2005,
            "quarter": 2,
            "eps": 0.23,
            "eps_growth_year": -66.18,
            "eps_4q": 1.49,
            "eps_4q_growth_year": -53.46,
            "roe": 1.31,
            "roe_4q": 8.93,
            "gross_profit": 92042,
            "gross_margin": 18.35,
            "gross_margin_4q_avg": 22.63,
            "net_income": 35078,
            "net_income_4q": null,
            "revenue": 501566,
            "revenue_4q": null,
            "common_shares": 1573062,
            "book_valuer_per_share": 16.44,
            "book_valuer_per_share_4q_avg": 17.45,
            "equity": 2586561,
            "current_ratio": 188.64,
            "debt_ratio": 43.63,
            "inventory_turnover_ratio": 6.84,
            "account_receivable_turnover_ratio": null,
            "reinvestment_rate": null,
            "research_to_sale_ratio": null,
            "price_fair": 45.46,
            "eps_avg_yearly": 2.98,
            "eps_latest_yearly": 0.92,
            "eps_growth_yearly": 5.28
        },
        "20053": {
            "year_quarter": 20053,
            "year": 2005,
            "quarter": 3,
            "eps": 0.51,
            "eps_growth_year": -27.14,
            "eps_4q": 1.27,
            "eps_4q_growth_year": -59.51,
            "roe": 3.25,
            "roe_4q": 8.170000000000002,
            "gross_profit": 165164,
            "gross_margin": 27.47,
            "gross_margin_4q_avg": 21.49,
            "net_income": 85744,
            "net_income_4q": null,
            "revenue": 601297,
            "revenue_4q": null,
            "common_shares": 1704817,
            "book_valuer_per_share": 15.76,
            "book_valuer_per_share_4q_avg": 16.96,
            "equity": 2687484,
            "current_ratio": 170.05,
            "debt_ratio": 41.8,
            "inventory_turnover_ratio": 6.75,
            "account_receivable_turnover_ratio": null,
            "reinvestment_rate": null,
            "research_to_sale_ratio": null,
            "price_fair": 101.8,
            "eps_avg_yearly": 2.91,
            "eps_latest_yearly": 2.04,
            "eps_growth_yearly": 39.68
        },
        "20054": {
            "year_quarter": 20054,
            "year": 2005,
            "quarter": 4,
            "eps": 0.82,
            "eps_growth_year": 64,
            "eps_4q": 1.67,
            "eps_4q_growth_year": -39.37,
            "roe": 4.76,
            "roe_4q": 10.14,
            "gross_profit": 212163,
            "gross_margin": 30.49,
            "gross_margin_4q_avg": 22.95,
            "net_income": 138104,
            "net_income_4q": null,
            "revenue": 695761,
            "revenue_4q": null,
            "common_shares": 1857598,
            "book_valuer_per_share": 16.49,
            "book_valuer_per_share_4q_avg": 16.55,
            "equity": 3114246,
            "current_ratio": 149.82,
            "debt_ratio": 36.95,
            "inventory_turnover_ratio": 6.12,
            "account_receivable_turnover_ratio": null,
            "reinvestment_rate": 164.21,
            "research_to_sale_ratio": null,
            "price_fair": 102.67,
            "eps_avg_yearly": 2.93,
            "eps_latest_yearly": 3.28,
            "eps_growth_yearly": 53.25
        },
        "20061": {
            "year_quarter": 20061,
            "year": 2006,
            "quarter": 1,
            "eps": 0.31,
            "eps_growth_year": 106.67,
            "eps_4q": 1.69,
            "eps_4q_growth_year": -14.11,
            "roe": 1.84,
            "roe_4q": 11.16,
            "gross_profit": 102747,
            "gross_margin": 18.44,
            "gross_margin_4q_avg": 23.69,
            "net_income": 58150,
            "net_income_4q": null,
            "revenue": 557309,
            "revenue_4q": null,
            "common_shares": 1899517,
            "book_valuer_per_share": 16.79,
            "book_valuer_per_share_4q_avg": 16.37,
            "equity": 3189285,
            "current_ratio": 160.8,
            "debt_ratio": 34.77,
            "inventory_turnover_ratio": 5.37,
            "account_receivable_turnover_ratio": null,
            "reinvestment_rate": 141.78,
            "research_to_sale_ratio": null,
            "price_fair": 98.96,
            "eps_avg_yearly": 2.83,
            "eps_latest_yearly": 1.24,
            "eps_growth_yearly": 34.37
        },
        "20062": {
            "year_quarter": 20062,
            "year": 2006,
            "quarter": 2,
            "eps": 0.76,
            "eps_growth_year": 230.43,
            "eps_4q": 2.21,
            "eps_4q_growth_year": 48.81,
            "roe": 4.06,
            "roe_4q": 13.91,
            "gross_profit": 217794,
            "gross_margin": 29.38,
            "gross_margin_4q_avg": 26.45,
            "net_income": 147306,
            "net_income_4q": null,
            "revenue": 741209,
            "revenue_4q": null,
            "common_shares": 2479060,
            "book_valuer_per_share": 16.39,
            "book_valuer_per_share_4q_avg": 16.36,
            "equity": 4062546,
            "current_ratio": 119.75,
            "debt_ratio": 39.72,
            "inventory_turnover_ratio": 6.73,
            "account_receivable_turnover_ratio": null,
            "reinvestment_rate": 211.67,
            "research_to_sale_ratio": null,
            "price_fair": 99.58,
            "eps_avg_yearly": 2.85,
            "eps_latest_yearly": 3.04,
            "eps_growth_yearly": 61.84
        },
        "20063": {
            "year_quarter": 20063,
            "year": 2006,
            "quarter": 3,
            "eps": 0.85,
            "eps_growth_year": 66.67,
            "eps_4q": 2.39,
            "eps_4q_growth_year": 87.67,
            "roe": 4.56,
            "roe_4q": 15.219999999999999,
            "gross_profit": 277753,
            "gross_margin": 29.5,
            "gross_margin_4q_avg": 26.95,
            "net_income": 190067,
            "net_income_4q": null,
            "revenue": 941404,
            "revenue_4q": null,
            "common_shares": 2599899,
            "book_valuer_per_share": 16.44,
            "book_valuer_per_share_4q_avg": 16.53,
            "equity": 4273030,
            "current_ratio": 140.05,
            "debt_ratio": 37.22,
            "inventory_turnover_ratio": 9.06,
            "account_receivable_turnover_ratio": null,
            "reinvestment_rate": 184.44,
            "research_to_sale_ratio": null,
            "price_fair": 100.63,
            "eps_avg_yearly": 2.88,
            "eps_latest_yearly": 3.4,
            "eps_growth_yearly": 63.35
        },
        "20064": {
            "year_quarter": 20064,
            "year": 2006,
            "quarter": 4,
            "eps": 0.75,
            "eps_growth_year": -8.54,
            "eps_4q": 2.46,
            "eps_4q_growth_year": 47.57,
            "roe": 3.95,
            "roe_4q": 14.41,
            "gross_profit": 252615,
            "gross_margin": 27.61,
            "gross_margin_4q_avg": 26.23,
            "net_income": 173381,
            "net_income_4q": null,
            "revenue": 914875,
            "revenue_4q": null,
            "common_shares": 2601649,
            "book_valuer_per_share": 17.12,
            "book_valuer_per_share_4q_avg": 16.69,
            "equity": 4504121,
            "current_ratio": 177.25,
            "debt_ratio": 32.85,
            "inventory_turnover_ratio": 7.99,
            "account_receivable_turnover_ratio": null,
            "reinvestment_rate": 177.48,
            "research_to_sale_ratio": null,
            "price_fair": 101.33,
            "eps_avg_yearly": 2.9,
            "eps_latest_yearly": 3,
            "eps_growth_yearly": 62.46
        },
        "20071": {
            "year_quarter": 20071,
            "year": 2007,
            "quarter": 1,
            "eps": 0.11,
            "eps_growth_year": -64.52,
            "eps_4q": 1.95,
            "eps_4q_growth_year": 15.25,
            "roe": 0.64,
            "roe_4q": 13.209999999999997,
            "gross_profit": 133027,
            "gross_margin": 17.49,
            "gross_margin_4q_avg": 26,
            "net_income": 30566,
            "net_income_4q": null,
            "revenue": 760506,
            "revenue_4q": null,
            "common_shares": 2911997,
            "book_valuer_per_share": 17.25,
            "book_valuer_per_share_4q_avg": 16.8,
            "equity": 5022263,
            "current_ratio": 190.39,
            "debt_ratio": 24.87,
            "inventory_turnover_ratio": 7.74,
            "account_receivable_turnover_ratio": null,
            "reinvestment_rate": 164.93,
            "research_to_sale_ratio": null,
            "price_fair": 95.03,
            "eps_avg_yearly": 2.72,
            "eps_latest_yearly": 0.44,
            "eps_growth_yearly": 35.16
        },
        "20072": {
            "year_quarter": 20072,
            "year": 2007,
            "quarter": 2,
            "eps": 0.51,
            "eps_growth_year": -32.89,
            "eps_4q": 1.89,
            "eps_4q_growth_year": -14.77,
            "roe": 3,
            "roe_4q": 12.149999999999999,
            "gross_profit": 257932,
            "gross_margin": 27.32,
            "gross_margin_4q_avg": 25.48,
            "net_income": 145854,
            "net_income_4q": null,
            "revenue": 944047,
            "revenue_4q": null,
            "common_shares": 2912687,
            "book_valuer_per_share": 16.12,
            "book_valuer_per_share_4q_avg": 16.73,
            "equity": 4696194,
            "current_ratio": 112.9,
            "debt_ratio": 34.49,
            "inventory_turnover_ratio": 11.41,
            "account_receivable_turnover_ratio": null,
            "reinvestment_rate": 175.75,
            "research_to_sale_ratio": null,
            "price_fair": 88.73,
            "eps_avg_yearly": 2.54,
            "eps_latest_yearly": 2.04,
            "eps_growth_yearly": 114.02
        },
        "20073": {
            "year_quarter": 20073,
            "year": 2007,
            "quarter": 3,
            "eps": 0.82,
            "eps_growth_year": -3.53,
            "eps_4q": 2.03,
            "eps_4q_growth_year": -15.13,
            "roe": 4.86,
            "roe_4q": 12.45,
            "gross_profit": 343993,
            "gross_margin": 32.2,
            "gross_margin_4q_avg": 26.16,
            "net_income": 237973,
            "net_income_4q": null,
            "revenue": 1068261,
            "revenue_4q": null,
            "common_shares": 2956418,
            "book_valuer_per_share": 17.22,
            "book_valuer_per_share_4q_avg": 16.93,
            "equity": 5090266,
            "current_ratio": 153.86,
            "debt_ratio": 34.33,
            "inventory_turnover_ratio": 14.26,
            "account_receivable_turnover_ratio": null,
            "reinvestment_rate": 173.97,
            "research_to_sale_ratio": null,
            "price_fair": 87.24,
            "eps_avg_yearly": 2.49,
            "eps_latest_yearly": 3.28,
            "eps_growth_yearly": 134.09
        },
        "20074": {
            "year_quarter": 20074,
            "year": 2007,
            "quarter": 4,
            "eps": 0.69,
            "eps_growth_year": -8,
            "eps_4q": 2.11,
            "eps_4q_growth_year": -14.36,
            "roe": 3.9,
            "roe_4q": 12.4,
            "gross_profit": 278070,
            "gross_margin": 27.06,
            "gross_margin_4q_avg": 26.02,
            "net_income": 201722,
            "net_income_4q": null,
            "revenue": 1027761,
            "revenue_4q": null,
            "common_shares": 2963768,
            "book_valuer_per_share": 17.61,
            "book_valuer_per_share_4q_avg": 17.05,
            "equity": 5249109,
            "current_ratio": 165.54,
            "debt_ratio": 33.2,
            "inventory_turnover_ratio": 13.46,
            "account_receivable_turnover_ratio": null,
            "reinvestment_rate": 190.79,
            "research_to_sale_ratio": null,
            "price_fair": 83.04,
            "eps_avg_yearly": 2.37,
            "eps_latest_yearly": 2.76,
            "eps_growth_yearly": 125.58
        },
        "20081": {
            "year_quarter": 20081,
            "year": 2008,
            "quarter": 1,
            "eps": 0.15,
            "eps_growth_year": 36.36,
            "eps_4q": 2.14,
            "eps_4q_growth_year": 9.61,
            "roe": 0.85,
            "roe_4q": 12.61,
            "gross_profit": 147693,
            "gross_margin": 16.88,
            "gross_margin_4q_avg": 25.87,
            "net_income": 44284,
            "net_income_4q": null,
            "revenue": 874807,
            "revenue_4q": null,
            "common_shares": 2967028,
            "book_valuer_per_share": 17.49,
            "book_valuer_per_share_4q_avg": 17.11,
            "equity": 5217380,
            "current_ratio": 154.37,
            "debt_ratio": 32.29,
            "inventory_turnover_ratio": 10.69,
            "account_receivable_turnover_ratio": null,
            "reinvestment_rate": 199.88,
            "research_to_sale_ratio": null,
            "price_fair": 74.73,
            "eps_avg_yearly": 2.14,
            "eps_latest_yearly": 0.6,
            "eps_growth_yearly": 107.52
        },
        "20082": {
            "year_quarter": 20082,
            "year": 2008,
            "quarter": 2,
            "eps": 0.45,
            "eps_growth_year": -11.76,
            "eps_4q": 2.13,
            "eps_4q_growth_year": 13.03,
            "roe": 2.55,
            "roe_4q": 12.16,
            "gross_profit": 249644,
            "gross_margin": 23.92,
            "gross_margin_4q_avg": 25.02,
            "net_income": 129979,
            "net_income_4q": null,
            "revenue": 1043857,
            "revenue_4q": null,
            "common_shares": 2968388,
            "book_valuer_per_share": 16.65,
            "book_valuer_per_share_4q_avg": 17.24,
            "equity": 4971100,
            "current_ratio": 125.52,
            "debt_ratio": 37.23,
            "inventory_turnover_ratio": 10.87,
            "account_receivable_turnover_ratio": null,
            "reinvestment_rate": 176.97,
            "research_to_sale_ratio": null,
            "price_fair": 72.71,
            "eps_avg_yearly": 2.08,
            "eps_latest_yearly": 1.8,
            "eps_growth_yearly": 167.06
        },
        "20083": {
            "year_quarter": 20083,
            "year": 2008,
            "quarter": 3,
            "eps": 0.58,
            "eps_growth_year": -29.27,
            "eps_4q": 1.8,
            "eps_4q_growth_year": -10.92,
            "roe": 3.48,
            "roe_4q": 10.78,
            "gross_profit": 324951,
            "gross_margin": 28.29,
            "gross_margin_4q_avg": 24.04,
            "net_income": 179488,
            "net_income_4q": null,
            "revenue": 1148478,
            "revenue_4q": null,
            "common_shares": 3155182,
            "book_valuer_per_share": 16.29,
            "book_valuer_per_share_4q_avg": 17.01,
            "equity": 5347210,
            "current_ratio": 136.15,
            "debt_ratio": 34.67,
            "inventory_turnover_ratio": 10.17,
            "account_receivable_turnover_ratio": null,
            "reinvestment_rate": 165.93,
            "research_to_sale_ratio": null,
            "price_fair": 71.66,
            "eps_avg_yearly": 2.05,
            "eps_latest_yearly": 2.32,
            "eps_growth_yearly": 173.55
        },
        "20084": {
            "year_quarter": 20084,
            "year": 2008,
            "quarter": 4,
            "eps": -0.11,
            "eps_growth_year": -115.94,
            "eps_4q": 1.09,
            "eps_4q_growth_year": -48.43,
            "roe": -0.84,
            "roe_4q": 6.039999999999999,
            "gross_profit": 39818,
            "gross_margin": 4.83,
            "gross_margin_4q_avg": 18.48,
            "net_income": -44967,
            "net_income_4q": null,
            "revenue": 824171,
            "revenue_4q": null,
            "common_shares": 3135182,
            "book_valuer_per_share": 16.3,
            "book_valuer_per_share_4q_avg": 16.68,
            "equity": 5311506,
            "current_ratio": 173.7,
            "debt_ratio": 37.7,
            "inventory_turnover_ratio": 9.19,
            "account_receivable_turnover_ratio": 2,
            "reinvestment_rate": 161.4,
            "research_to_sale_ratio": null,
            "price_fair": 71.77,
            "eps_avg_yearly": 2.05,
            "eps_latest_yearly": 2.32,
            "eps_growth_yearly": 192.74
        },
        "20091": {
            "year_quarter": 20091,
            "year": 2009,
            "quarter": 1,
            "eps": -0.06,
            "eps_growth_year": -140,
            "eps_4q": 0.82,
            "eps_4q_growth_year": -61.49,
            "roe": -0.48,
            "roe_4q": 4.71,
            "gross_profit": 38463,
            "gross_margin": 5.7,
            "gross_margin_4q_avg": 15.69,
            "net_income": -25280,
            "net_income_4q": null,
            "revenue": 674254,
            "revenue_4q": null,
            "common_shares": 3135182,
            "book_valuer_per_share": 16.3,
            "book_valuer_per_share_4q_avg": 16.39,
            "equity": 5314744,
            "current_ratio": 202.51,
            "debt_ratio": 33.88,
            "inventory_turnover_ratio": 9.48,
            "account_receivable_turnover_ratio": 0.89,
            "reinvestment_rate": 145.55,
            "research_to_sale_ratio": null,
            "price_fair": 75.4,
            "eps_avg_yearly": 2.15,
            "eps_latest_yearly": 2.32,
            "eps_growth_yearly": 226.5
        },
        "20092": {
            "year_quarter": 20092,
            "year": 2009,
            "quarter": 2,
            "eps": 0.48,
            "eps_growth_year": 6.67,
            "eps_4q": 0.91,
            "eps_4q_growth_year": -57.13,
            "roe": 2.72,
            "roe_4q": 4.880000000000001,
            "gross_profit": 280528,
            "gross_margin": 29.76,
            "gross_margin_4q_avg": 17.15,
            "net_income": 144145,
            "net_income_4q": null,
            "revenue": 942634,
            "revenue_4q": null,
            "common_shares": 3135182,
            "book_valuer_per_share": 16.28,
            "book_valuer_per_share_4q_avg": 16.29,
            "equity": 5296845,
            "current_ratio": 187.86,
            "debt_ratio": 36.11,
            "inventory_turnover_ratio": 12.11,
            "account_receivable_turnover_ratio": 1.15,
            "reinvestment_rate": 127.62,
            "research_to_sale_ratio": null,
            "price_fair": 78.72,
            "eps_avg_yearly": 2.25,
            "eps_latest_yearly": 2.32,
            "eps_growth_yearly": 227.52
        },
        "20093": {
            "year_quarter": 20093,
            "year": 2009,
            "quarter": 3,
            "eps": 0.5,
            "eps_growth_year": -13.79,
            "eps_4q": 0.85,
            "eps_4q_growth_year": -52.85,
            "roe": 2.72,
            "roe_4q": 4.120000000000001,
            "gross_profit": 297923,
            "gross_margin": 30.2,
            "gross_margin_4q_avg": 17.62,
            "net_income": 146420,
            "net_income_4q": null,
            "revenue": 986568,
            "revenue_4q": null,
            "common_shares": 3135182,
            "book_valuer_per_share": 16.84,
            "book_valuer_per_share_4q_avg": 16.43,
            "equity": 5459979,
            "current_ratio": 211.98,
            "debt_ratio": 33.36,
            "inventory_turnover_ratio": 13.79,
            "account_receivable_turnover_ratio": 1.03,
            "reinvestment_rate": 98.09,
            "research_to_sale_ratio": null,
            "price_fair": 78.62,
            "eps_avg_yearly": 2.25,
            "eps_latest_yearly": 2,
            "eps_growth_yearly": 191.34
        },
        "20094": {
            "year_quarter": 20094,
            "year": 2009,
            "quarter": 4,
            "eps": 0.72,
            "eps_growth_year": null,
            "eps_4q": 1.63,
            "eps_4q_growth_year": 49.6,
            "roe": 4.01,
            "roe_4q": 8.97,
            "gross_profit": 402438,
            "gross_margin": 35.11,
            "gross_margin_4q_avg": 25.19,
            "net_income": 223821,
            "net_income_4q": null,
            "revenue": 1146283,
            "revenue_4q": null,
            "common_shares": 3137776,
            "book_valuer_per_share": 17.77,
            "book_valuer_per_share_4q_avg": 16.8,
            "equity": 5701832,
            "current_ratio": 202.12,
            "debt_ratio": 31.8,
            "inventory_turnover_ratio": 15.41,
            "account_receivable_turnover_ratio": 2.04,
            "reinvestment_rate": 105.67,
            "research_to_sale_ratio": null,
            "price_fair": 77.54,
            "eps_avg_yearly": 2.22,
            "eps_latest_yearly": 2.88,
            "eps_growth_yearly": 186.18
        },
        "20101": {
            "year_quarter": 20101,
            "year": 2010,
            "quarter": 1,
            "eps": 0.75,
            "eps_growth_year": null,
            "eps_4q": 2.44,
            "eps_4q_growth_year": 196.87,
            "roe": 3.79,
            "roe_4q": 13.24,
            "gross_profit": 347140,
            "gross_margin": 31.57,
            "gross_margin_4q_avg": 31.66,
            "net_income": 224577,
            "net_income_4q": null,
            "revenue": 1099477,
            "revenue_4q": null,
            "common_shares": 3139606,
            "book_valuer_per_share": 19.22,
            "book_valuer_per_share_4q_avg": 17.53,
            "equity": 6148403,
            "current_ratio": 282.13,
            "debt_ratio": 35.34,
            "inventory_turnover_ratio": 10.79,
            "account_receivable_turnover_ratio": 0.96,
            "reinvestment_rate": 108.34,
            "research_to_sale_ratio": 2.7,
            "price_fair": 82.28,
            "eps_avg_yearly": 2.35,
            "eps_latest_yearly": 3,
            "eps_growth_yearly": 206.59
        },
        "20102": {
            "year_quarter": 20102,
            "year": 2010,
            "quarter": 2,
            "eps": 1.17,
            "eps_growth_year": 144.33,
            "eps_4q": 3.14,
            "eps_4q_growth_year": 242.79,
            "roe": 5.84,
            "roe_4q": 16.36,
            "gross_profit": 518703,
            "gross_margin": 38.96,
            "gross_margin_4q_avg": 33.96,
            "net_income": 359942,
            "net_income_4q": null,
            "revenue": 1331254,
            "revenue_4q": null,
            "common_shares": 3140434,
            "book_valuer_per_share": 19.16,
            "book_valuer_per_share_4q_avg": 18.25,
            "equity": 6181021,
            "current_ratio": 247.96,
            "debt_ratio": 37.09,
            "inventory_turnover_ratio": 7.02,
            "account_receivable_turnover_ratio": 1.06,
            "reinvestment_rate": 54.09,
            "research_to_sale_ratio": 2.53,
            "price_fair": 86.69,
            "eps_avg_yearly": 2.48,
            "eps_latest_yearly": 4.68,
            "eps_growth_yearly": 179.16
        },
        "20103": {
            "year_quarter": 20103,
            "year": 2010,
            "quarter": 3,
            "eps": 0.88,
            "eps_growth_year": 75.41,
            "eps_4q": 3.35,
            "eps_4q_growth_year": 294.14,
            "roe": 4.4,
            "roe_4q": 18.04,
            "gross_profit": 398896,
            "gross_margin": 31.05,
            "gross_margin_4q_avg": 34.17,
            "net_income": 284852,
            "net_income_4q": null,
            "revenue": 1284830,
            "revenue_4q": null,
            "common_shares": 3329460,
            "book_valuer_per_share": 19.79,
            "book_valuer_per_share_4q_avg": 18.99,
            "equity": 6770531,
            "current_ratio": 288.76,
            "debt_ratio": 30.41,
            "inventory_turnover_ratio": 7.65,
            "account_receivable_turnover_ratio": 0.98,
            "reinvestment_rate": 47.91,
            "research_to_sale_ratio": 2.78,
            "price_fair": 87.02,
            "eps_avg_yearly": 2.49,
            "eps_latest_yearly": 3.52,
            "eps_growth_yearly": 167.89
        },
        "20104": {
            "year_quarter": 20104,
            "year": 2010,
            "quarter": 4,
            "eps": 0.53,
            "eps_growth_year": -26.81,
            "eps_4q": 3.11,
            "eps_4q_growth_year": 91.46,
            "roe": 2.54,
            "roe_4q": 16.57,
            "gross_profit": 337708,
            "gross_margin": 29.39,
            "gross_margin_4q_avg": 32.74,
            "net_income": 175392,
            "net_income_4q": null,
            "revenue": 1149176,
            "revenue_4q": null,
            "common_shares": 3453625,
            "book_valuer_per_share": 19.99,
            "book_valuer_per_share_4q_avg": 19.54,
            "equity": 7065981,
            "current_ratio": 299.56,
            "debt_ratio": 27.72,
            "inventory_turnover_ratio": 9.98,
            "account_receivable_turnover_ratio": 0.96,
            "reinvestment_rate": 26.36,
            "research_to_sale_ratio": 3.17,
            "price_fair": 84.65,
            "eps_avg_yearly": 2.42,
            "eps_latest_yearly": 2.12,
            "eps_growth_yearly": 159.27
        },
        "20111": {
            "year_quarter": 20111,
            "year": 2011,
            "quarter": 1,
            "eps": 0.61,
            "eps_growth_year": -18.67,
            "eps_4q": 2.96,
            "eps_4q_growth_year": 21.22,
            "roe": 2.88,
            "roe_4q": 15.66,
            "gross_profit": 309445,
            "gross_margin": 27.78,
            "gross_margin_4q_avg": 31.8,
            "net_income": 208956,
            "net_income_4q": null,
            "revenue": 1113791,
            "revenue_4q": null,
            "common_shares": 3554838,
            "book_valuer_per_share": 20.42,
            "book_valuer_per_share_4q_avg": 19.84,
            "equity": 7438379,
            "current_ratio": 349.3,
            "debt_ratio": 25.93,
            "inventory_turnover_ratio": 9.94,
            "account_receivable_turnover_ratio": 0.99,
            "reinvestment_rate": 32.08,
            "research_to_sale_ratio": 3.34,
            "price_fair": 90.03,
            "eps_avg_yearly": 2.57,
            "eps_latest_yearly": 2.44,
            "eps_growth_yearly": 190.17
        },
        "20112": {
            "year_quarter": 20112,
            "year": 2011,
            "quarter": 2,
            "eps": 0.6,
            "eps_growth_year": -49.15,
            "eps_4q": 2.53,
            "eps_4q_growth_year": -19.36,
            "roe": 2.89,
            "roe_4q": 12.709999999999999,
            "gross_profit": 326785,
            "gross_margin": 28.3,
            "gross_margin_4q_avg": 29.13,
            "net_income": 205615,
            "net_income_4q": null,
            "revenue": 1154875,
            "revenue_4q": null,
            "common_shares": 3583278,
            "book_valuer_per_share": 18.59,
            "book_valuer_per_share_4q_avg": 19.7,
            "equity": 6779254,
            "current_ratio": 217.3,
            "debt_ratio": 33.88,
            "inventory_turnover_ratio": 9.47,
            "account_receivable_turnover_ratio": 1.03,
            "reinvestment_rate": 18.71,
            "research_to_sale_ratio": 2.84,
            "price_fair": 91,
            "eps_avg_yearly": 2.6,
            "eps_latest_yearly": 2.4,
            "eps_growth_yearly": 77.78
        },
        "20113": {
            "year_quarter": 20113,
            "year": 2011,
            "quarter": 3,
            "eps": 0.51,
            "eps_growth_year": -41.9,
            "eps_4q": 2.22,
            "eps_4q_growth_year": -33.85,
            "roe": 2.52,
            "roe_4q": 10.829999999999998,
            "gross_profit": 344416,
            "gross_margin": 29.86,
            "gross_margin_4q_avg": 28.83,
            "net_income": 173923,
            "net_income_4q": null,
            "revenue": 1153405,
            "revenue_4q": null,
            "common_shares": 3595462,
            "book_valuer_per_share": 19.19,
            "book_valuer_per_share_4q_avg": 19.55,
            "equity": 7001926,
            "current_ratio": 284.12,
            "debt_ratio": 27.32,
            "inventory_turnover_ratio": 8.73,
            "account_receivable_turnover_ratio": 1,
            "reinvestment_rate": 11.06,
            "research_to_sale_ratio": 3.01,
            "price_fair": 87.66,
            "eps_avg_yearly": 2.5,
            "eps_latest_yearly": 2.04,
            "eps_growth_yearly": 54.46
        },
        "20114": {
            "year_quarter": 20114,
            "year": 2011,
            "quarter": 4,
            "eps": 0.5,
            "eps_growth_year": -5.43,
            "eps_4q": 2.22,
            "eps_4q_growth_year": -28.83,
            "roe": 2.39,
            "roe_4q": 10.68,
            "gross_profit": 317271,
            "gross_margin": 28.74,
            "gross_margin_4q_avg": 28.67,
            "net_income": 168587,
            "net_income_4q": null,
            "revenue": 1104086,
            "revenue_4q": null,
            "common_shares": 3596671,
            "book_valuer_per_share": 19.65,
            "book_valuer_per_share_4q_avg": 19.46,
            "equity": 7120158,
            "current_ratio": 291.22,
            "debt_ratio": 26.32,
            "inventory_turnover_ratio": 8.55,
            "account_receivable_turnover_ratio": 0.95,
            "reinvestment_rate": -11.07,
            "research_to_sale_ratio": 3.49,
            "price_fair": 85.62,
            "eps_avg_yearly": 2.45,
            "eps_latest_yearly": 2,
            "eps_growth_yearly": 58.74
        },
        "20121": {
            "year_quarter": 20121,
            "year": 2012,
            "quarter": 1,
            "eps": 0.47,
            "eps_growth_year": -22.95,
            "eps_4q": 2.05,
            "eps_4q_growth_year": -30.55,
            "roe": 2.25,
            "roe_4q": 10.05,
            "gross_profit": 283336,
            "gross_margin": 27.28,
            "gross_margin_4q_avg": 28.55,
            "net_income": 162894,
            "net_income_4q": null,
            "revenue": 1038799,
            "revenue_4q": null,
            "common_shares": 3648429,
            "book_valuer_per_share": 20.03,
            "book_valuer_per_share_4q_avg": 19.37,
            "equity": 7340071,
            "current_ratio": 303.38,
            "debt_ratio": 24.01,
            "inventory_turnover_ratio": 8.57,
            "account_receivable_turnover_ratio": 0.94,
            "reinvestment_rate": -13.33,
            "research_to_sale_ratio": 3.23,
            "price_fair": 89.06,
            "eps_avg_yearly": 2.54,
            "eps_latest_yearly": 1.88,
            "eps_growth_yearly": 80.97
        },
        "20122": {
            "year_quarter": 20122,
            "year": 2012,
            "quarter": 2,
            "eps": 0.68,
            "eps_growth_year": 13.59,
            "eps_4q": 2.14,
            "eps_4q_growth_year": -15.33,
            "roe": 3.31,
            "roe_4q": 10.47,
            "gross_profit": 364935,
            "gross_margin": 31.19,
            "gross_margin_4q_avg": 29.27,
            "net_income": 236957,
            "net_income_4q": null,
            "revenue": 1170048,
            "revenue_4q": null,
            "common_shares": 3649033,
            "book_valuer_per_share": 19.07,
            "book_valuer_per_share_4q_avg": 19.49,
            "equity": 6995978,
            "current_ratio": 231.56,
            "debt_ratio": 27.85,
            "inventory_turnover_ratio": 6.55,
            "account_receivable_turnover_ratio": 1.02,
            "reinvestment_rate": -11.92,
            "research_to_sale_ratio": 3.04,
            "price_fair": 91.54,
            "eps_avg_yearly": 2.62,
            "eps_latest_yearly": 2.72,
            "eps_growth_yearly": 33.18
        },
        "20123": {
            "year_quarter": 20123,
            "year": 2012,
            "quarter": 3,
            "eps": 0.77,
            "eps_growth_year": 50.34,
            "eps_4q": 2.4,
            "eps_4q_growth_year": 8.01,
            "roe": 3.79,
            "roe_4q": 11.74,
            "gross_profit": 450126,
            "gross_margin": 34.25,
            "gross_margin_4q_avg": 30.37,
            "net_income": 270576,
            "net_income_4q": null,
            "revenue": 1314346,
            "revenue_4q": null,
            "common_shares": 3662051,
            "book_valuer_per_share": 19.78,
            "book_valuer_per_share_4q_avg": 19.63,
            "equity": 7265875,
            "current_ratio": 265.32,
            "debt_ratio": 26.66,
            "inventory_turnover_ratio": 6.09,
            "account_receivable_turnover_ratio": 1.01,
            "reinvestment_rate": -17.5,
            "research_to_sale_ratio": 2.94,
            "price_fair": 93.58,
            "eps_avg_yearly": 2.67,
            "eps_latest_yearly": 3.08,
            "eps_growth_yearly": 28.36
        },
        "20124": {
            "year_quarter": 20124,
            "year": 2012,
            "quarter": 4,
            "eps": 0.86,
            "eps_growth_year": 72.2,
            "eps_4q": 2.76,
            "eps_4q_growth_year": 24.69,
            "roe": 3.84,
            "roe_4q": 13.19,
            "gross_profit": 368699,
            "gross_margin": 26.91,
            "gross_margin_4q_avg": 29.91,
            "net_income": 285641,
            "net_income_4q": null,
            "revenue": 1369902,
            "revenue_4q": null,
            "common_shares": 3664595,
            "book_valuer_per_share": 20.64,
            "book_valuer_per_share_4q_avg": 19.88,
            "equity": 7610805,
            "current_ratio": 260.52,
            "debt_ratio": 27.57,
            "inventory_turnover_ratio": 8.53,
            "account_receivable_turnover_ratio": 1.01,
            "reinvestment_rate": -5.16,
            "research_to_sale_ratio": 3.43,
            "price_fair": 95.5,
            "eps_avg_yearly": 2.73,
            "eps_latest_yearly": 3.44,
            "eps_growth_yearly": 29.68
        },
        "20131": {
            "year_quarter": 20131,
            "year": 2013,
            "quarter": 1,
            "eps": 0.44,
            "eps_growth_year": -6.38,
            "eps_4q": 2.73,
            "eps_4q_growth_year": 33.04,
            "roe": 1.9,
            "roe_4q": 12.840000000000002,
            "gross_profit": 258741,
            "gross_margin": 21.45,
            "gross_margin_4q_avg": 28.45,
            "net_income": 145353,
            "net_income_4q": null,
            "revenue": 1206213,
            "revenue_4q": null,
            "common_shares": 3664595,
            "book_valuer_per_share": 20.93,
            "book_valuer_per_share_4q_avg": 20.11,
            "equity": 7707748,
            "current_ratio": 244.56,
            "debt_ratio": 26.92,
            "inventory_turnover_ratio": 6.73,
            "account_receivable_turnover_ratio": 0.94,
            "reinvestment_rate": -15.01,
            "research_to_sale_ratio": 2.91,
            "price_fair": 65.74,
            "eps_avg_yearly": 2.66,
            "eps_latest_yearly": 1.76,
            "eps_growth_yearly": 14.68
        },
        "20132": {
            "year_quarter": 20132,
            "year": 2013,
            "quarter": 2,
            "eps": 0.72,
            "eps_growth_year": 6.28,
            "eps_4q": 2.78,
            "eps_4q_growth_year": 29.82,
            "roe": 3.34,
            "roe_4q": 12.870000000000001,
            "gross_profit": 401497,
            "gross_margin": 29.38,
            "gross_margin_4q_avg": 28,
            "net_income": 247962,
            "net_income_4q": null,
            "revenue": 1366771,
            "revenue_4q": null,
            "common_shares": 3664595,
            "book_valuer_per_share": 19.48,
            "book_valuer_per_share_4q_avg": 20.21,
            "equity": 7152101,
            "current_ratio": 197.19,
            "debt_ratio": 33.33,
            "inventory_turnover_ratio": 6.01,
            "account_receivable_turnover_ratio": 1.06,
            "reinvestment_rate": -11.32,
            "research_to_sale_ratio": 2.77,
            "price_fair": 93.71,
            "eps_avg_yearly": 2.68,
            "eps_latest_yearly": 2.88,
            "eps_growth_yearly": 29.67
        },
        "20133": {
            "year_quarter": 20133,
            "year": 2013,
            "quarter": 3,
            "eps": 0.74,
            "eps_growth_year": -3.4,
            "eps_4q": 2.76,
            "eps_4q_growth_year": 15.16,
            "roe": 3.61,
            "roe_4q": 12.69,
            "gross_profit": 456195,
            "gross_margin": 32.73,
            "gross_margin_4q_avg": 27.62,
            "net_income": 262844,
            "net_income_4q": null,
            "revenue": 1393901,
            "revenue_4q": null,
            "common_shares": 3664595,
            "book_valuer_per_share": 20.21,
            "book_valuer_per_share_4q_avg": 20.32,
            "equity": 7408346,
            "current_ratio": 263.49,
            "debt_ratio": 32.43,
            "inventory_turnover_ratio": 5.91,
            "account_receivable_turnover_ratio": 1.02,
            "reinvestment_rate": -3.45,
            "research_to_sale_ratio": 3.21,
            "price_fair": 95.81,
            "eps_avg_yearly": 2.74,
            "eps_latest_yearly": 2.96,
            "eps_growth_yearly": 29.32
        },
        "20134": {
            "year_quarter": 20134,
            "year": 2013,
            "quarter": 4,
            "eps": 0.54,
            "eps_growth_year": -37.58,
            "eps_4q": 2.42,
            "eps_4q_growth_year": -12.47,
            "roe": 2.41,
            "roe_4q": 11.26,
            "gross_profit": 356385,
            "gross_margin": 28.01,
            "gross_margin_4q_avg": 27.89,
            "net_income": 182437,
            "net_income_4q": null,
            "revenue": 1272341,
            "revenue_4q": null,
            "common_shares": 3664595,
            "book_valuer_per_share": 20.86,
            "book_valuer_per_share_4q_avg": 20.37,
            "equity": 7702123,
            "current_ratio": 271.4,
            "debt_ratio": 31.55,
            "inventory_turnover_ratio": 5.4,
            "account_receivable_turnover_ratio": 0.96,
            "reinvestment_rate": -22,
            "research_to_sale_ratio": 3.46,
            "price_fair": 58.06,
            "eps_avg_yearly": 2.69,
            "eps_latest_yearly": 2.16,
            "eps_growth_yearly": 11.56
        },
        "20141": {
            "year_quarter": 20141,
            "year": 2014,
            "quarter": 1,
            "eps": 0.65,
            "eps_growth_year": 47.73,
            "eps_4q": 2.63,
            "eps_4q_growth_year": -3.64,
            "roe": 3,
            "roe_4q": 12.36,
            "gross_profit": 385995,
            "gross_margin": 31.47,
            "gross_margin_4q_avg": 30.4,
            "net_income": 234871,
            "net_income_4q": null,
            "revenue": 1226660,
            "revenue_4q": null,
            "common_shares": 3664595,
            "book_valuer_per_share": 21.51,
            "book_valuer_per_share_4q_avg": 20.52,
            "equity": 7938597,
            "current_ratio": 298.45,
            "debt_ratio": 31.55,
            "inventory_turnover_ratio": 5.02,
            "account_receivable_turnover_ratio": 0.97,
            "reinvestment_rate": -22.61,
            "research_to_sale_ratio": 3.2,
            "price_fair": 68.33,
            "eps_avg_yearly": 2.67,
            "eps_latest_yearly": 2.6,
            "eps_growth_yearly": 15.61
        },
        "20142": {
            "year_quarter": 20142,
            "year": 2014,
            "quarter": 2,
            "eps": 0.83,
            "eps_growth_year": 15.28,
            "eps_4q": 2.75,
            "eps_4q_growth_year": -0.94,
            "roe": 3.73,
            "roe_4q": 12.75,
            "gross_profit": 475930,
            "gross_margin": 35.28,
            "gross_margin_4q_avg": 31.87,
            "net_income": 289728,
            "net_income_4q": null,
            "revenue": 1349150,
            "revenue_4q": null,
            "common_shares": 3631095,
            "book_valuer_per_share": 20.59,
            "book_valuer_per_share_4q_avg": 20.79,
            "equity": 7589134,
            "current_ratio": 261.79,
            "debt_ratio": 36.47,
            "inventory_turnover_ratio": 6.18,
            "account_receivable_turnover_ratio": 1.01,
            "reinvestment_rate": -31.13,
            "research_to_sale_ratio": 2.95,
            "price_fair": 47.87,
            "eps_avg_yearly": 2.58,
            "eps_latest_yearly": 3.32,
            "eps_growth_yearly": 8.54
        },
        "20143": {
            "year_quarter": 20143,
            "year": 2014,
            "quarter": 3,
            "eps": 0.81,
            "eps_growth_year": 9.46,
            "eps_4q": 2.82,
            "eps_4q_growth_year": 2.34,
            "roe": 3.69,
            "roe_4q": 12.83,
            "gross_profit": 483152,
            "gross_margin": 35.23,
            "gross_margin_4q_avg": 32.5,
            "net_income": 285062,
            "net_income_4q": null,
            "revenue": 1371441,
            "revenue_4q": null,
            "common_shares": 3631095,
            "book_valuer_per_share": 21.38,
            "book_valuer_per_share_4q_avg": 21.09,
            "equity": 7871009,
            "current_ratio": 250,
            "debt_ratio": 33.96,
            "inventory_turnover_ratio": 8.15,
            "account_receivable_turnover_ratio": 0.98,
            "reinvestment_rate": -18.82,
            "research_to_sale_ratio": 3,
            "price_fair": 61.9,
            "eps_avg_yearly": 2.57,
            "eps_latest_yearly": 3.24,
            "eps_growth_yearly": 14.13
        },
        "20144": {
            "year_quarter": 20144,
            "year": 2014,
            "quarter": 4,
            "eps": 0.62,
            "eps_growth_year": 14.98,
            "eps_4q": 2.9,
            "eps_4q_growth_year": 20.07,
            "roe": 2.66,
            "roe_4q": 13.08,
            "gross_profit": 361071,
            "gross_margin": 28.18,
            "gross_margin_4q_avg": 32.54,
            "net_income": 212036,
            "net_income_4q": null,
            "revenue": 1281196,
            "revenue_4q": null,
            "common_shares": 3630894,
            "book_valuer_per_share": 21.95,
            "book_valuer_per_share_4q_avg": 21.36,
            "equity": 8069322,
            "current_ratio": 284.46,
            "debt_ratio": 31.6,
            "inventory_turnover_ratio": 11.67,
            "account_receivable_turnover_ratio": 0.97,
            "reinvestment_rate": -11.11,
            "research_to_sale_ratio": 3.54,
            "price_fair": 73,
            "eps_avg_yearly": 2.59,
            "eps_latest_yearly": 2.48,
            "eps_growth_yearly": 18.21
        },
        "20151": {
            "year_quarter": 20151,
            "year": 2015,
            "quarter": 1,
            "eps": 0.43,
            "eps_growth_year": -33.85,
            "eps_4q": 2.69,
            "eps_4q_growth_year": 1.98,
            "roe": 1.87,
            "roe_4q": 11.950000000000001,
            "gross_profit": 305986,
            "gross_margin": 26.5,
            "gross_margin_4q_avg": 31.3,
            "net_income": 152071,
            "net_income_4q": null,
            "revenue": 1154533,
            "revenue_4q": null,
            "common_shares": 3630865,
            "book_valuer_per_share": 22.38,
            "book_valuer_per_share_4q_avg": 21.58,
            "equity": 8219733,
            "current_ratio": 244.64,
            "debt_ratio": 33.1,
            "inventory_turnover_ratio": 13.97,
            "account_receivable_turnover_ratio": 0.97,
            "reinvestment_rate": 4.37,
            "research_to_sale_ratio": 3.9,
            "price_fair": 42.65,
            "eps_avg_yearly": 2.54,
            "eps_latest_yearly": 1.72,
            "eps_growth_yearly": 6.78
        },
        "20152": {
            "year_quarter": 20152,
            "year": 2015,
            "quarter": 2,
            "eps": 0.61,
            "eps_growth_year": -26.51,
            "eps_4q": 2.48,
            "eps_4q_growth_year": -9.84,
            "roe": 2.74,
            "roe_4q": 10.96,
            "gross_profit": 371517,
            "gross_margin": 28.54,
            "gross_margin_4q_avg": 29.61,
            "net_income": 216647,
            "net_income_4q": null,
            "revenue": 1301831,
            "revenue_4q": null,
            "common_shares": 3630865,
            "book_valuer_per_share": 20.81,
            "book_valuer_per_share_4q_avg": 21.63,
            "equity": 7584849,
            "current_ratio": 143.89,
            "debt_ratio": 40.36,
            "inventory_turnover_ratio": 13.5,
            "account_receivable_turnover_ratio": 1.07,
            "reinvestment_rate": 20.4,
            "research_to_sale_ratio": 3.36,
            "price_fair": 70.37,
            "eps_avg_yearly": 2.55,
            "eps_latest_yearly": 2.44,
            "eps_growth_yearly": 17.65
        },
        "20153": {
            "year_quarter": 20153,
            "year": 2015,
            "quarter": 3,
            "eps": 0.59,
            "eps_growth_year": -27.16,
            "eps_4q": 2.27,
            "eps_4q_growth_year": -19.44,
            "roe": 2.77,
            "roe_4q": 10.04,
            "gross_profit": 364222,
            "gross_margin": 27.66,
            "gross_margin_4q_avg": 27.72,
            "net_income": 212063,
            "net_income_4q": null,
            "revenue": 1316979,
            "revenue_4q": null,
            "common_shares": 3598865,
            "book_valuer_per_share": 21.39,
            "book_valuer_per_share_4q_avg": 21.63,
            "equity": 7745946,
            "current_ratio": 198.97,
            "debt_ratio": 36.86,
            "inventory_turnover_ratio": 14.11,
            "account_receivable_turnover_ratio": 0.98,
            "reinvestment_rate": 22.01,
            "research_to_sale_ratio": 3.56,
            "price_fair": 78.44,
            "eps_avg_yearly": 2.57,
            "eps_latest_yearly": 2.36,
            "eps_growth_yearly": 20.58
        },
        "20154": {
            "year_quarter": 20154,
            "year": 2015,
            "quarter": 4,
            "eps": 0.48,
            "eps_growth_year": -22.7,
            "eps_4q": 2.13,
            "eps_4q_growth_year": -26.79,
            "roe": 2.18,
            "roe_4q": 9.56,
            "gross_profit": 309557,
            "gross_margin": 24.16,
            "gross_margin_4q_avg": 26.72,
            "net_income": 170369,
            "net_income_4q": null,
            "revenue": 1281174,
            "revenue_4q": null,
            "common_shares": 3598865,
            "book_valuer_per_share": 21.86,
            "book_valuer_per_share_4q_avg": 21.61,
            "equity": 7912163,
            "current_ratio": 206.16,
            "debt_ratio": 36.88,
            "inventory_turnover_ratio": 15.59,
            "account_receivable_turnover_ratio": 0.96,
            "reinvestment_rate": 39.05,
            "research_to_sale_ratio": 4.37,
            "price_fair": 67.61,
            "eps_avg_yearly": 2.56,
            "eps_latest_yearly": 1.92,
            "eps_growth_yearly": 16.41
        },
        "20161": {
            "year_quarter": 20161,
            "year": 2016,
            "quarter": 1,
            "eps": 0.34,
            "eps_growth_year": -20.93,
            "eps_4q": 2.03,
            "eps_4q_growth_year": -24.6,
            "roe": 1.51,
            "roe_4q": 9.200000000000001,
            "gross_profit": 298237,
            "gross_margin": 24.04,
            "gross_margin_4q_avg": 26.1,
            "net_income": 123236,
            "net_income_4q": null,
            "revenue": 1240338,
            "revenue_4q": null,
            "common_shares": 3598865,
            "book_valuer_per_share": 22.2,
            "book_valuer_per_share_4q_avg": 21.57,
            "equity": 8386073,
            "current_ratio": 204.3,
            "debt_ratio": 34.98,
            "inventory_turnover_ratio": 12.59,
            "account_receivable_turnover_ratio": 0.98,
            "reinvestment_rate": 48.16,
            "research_to_sale_ratio": 3.86,
            "price_fair": 52.11,
            "eps_avg_yearly": 2.53,
            "eps_latest_yearly": 1.36,
            "eps_growth_yearly": 10.62
        },
        "20162": {
            "year_quarter": 20162,
            "year": 2016,
            "quarter": 2,
            "eps": 0.53,
            "eps_growth_year": -13.11,
            "eps_4q": 1.93,
            "eps_4q_growth_year": -22.05,
            "roe": 2.39,
            "roe_4q": 8.85,
            "gross_profit": 386258,
            "gross_margin": 27.52,
            "gross_margin_4q_avg": 25.85,
            "net_income": 195705,
            "net_income_4q": null,
            "revenue": 1403796,
            "revenue_4q": null,
            "common_shares": 3598865,
            "book_valuer_per_share": 21.1,
            "book_valuer_per_share_4q_avg": 21.64,
            "equity": 7961667,
            "current_ratio": 196.36,
            "debt_ratio": 41.4,
            "inventory_turnover_ratio": 12.68,
            "account_receivable_turnover_ratio": 1.04,
            "reinvestment_rate": 53.53,
            "research_to_sale_ratio": 3.58,
            "price_fair": 58.31,
            "eps_avg_yearly": 2.49,
            "eps_latest_yearly": 2.12,
            "eps_growth_yearly": 13.42
        },
        "20163": {
            "year_quarter": 20163,
            "year": 2016,
            "quarter": 3,
            "eps": 0.7,
            "eps_growth_year": 18.64,
            "eps_4q": 2.04,
            "eps_4q_growth_year": -10.17,
            "roe": 3.31,
            "roe_4q": 9.39,
            "gross_profit": 497919,
            "gross_margin": 31.33,
            "gross_margin_4q_avg": 26.76,
            "net_income": 261418,
            "net_income_4q": null,
            "revenue": 1589417,
            "revenue_4q": null,
            "common_shares": 3598865,
            "book_valuer_per_share": 21.71,
            "book_valuer_per_share_4q_avg": 21.72,
            "equity": 7849284,
            "current_ratio": 220.78,
            "debt_ratio": 41.24,
            "inventory_turnover_ratio": 14.24,
            "account_receivable_turnover_ratio": 1.04,
            "reinvestment_rate": 50.95,
            "research_to_sale_ratio": 3.5,
            "price_fair": 69.55,
            "eps_avg_yearly": 2.47,
            "eps_latest_yearly": 2.8,
            "eps_growth_yearly": 18.13
        },
        "20164": {
            "year_quarter": 20164,
            "year": 2016,
            "quarter": 4,
            "eps": 0.6,
            "eps_growth_year": 26.43,
            "eps_4q": 2.17,
            "eps_4q_growth_year": 1.98,
            "roe": 2.78,
            "roe_4q": 9.99,
            "gross_profit": 426207,
            "gross_margin": 27.28,
            "gross_margin_4q_avg": 27.54,
            "net_income": 221950,
            "net_income_4q": null,
            "revenue": 1562058,
            "revenue_4q": null,
            "common_shares": 3598865,
            "book_valuer_per_share": 22.34,
            "book_valuer_per_share_4q_avg": 21.84,
            "equity": 8089519,
            "current_ratio": 240.5,
            "debt_ratio": 39.87,
            "inventory_turnover_ratio": 14.7,
            "account_receivable_turnover_ratio": 0.99,
            "reinvestment_rate": 52.91,
            "research_to_sale_ratio": 3.71,
            "price_fair": 52.09,
            "eps_avg_yearly": 2.41,
            "eps_latest_yearly": 2.4,
            "eps_growth_yearly": 11.64
        },
        "20171": {
            "year_quarter": 20171,
            "year": 2017,
            "quarter": 1,
            "eps": 0.43,
            "eps_growth_year": 26.47,
            "eps_4q": 2.26,
            "eps_4q_growth_year": 11.4,
            "roe": 1.84,
            "roe_4q": 10.32,
            "gross_profit": 390672,
            "gross_margin": 26.79,
            "gross_margin_4q_avg": 28.23,
            "net_income": 150251,
            "net_income_4q": null,
            "revenue": 1458483,
            "revenue_4q": null,
            "common_shares": 3598865,
            "book_valuer_per_share": 22.75,
            "book_valuer_per_share_4q_avg": 21.98,
            "equity": 8239219,
            "current_ratio": 236.13,
            "debt_ratio": 38.95,
            "inventory_turnover_ratio": 13.64,
            "account_receivable_turnover_ratio": 0.97,
            "reinvestment_rate": 69.27,
            "research_to_sale_ratio": 3.75,
            "price_fair": 64.36,
            "eps_avg_yearly": 2.41,
            "eps_latest_yearly": 1.72,
            "eps_growth_yearly": 16.76
        },
        "20172": {
            "year_quarter": 20172,
            "year": 2017,
            "quarter": 2,
            "eps": 0.54,
            "eps_growth_year": 1.89,
            "eps_4q": 2.27,
            "eps_4q_growth_year": 17.27,
            "roe": 2.39,
            "roe_4q": 10.32,
            "gross_profit": 384452,
            "gross_margin": 26.27,
            "gross_margin_4q_avg": 27.92,
            "net_income": 192752,
            "net_income_4q": null,
            "revenue": 1463270,
            "revenue_4q": null,
            "common_shares": 3598865,
            "book_valuer_per_share": 21.78,
            "book_valuer_per_share_4q_avg": 22.15,
            "equity": 7890764,
            "current_ratio": 222.82,
            "debt_ratio": 46.96,
            "inventory_turnover_ratio": 13.54,
            "account_receivable_turnover_ratio": 1.01,
            "reinvestment_rate": 76.05,
            "research_to_sale_ratio": 3.87,
            "price_fair": 40.71,
            "eps_avg_yearly": 2.36,
            "eps_latest_yearly": 2.16,
            "eps_growth_yearly": 7.25
        },
        "20173": {
            "year_quarter": 20173,
            "year": 2017,
            "quarter": 3,
            "eps": 0.6,
            "eps_growth_year": -14.29,
            "eps_4q": 2.16,
            "eps_4q_growth_year": 5.95,
            "roe": 2.67,
            "roe_4q": 9.68,
            "gross_profit": 457622,
            "gross_margin": 28.82,
            "gross_margin_4q_avg": 27.29,
            "net_income": 213416,
            "net_income_4q": null,
            "revenue": 1587748,
            "revenue_4q": null,
            "common_shares": 3598865,
            "book_valuer_per_share": 22.4,
            "book_valuer_per_share_4q_avg": 22.32,
            "equity": 8113513,
            "current_ratio": 222.25,
            "debt_ratio": 44.35,
            "inventory_turnover_ratio": 14.73,
            "account_receivable_turnover_ratio": 1.05,
            "reinvestment_rate": 80.18,
            "research_to_sale_ratio": 3.66,
            "price_fair": 44.95,
            "eps_avg_yearly": 2.33,
            "eps_latest_yearly": 2.4,
            "eps_growth_yearly": 9.33
        },
        "20174": {
            "year_quarter": 20174,
            "year": 2017,
            "quarter": 4,
            "eps": 1.2,
            "eps_growth_year": 98.74,
            "eps_4q": 2.76,
            "eps_4q_growth_year": 27.28,
            "roe": 6.9,
            "roe_4q": 13.8,
            "gross_profit": 642231,
            "gross_margin": 27.66,
            "gross_margin_4q_avg": 27.39,
            "net_income": 636207,
            "net_income_4q": null,
            "revenue": 2322239,
            "revenue_4q": null,
            "common_shares": 3600162,
            "book_valuer_per_share": 23.49,
            "book_valuer_per_share_4q_avg": 22.61,
            "equity": 10325242,
            "current_ratio": 189.09,
            "debt_ratio": 44.67,
            "inventory_turnover_ratio": 15.46,
            "account_receivable_turnover_ratio": 1.1,
            "reinvestment_rate": 114.37,
            "research_to_sale_ratio": 2.11,
            "price_fair": 87.15,
            "eps_avg_yearly": 2.49,
            "eps_latest_yearly": 4.8,
            "eps_growth_yearly": 41.09
        },
        "20181": {
            "year_quarter": 20181,
            "year": 2018,
            "quarter": 1,
            "eps": 0.54,
            "eps_growth_year": 25.58,
            "eps_4q": 2.71,
            "eps_4q_growth_year": 20.08,
            "roe": 2.18,
            "roe_4q": 14.14,
            "gross_profit": 591607,
            "gross_margin": 26.79,
            "gross_margin_4q_avg": 27.39,
            "net_income": 234480,
            "net_income_4q": null,
            "revenue": 2207992,
            "revenue_4q": null,
            "common_shares": 3843790,
            "book_valuer_per_share": 24.28,
            "book_valuer_per_share_4q_avg": 22.99,
            "equity": 11213539,
            "current_ratio": 189.29,
            "debt_ratio": 39.22,
            "inventory_turnover_ratio": 11.01,
            "account_receivable_turnover_ratio": 0.85,
            "reinvestment_rate": 98.14,
            "research_to_sale_ratio": 3.03,
            "price_fair": 79.41,
            "eps_avg_yearly": 2.46,
            "eps_latest_yearly": 2.16,
            "eps_growth_yearly": 22.25
        },
        "20182": {
            "year_quarter": 20182,
            "year": 2018,
            "quarter": 2,
            "eps": 1,
            "eps_growth_year": 85.19,
            "eps_4q": 3.16,
            "eps_4q_growth_year": 39.36,
            "roe": 4.12,
            "roe_4q": 15.870000000000001,
            "gross_profit": 819255,
            "gross_margin": 31.59,
            "gross_margin_4q_avg": 28.72,
            "net_income": 462181,
            "net_income_4q": null,
            "revenue": 2593494,
            "revenue_4q": null,
            "common_shares": 3904605,
            "book_valuer_per_share": 23.74,
            "book_valuer_per_share_4q_avg": 23.48,
            "equity": 11213519,
            "current_ratio": 212.21,
            "debt_ratio": 41.68,
            "inventory_turnover_ratio": 11.67,
            "account_receivable_turnover_ratio": 0.95,
            "reinvestment_rate": 110.8,
            "research_to_sale_ratio": 2.97,
            "price_fair": 87.68,
            "eps_avg_yearly": 2.51,
            "eps_latest_yearly": 4,
            "eps_growth_yearly": 36.62
        },
        "20183": {
            "year_quarter": 20183,
            "year": 2018,
            "quarter": 3,
            "eps": 0.87,
            "eps_growth_year": 45,
            "eps_4q": 3.47,
            "eps_4q_growth_year": 60.5,
            "roe": 3.6,
            "roe_4q": 16.8,
            "gross_profit": 759493,
            "gross_margin": 29.97,
            "gross_margin_4q_avg": 29,
            "net_income": 411456,
            "net_income_4q": null,
            "revenue": 2534393,
            "revenue_4q": null,
            "common_shares": 3899170,
            "book_valuer_per_share": 24.58,
            "book_valuer_per_share_4q_avg": 24.02,
            "equity": 11626840,
            "current_ratio": 244.97,
            "debt_ratio": 39.54,
            "inventory_turnover_ratio": 11.61,
            "account_receivable_turnover_ratio": 0.87,
            "reinvestment_rate": 102.35,
            "research_to_sale_ratio": 3.02,
            "price_fair": 88.2,
            "eps_avg_yearly": 2.52,
            "eps_latest_yearly": 3.48,
            "eps_growth_yearly": 33.97
        },
        "20184": {
            "year_quarter": 20184,
            "year": 2018,
            "quarter": 4,
            "eps": 0.59,
            "eps_growth_year": -50.73,
            "eps_4q": 2.96,
            "eps_4q_growth_year": 7.39,
            "roe": 2.03,
            "roe_4q": 11.93,
            "gross_profit": 486735,
            "gross_margin": 22.07,
            "gross_margin_4q_avg": 27.61,
            "net_income": 239136,
            "net_income_4q": null,
            "revenue": 2205610,
            "revenue_4q": null,
            "common_shares": 3899558,
            "book_valuer_per_share": 25.2,
            "book_valuer_per_share_4q_avg": 24.45,
            "equity": 11889872,
            "current_ratio": 238.63,
            "debt_ratio": 38.93,
            "inventory_turnover_ratio": 11.57,
            "account_receivable_turnover_ratio": 0.83,
            "reinvestment_rate": 105.55,
            "research_to_sale_ratio": 3.34,
            "price_fair": 87.94,
            "eps_avg_yearly": 2.51,
            "eps_latest_yearly": 2.36,
            "eps_growth_yearly": 31.79
        },
        "20191": {
            "year_quarter": 20191,
            "year": 2019,
            "quarter": 1,
            "eps": 0.51,
            "eps_growth_year": -5.56,
            "eps_4q": 2.94,
            "eps_4q_growth_year": 8.56,
            "roe": 1.73,
            "roe_4q": 11.48,
            "gross_profit": 457340,
            "gross_margin": 22.64,
            "gross_margin_4q_avg": 26.57,
            "net_income": 208638,
            "net_income_4q": null,
            "revenue": 2019849,
            "revenue_4q": null,
            "common_shares": 3918007,
            "book_valuer_per_share": 25.9,
            "book_valuer_per_share_4q_avg": 24.86,
            "equity": 12224013,
            "current_ratio": 244.68,
            "debt_ratio": 37.67,
            "inventory_turnover_ratio": 10.96,
            "account_receivable_turnover_ratio": 0.86,
            "reinvestment_rate": 83.14,
            "research_to_sale_ratio": 2.9,
            "price_fair": 88.64,
            "eps_avg_yearly": 2.53,
            "eps_latest_yearly": 2.04,
            "eps_growth_yearly": 36.06
        },
        "20192": {
            "year_quarter": 20192,
            "year": 2019,
            "quarter": 2,
            "eps": 0.71,
            "eps_growth_year": -29,
            "eps_4q": 2.67,
            "eps_4q_growth_year": -15.59,
            "roe": 2.39,
            "roe_4q": 9.75,
            "gross_profit": 576058,
            "gross_margin": 26.02,
            "gross_margin_4q_avg": 25.18,
            "net_income": 285771,
            "net_income_4q": null,
            "revenue": 2214202,
            "revenue_4q": null,
            "common_shares": 3918511,
            "book_valuer_per_share": 24.65,
            "book_valuer_per_share_4q_avg": 25.08,
            "equity": 11672901,
            "current_ratio": 214.87,
            "debt_ratio": 41.69,
            "inventory_turnover_ratio": 12.14,
            "account_receivable_turnover_ratio": 0.91,
            "reinvestment_rate": 71.07,
            "research_to_sale_ratio": 2.83,
            "price_fair": 89.51,
            "eps_avg_yearly": 2.56,
            "eps_latest_yearly": 2.84,
            "eps_growth_yearly": 35.4
        },
        "20193": {
            "year_quarter": 20193,
            "year": 2019,
            "quarter": 3,
            "eps": 0.92,
            "eps_growth_year": 5.75,
            "eps_4q": 2.69,
            "eps_4q_growth_year": -22.64,
            "roe": 3.26,
            "roe_4q": 9.41,
            "gross_profit": 733881,
            "gross_margin": 28.99,
            "gross_margin_4q_avg": 24.93,
            "net_income": 391563,
            "net_income_4q": null,
            "revenue": 2531848,
            "revenue_4q": null,
            "common_shares": 3985636,
            "book_valuer_per_share": 25.66,
            "book_valuer_per_share_4q_avg": 25.35,
            "equity": 12328684,
            "current_ratio": 212.97,
            "debt_ratio": 41.58,
            "inventory_turnover_ratio": 12.22,
            "account_receivable_turnover_ratio": 0.94,
            "reinvestment_rate": 79.52,
            "research_to_sale_ratio": 2.83,
            "price_fair": 92.4,
            "eps_avg_yearly": 2.64,
            "eps_latest_yearly": 3.68,
            "eps_growth_yearly": 43.61
        },
        "20194": {
            "year_quarter": 20194,
            "year": 2019,
            "quarter": 4,
            "eps": 1.08,
            "eps_growth_year": 82.78,
            "eps_4q": 3.08,
            "eps_4q_growth_year": 3.87,
            "roe": 5.24,
            "roe_4q": 12.620000000000001,
            "gross_profit": 1272183,
            "gross_margin": 38.78,
            "gross_margin_4q_avg": 29.11,
            "net_income": 677589,
            "net_income_4q": null,
            "revenue": 3280720,
            "revenue_4q": null,
            "common_shares": 4206834,
            "book_valuer_per_share": 26.75,
            "book_valuer_per_share_4q_avg": 25.74,
            "equity": 13522884,
            "current_ratio": 194.46,
            "debt_ratio": 45.37,
            "inventory_turnover_ratio": 12,
            "account_receivable_turnover_ratio": 1.12,
            "reinvestment_rate": 94.05,
            "research_to_sale_ratio": 2.74,
            "price_fair": 97.65,
            "eps_avg_yearly": 2.79,
            "eps_latest_yearly": 4.32,
            "eps_growth_yearly": 52.62
        },
        "20201": {
            "year_quarter": 20201,
            "year": 2020,
            "quarter": 1,
            "eps": 0.8,
            "eps_growth_year": 56.86,
            "eps_4q": 3.4,
            "eps_4q_growth_year": 15.66,
            "roe": 2.57,
            "roe_4q": 13.46,
            "gross_profit": 722538,
            "gross_margin": 26.59,
            "gross_margin_4q_avg": 30.1,
            "net_income": 343965,
            "net_income_4q": null,
            "revenue": 2717013,
            "revenue_4q": null,
            "common_shares": 4213543,
            "book_valuer_per_share": 26.25,
            "book_valuer_per_share_4q_avg": 25.83,
            "equity": 13251451,
            "current_ratio": 180.22,
            "debt_ratio": 47.03,
            "inventory_turnover_ratio": 11.33,
            "account_receivable_turnover_ratio": 0.87,
            "reinvestment_rate": 89.65,
            "research_to_sale_ratio": 3.29,
            "price_fair": 101.68,
            "eps_avg_yearly": 2.91,
            "eps_latest_yearly": 3.2,
            "eps_growth_yearly": 53.43
        },
        "20202": {
            "year_quarter": 20202,
            "year": 2020,
            "quarter": 2,
            "eps": 1.09,
            "eps_growth_year": 53.52,
            "eps_4q": 3.83,
            "eps_4q_growth_year": 43.52,
            "roe": 3.67,
            "roe_4q": 14.74,
            "gross_profit": 822553,
            "gross_margin": 28.37,
            "gross_margin_4q_avg": 30.68,
            "net_income": 486297,
            "net_income_4q": null,
            "revenue": 2898999,
            "revenue_4q": null,
            "common_shares": 4215104,
            "book_valuer_per_share": 26.25,
            "book_valuer_per_share_4q_avg": 26.23,
            "equity": 13263954,
            "current_ratio": 151.76,
            "debt_ratio": 50.26,
            "inventory_turnover_ratio": 10.57,
            "account_receivable_turnover_ratio": 0.92,
            "reinvestment_rate": 111.51,
            "research_to_sale_ratio": 3.53,
            "price_fair": 106.58,
            "eps_avg_yearly": 3.05,
            "eps_latest_yearly": 4.36,
            "eps_growth_yearly": 48.52
        },
        "20203": {
            "year_quarter": 20203,
            "year": 2020,
            "quarter": 3,
            "eps": 1.19,
            "eps_growth_year": 29.35,
            "eps_4q": 4.13,
            "eps_4q_growth_year": 53.82,
            "roe": 4.03,
            "roe_4q": 15.51,
            "gross_profit": 1064658,
            "gross_margin": 32.3,
            "gross_margin_4q_avg": 31.51,
            "net_income": 549093,
            "net_income_4q": null,
            "revenue": 3296614,
            "revenue_4q": null,
            "common_shares": 4238499,
            "book_valuer_per_share": 27.75,
            "book_valuer_per_share_4q_avg": 26.75,
            "equity": 13982140,
            "current_ratio": 156.39,
            "debt_ratio": 49.86,
            "inventory_turnover_ratio": 11.07,
            "account_receivable_turnover_ratio": 1.04,
            "reinvestment_rate": 130.68,
            "research_to_sale_ratio": 4.08,
            "price_fair": 110.86,
            "eps_avg_yearly": 3.17,
            "eps_latest_yearly": 4.76,
            "eps_growth_yearly": 42.8
        },
        "20204": {
            "year_quarter": 20204,
            "year": 2020,
            "quarter": 4,
            "eps": 1.12,
            "eps_growth_year": 4.18,
            "eps_4q": 4.13,
            "eps_4q_growth_year": 34.27,
            "roe": 3.78,
            "roe_4q": 14.05,
            "gross_profit": 999604,
            "gross_margin": 28.43,
            "gross_margin_4q_avg": 28.92,
            "net_income": 547234,
            "net_income_4q": null,
            "revenue": 3515923,
            "revenue_4q": null,
            "common_shares": 4316114,
            "book_valuer_per_share": 29.42,
            "book_valuer_per_share_4q_avg": 27.42,
            "equity": 14946170,
            "current_ratio": 145.87,
            "debt_ratio": 49.87,
            "inventory_turnover_ratio": 13.32,
            "account_receivable_turnover_ratio": 1.07,
            "reinvestment_rate": 142.42,
            "research_to_sale_ratio": 2.75,
            "price_fair": 115.41,
            "eps_avg_yearly": 3.3,
            "eps_latest_yearly": 4.48,
            "eps_growth_yearly": 44.9
        },
        "20211": {
            "year_quarter": 20211,
            "year": 2021,
            "quarter": 1,
            "eps": 1.27,
            "eps_growth_year": 58.75,
            "eps_4q": 4.53,
            "eps_4q_growth_year": 33.1,
            "roe": 3.97,
            "roe_4q": 15.450000000000001,
            "gross_profit": 999067,
            "gross_margin": 28.51,
            "gross_margin_4q_avg": 29.4,
            "net_income": 596614,
            "net_income_4q": null,
            "revenue": 3504377,
            "revenue_4q": null,
            "common_shares": 4426113,
            "book_valuer_per_share": 29.06,
            "book_valuer_per_share_4q_avg": 28.12,
            "equity": 15079341,
            "current_ratio": 168.25,
            "debt_ratio": 52.2,
            "inventory_turnover_ratio": 12.54,
            "account_receivable_turnover_ratio": 1.01,
            "reinvestment_rate": 141.74,
            "research_to_sale_ratio": 2.83,
            "price_fair": 122.76,
            "eps_avg_yearly": 3.51,
            "eps_latest_yearly": 5.08,
            "eps_growth_yearly": 55.33
        },
        "20212": {
            "year_quarter": 20212,
            "year": 2021,
            "quarter": 2,
            "eps": 1.55,
            "eps_growth_year": 42.2,
            "eps_4q": 5.02,
            "eps_4q_growth_year": 31.03,
            "roe": 4.78,
            "roe_4q": 16.56,
            "gross_profit": 1286404,
            "gross_margin": 30.59,
            "gross_margin_4q_avg": 29.96,
            "net_income": 738386,
            "net_income_4q": null,
            "revenue": 4205367,
            "revenue_4q": null,
            "common_shares": 4439274,
            "book_valuer_per_share": 30.62,
            "book_valuer_per_share_4q_avg": 29.21,
            "equity": 15829576,
            "current_ratio": 148.71,
            "debt_ratio": 53.09,
            "inventory_turnover_ratio": 10.89,
            "account_receivable_turnover_ratio": 1.1,
            "reinvestment_rate": 167.65,
            "research_to_sale_ratio": 2.26,
            "price_fair": 131.6,
            "eps_avg_yearly": 3.76,
            "eps_latest_yearly": 6.2,
            "eps_growth_yearly": 54.45
        },
        "20213": {
            "year_quarter": 20213,
            "year": 2021,
            "quarter": 3,
            "eps": 1.92,
            "eps_growth_year": 61.34,
            "eps_4q": 5.74,
            "eps_4q_growth_year": 38.9,
            "roe": 5.76,
            "roe_4q": 18.29,
            "gross_profit": 1434802,
            "gross_margin": 30.65,
            "gross_margin_4q_avg": 29.55,
            "net_income": 936485,
            "net_income_4q": null,
            "revenue": 4680501,
            "revenue_4q": null,
            "common_shares": 4500812,
            "book_valuer_per_share": 31.91,
            "book_valuer_per_share_4q_avg": 30.25,
            "equity": 16676324,
            "current_ratio": 175.62,
            "debt_ratio": 52.82,
            "inventory_turnover_ratio": 10.51,
            "account_receivable_turnover_ratio": 1.12,
            "reinvestment_rate": 153.47,
            "research_to_sale_ratio": 2.26,
            "price_fair": 143.15,
            "eps_avg_yearly": 4.09,
            "eps_latest_yearly": 7.68,
            "eps_growth_yearly": 57.64
        },
        "20214": {
            "year_quarter": 20214,
            "year": 2021,
            "quarter": 4,
            "eps": 1.52,
            "eps_growth_year": 35.52,
            "eps_4q": 6.17,
            "eps_4q_growth_year": 49.23,
            "roe": 4.43,
            "roe_4q": 18.939999999999998,
            "gross_profit": 1228185,
            "gross_margin": 28.62,
            "gross_margin_4q_avg": 29.59,
            "net_income": 764763,
            "net_income_4q": null,
            "revenue": 4291019,
            "revenue_4q": null,
            "common_shares": 4520782,
            "book_valuer_per_share": 34.16,
            "book_valuer_per_share_4q_avg": 31.44,
            "equity": 17826823,
            "current_ratio": 192.97,
            "debt_ratio": 51.3,
            "inventory_turnover_ratio": 10.22,
            "account_receivable_turnover_ratio": 1.05,
            "reinvestment_rate": 137.5,
            "research_to_sale_ratio": 2.72,
            "price_fair": 145.95,
            "eps_avg_yearly": 4.17,
            "eps_latest_yearly": 6.08,
            "eps_growth_yearly": 27.43
        },
        "20221": {
            "year_quarter": 20221,
            "year": 2022,
            "quarter": 1,
            "eps": 1.82,
            "eps_growth_year": 43.31,
            "eps_4q": 6.74,
            "eps_4q_growth_year": 48.87,
            "roe": 5.35,
            "roe_4q": 20.32,
            "gross_profit": 1402119,
            "gross_margin": 30.35,
            "gross_margin_4q_avg": 30.05,
            "net_income": 940556,
            "net_income_4q": null,
            "revenue": 4619536,
            "revenue_4q": null,
            "common_shares": 4526625,
            "book_valuer_per_share": 32.98,
            "book_valuer_per_share_4q_avg": 32.42,
            "equity": 17335080,
            "current_ratio": 166.53,
            "debt_ratio": 55.34,
            "inventory_turnover_ratio": 9.73,
            "account_receivable_turnover_ratio": 1.1,
            "reinvestment_rate": 147.84,
            "research_to_sale_ratio": 2.11,
            "price_fair": 157.15,
            "eps_avg_yearly": 4.49,
            "eps_latest_yearly": 7.28,
            "eps_growth_yearly": 46.11
        },
        "20222": {
            "year_quarter": 20222,
            "year": 2022,
            "quarter": 2,
            "eps": 2.18,
            "eps_growth_year": 40.65,
            "eps_4q": 7.4,
            "eps_4q_growth_year": 47.41,
            "roe": 6.44,
            "roe_4q": 21.979999999999997,
            "gross_profit": 1685824,
            "gross_margin": 32.71,
            "gross_margin_4q_avg": 30.58,
            "net_income": 1146651,
            "net_income_4q": null,
            "revenue": 5154295,
            "revenue_4q": null,
            "common_shares": 4531775,
            "book_valuer_per_share": 34.53,
            "book_valuer_per_share_4q_avg": 33.4,
            "equity": 18276153,
            "current_ratio": 155.55,
            "debt_ratio": 54.01,
            "inventory_turnover_ratio": 9.47,
            "account_receivable_turnover_ratio": 1.09,
            "reinvestment_rate": 129.54,
            "research_to_sale_ratio": 2.1,
            "price_fair": 167.48,
            "eps_avg_yearly": 4.79,
            "eps_latest_yearly": 8.72,
            "eps_growth_yearly": 29.76
        },
        "20223": {
            "year_quarter": 20223,
            "year": 2022,
            "quarter": 3,
            "eps": 2.17,
            "eps_growth_year": 13.02,
            "eps_4q": 7.62,
            "eps_4q_growth_year": 32.77,
            "roe": 5.96,
            "roe_4q": 22.18,
            "gross_profit": 1335080,
            "gross_margin": 27.91,
            "gross_margin_4q_avg": 29.9,
            "net_income": 1112015,
            "net_income_4q": null,
            "revenue": 4783905,
            "revenue_4q": null,
            "common_shares": 4564218,
            "book_valuer_per_share": 35.47,
            "book_valuer_per_share_4q_avg": 34.29,
            "equity": 19055584,
            "current_ratio": 218.19,
            "debt_ratio": 51.23,
            "inventory_turnover_ratio": 9.17,
            "account_receivable_turnover_ratio": 1.02,
            "reinvestment_rate": 112.42,
            "research_to_sale_ratio": 2.45,
            "price_fair": 178.85,
            "eps_avg_yearly": 5.11,
            "eps_latest_yearly": 8.68,
            "eps_growth_yearly": 32.9
        },
        "20224": {
            "year_quarter": 20224,
            "year": 2022,
            "quarter": 4,
            "eps": 0.53,
            "eps_growth_year": -65.22,
            "eps_4q": 6.64,
            "eps_4q_growth_year": 7.71,
            "roe": 1.64,
            "roe_4q": 19.39,
            "gross_profit": 1105511,
            "gross_margin": 26.73,
            "gross_margin_4q_avg": 29.43,
            "net_income": 314727,
            "net_income_4q": null,
            "revenue": 4136609,
            "revenue_4q": null,
            "common_shares": 4567410,
            "book_valuer_per_share": 36.08,
            "book_valuer_per_share_4q_avg": 34.77,
            "equity": 19380479,
            "current_ratio": 277.21,
            "debt_ratio": 48.41,
            "inventory_turnover_ratio": 8.32,
            "account_receivable_turnover_ratio": 0.99,
            "reinvestment_rate": 102.01,
            "research_to_sale_ratio": 2.44,
            "price_fair": 163.3,
            "eps_avg_yearly": 5.1,
            "eps_latest_yearly": 2.12,
            "eps_growth_yearly": 22.05
        },
        "20231": {
            "year_quarter": 20231,
            "year": 2023,
            "quarter": 1,
            "eps": 0.49,
            "eps_growth_year": -73.08,
            "eps_4q": 5.34,
            "eps_4q_growth_year": -20.82,
            "roe": 1.67,
            "roe_4q": 15.71,
            "gross_profit": 735874,
            "gross_margin": 20.34,
            "gross_margin_4q_avg": 26.92,
            "net_income": 308293,
            "net_income_4q": null,
            "revenue": 3617044,
            "revenue_4q": null,
            "common_shares": 4567410,
            "book_valuer_per_share": 32.83,
            "book_valuer_per_share_4q_avg": 34.73,
            "equity": 17635082,
            "current_ratio": 205.41,
            "debt_ratio": 53,
            "inventory_turnover_ratio": 8.12,
            "account_receivable_turnover_ratio": 1.02,
            "reinvestment_rate": 97.43,
            "research_to_sale_ratio": 2.45,
            "price_fair": 170.79,
            "eps_avg_yearly": 5.09,
            "eps_latest_yearly": 1.96,
            "eps_growth_yearly": 23.55
        },
        "20232": {
            "year_quarter": 20232,
            "year": 2023,
            "quarter": 2,
            "eps": 1.13,
            "eps_growth_year": -48.17,
            "eps_4q": 4.31,
            "eps_4q_growth_year": -41.81,
            "roe": 3.55,
            "roe_4q": 12.82,
            "gross_profit": 805631,
            "gross_margin": 21.68,
            "gross_margin_4q_avg": 24.17,
            "net_income": 638895,
            "net_income_4q": null,
            "revenue": 3715734,
            "revenue_4q": null,
            "common_shares": 4567410,
            "book_valuer_per_share": 34.15,
            "book_valuer_per_share_4q_avg": 34.63,
            "equity": 18387733,
            "current_ratio": 209,
            "debt_ratio": 52.08,
            "inventory_turnover_ratio": 7.85,
            "account_receivable_turnover_ratio": 1.08,
            "reinvestment_rate": 86.43,
            "research_to_sale_ratio": 2.55,
            "price_fair": 181.83,
            "eps_avg_yearly": 5.2,
            "eps_latest_yearly": 4.52,
            "eps_growth_yearly": 46.4
        },
        "20233": {
            "year_quarter": 20233,
            "year": 2023,
            "quarter": 3,
            "eps": 1.61,
            "eps_growth_year": -25.81,
            "eps_4q": 3.76,
            "eps_4q_growth_year": -50.63,
            "roe": 4.58,
            "roe_4q": 11.44,
            "gross_profit": 1061115,
            "gross_margin": 25.67,
            "gross_margin_4q_avg": 23.61,
            "net_income": 865309,
            "net_income_4q": null,
            "revenue": 4133154,
            "revenue_4q": null,
            "common_shares": 4567410,
            "book_valuer_per_share": 36.06,
            "book_valuer_per_share_4q_avg": 34.78,
            "equity": 19429240,
            "current_ratio": 231.42,
            "debt_ratio": 48.6,
            "inventory_turnover_ratio": 7.85,
            "account_receivable_turnover_ratio": 1.07,
            "reinvestment_rate": 73.93,
            "research_to_sale_ratio": 2.5,
            "price_fair": 187.86,
            "eps_avg_yearly": 5.37,
            "eps_latest_yearly": 6.44,
            "eps_growth_yearly": 49.63
        },
        "20234": {
            "year_quarter": 20234,
            "year": 2023,
            "quarter": 4,
            "eps": 0.57,
            "eps_growth_year": 7.65,
            "eps_4q": 3.8,
            "eps_4q_growth_year": -42.73,
            "roe": 1.66,
            "roe_4q": 11.459999999999999,
            "gross_profit": 976146,
            "gross_margin": 24.32,
            "gross_margin_4q_avg": 23,
            "net_income": 326017,
            "net_income_4q": null,
            "revenue": 4013569,
            "revenue_4q": null,
            "common_shares": 4567446,
            "book_valuer_per_share": 36.87,
            "book_valuer_per_share_4q_avg": 34.98,
            "equity": 19799586,
            "current_ratio": 210.36,
            "debt_ratio": 47.23,
            "inventory_turnover_ratio": 7.37,
            "account_receivable_turnover_ratio": 1.03,
            "reinvestment_rate": 56.44,
            "research_to_sale_ratio": 2.62,
            "price_fair": 183.4,
            "eps_avg_yearly": 5.24,
            "eps_latest_yearly": 2.28,
            "eps_growth_yearly": 29.13
        }
    },
    "months": {
        "2003-08": {
            "month": "2003-08",
            "price": "37.98",
            "revenue": 147296
        },
        "2003-09": {
            "month": "2003-09",
            "price": "58.31",
            "revenue": 163417
        },
        "2003-10": {
            "month": "2003-10",
            "price": "49.63",
            "revenue": 167283
        },
        "2003-11": {
            "month": "2003-11",
            "price": "46.00",
            "revenue": 176226
        },
        "2003-12": {
            "month": "2003-12",
            "price": "47.44",
            "revenue": 185659
        },
        "2004-01": {
            "month": "2004-01",
            "price": "49.38",
            "revenue": 167491
        },
        "2004-02": {
            "month": "2004-02",
            "price": "53.06",
            "revenue": 177137
        },
        "2004-03": {
            "month": "2004-03",
            "price": "51.94",
            "revenue": 176102
        },
        "2004-04": {
            "month": "2004-04",
            "price": "47.18",
            "revenue": 165692
        },
        "2004-05": {
            "month": "2004-05",
            "price": "33.84",
            "revenue": 169004
        },
        "2004-06": {
            "month": "2004-06",
            "price": "30.46",
            "revenue": 169423
        },
        "2004-07": {
            "month": "2004-07",
            "price": "28.07",
            "revenue": 162623
        },
        "2004-08": {
            "month": "2004-08",
            "price": "22.90",
            "revenue": 174425
        },
        "2004-09": {
            "month": "2004-09",
            "price": "22.14",
            "revenue": 160164
        },
        "2004-10": {
            "month": "2004-10",
            "price": "20.64",
            "revenue": 158633
        },
        "2004-11": {
            "month": "2004-11",
            "price": "21.45",
            "revenue": 149388
        },
        "2004-12": {
            "month": "2004-12",
            "price": "21.32",
            "revenue": 137778
        },
        "2005-01": {
            "month": "2005-01",
            "price": "19.35",
            "revenue": 106081
        },
        "2005-02": {
            "month": "2005-02",
            "price": "20.02",
            "revenue": 84681
        },
        "2005-03": {
            "month": "2005-03",
            "price": "20.94",
            "revenue": 199184
        },
        "2005-04": {
            "month": "2005-04",
            "price": "20.73",
            "revenue": 154318
        },
        "2005-05": {
            "month": "2005-05",
            "price": "18.31",
            "revenue": 169298
        },
        "2005-06": {
            "month": "2005-06",
            "price": "19.59",
            "revenue": 177949
        },
        "2005-07": {
            "month": "2005-07",
            "price": "20.96",
            "revenue": 180875
        },
        "2005-08": {
            "month": "2005-08",
            "price": "20.00",
            "revenue": 200055
        },
        "2005-09": {
            "month": "2005-09",
            "price": "15.81",
            "revenue": 220368
        },
        "2005-10": {
            "month": "2005-10",
            "price": "14.94",
            "revenue": 240180
        },
        "2005-11": {
            "month": "2005-11",
            "price": "16.05",
            "revenue": 232892
        },
        "2005-12": {
            "month": "2005-12",
            "price": "20.92",
            "revenue": 222689
        },
        "2006-01": {
            "month": "2006-01",
            "price": "21.81",
            "revenue": 170145
        },
        "2006-02": {
            "month": "2006-02",
            "price": "20.09",
            "revenue": 171459
        },
        "2006-03": {
            "month": "2006-03",
            "price": "19.57",
            "revenue": 215705
        },
        "2006-04": {
            "month": "2006-04",
            "price": "23.51",
            "revenue": 219604
        },
        "2006-05": {
            "month": "2006-05",
            "price": "21.33",
            "revenue": 234086
        },
        "2006-06": {
            "month": "2006-06",
            "price": "18.77",
            "revenue": 285489
        },
        "2006-07": {
            "month": "2006-07",
            "price": "18.00",
            "revenue": 302328
        },
        "2006-08": {
            "month": "2006-08",
            "price": "18.39",
            "revenue": 317241
        },
        "2006-09": {
            "month": "2006-09",
            "price": "19.49",
            "revenue": 323866
        },
        "2006-10": {
            "month": "2006-10",
            "price": "19.75",
            "revenue": 305299
        },
        "2006-11": {
            "month": "2006-11",
            "price": "20.03",
            "revenue": 306287
        },
        "2006-12": {
            "month": "2006-12",
            "price": "21.01",
            "revenue": 307061
        },
        "2007-01": {
            "month": "2007-01",
            "price": "22.85",
            "revenue": 275032
        },
        "2007-02": {
            "month": "2007-02",
            "price": "22.39",
            "revenue": 210821
        },
        "2007-03": {
            "month": "2007-03",
            "price": "22.07",
            "revenue": 274653
        },
        "2007-04": {
            "month": "2007-04",
            "price": "22.82",
            "revenue": 301216
        },
        "2007-05": {
            "month": "2007-05",
            "price": "20.40",
            "revenue": 315845
        },
        "2007-06": {
            "month": "2007-06",
            "price": "23.90",
            "revenue": 326986
        },
        "2007-07": {
            "month": "2007-07",
            "price": "27.74",
            "revenue": 347773
        },
        "2007-08": {
            "month": "2007-08",
            "price": "23.11",
            "revenue": 359728
        },
        "2007-09": {
            "month": "2007-09",
            "price": "22.22",
            "revenue": 360759
        },
        "2007-10": {
            "month": "2007-10",
            "price": "23.12",
            "revenue": 371480
        },
        "2007-11": {
            "month": "2007-11",
            "price": "19.88",
            "revenue": 346360
        },
        "2007-12": {
            "month": "2007-12",
            "price": "17.06",
            "revenue": 310318
        },
        "2008-01": {
            "month": "2008-01",
            "price": "15.65",
            "revenue": 321936
        },
        "2008-02": {
            "month": "2008-02",
            "price": "16.45",
            "revenue": 245089
        },
        "2008-03": {
            "month": "2008-03",
            "price": "17.07",
            "revenue": 307731
        },
        "2008-04": {
            "month": "2008-04",
            "price": "18.83",
            "revenue": 331178
        },
        "2008-05": {
            "month": "2008-05",
            "price": "18.54",
            "revenue": 349930
        },
        "2008-06": {
            "month": "2008-06",
            "price": "16.58",
            "revenue": 363037
        },
        "2008-07": {
            "month": "2008-07",
            "price": "15.10",
            "revenue": 375161
        },
        "2008-08": {
            "month": "2008-08",
            "price": "15.20",
            "revenue": 386028
        },
        "2008-09": {
            "month": "2008-09",
            "price": "12.25",
            "revenue": 386503
        },
        "2008-10": {
            "month": "2008-10",
            "price": "10.04",
            "revenue": 358222
        },
        "2008-11": {
            "month": "2008-11",
            "price": "7.31",
            "revenue": 284958
        },
        "2008-12": {
            "month": "2008-12",
            "price": "6.86",
            "revenue": 174313
        },
        "2009-01": {
            "month": "2009-01",
            "price": "6.83",
            "revenue": 156734
        },
        "2009-02": {
            "month": "2009-02",
            "price": "7.13",
            "revenue": 229526
        },
        "2009-03": {
            "month": "2009-03",
            "price": "9.35",
            "revenue": 284047
        },
        "2009-04": {
            "month": "2009-04",
            "price": "10.80",
            "revenue": 309804
        },
        "2009-05": {
            "month": "2009-05",
            "price": "11.50",
            "revenue": 314776
        },
        "2009-06": {
            "month": "2009-06",
            "price": "12.34",
            "revenue": 317005
        },
        "2009-07": {
            "month": "2009-07",
            "price": "12.97",
            "revenue": 314253
        },
        "2009-08": {
            "month": "2009-08",
            "price": "16.20",
            "revenue": 317507
        },
        "2009-09": {
            "month": "2009-09",
            "price": "17.38",
            "revenue": 354514
        },
        "2009-10": {
            "month": "2009-10",
            "price": "17.48",
            "revenue": 368900
        },
        "2009-11": {
            "month": "2009-11",
            "price": "17.94",
            "revenue": 382703
        },
        "2009-12": {
            "month": "2009-12",
            "price": "19.73",
            "revenue": 393889
        },
        "2010-01": {
            "month": "2010-01",
            "price": "19.71",
            "revenue": 359949
        },
        "2010-02": {
            "month": "2010-02",
            "price": "17.44",
            "revenue": 318901
        },
        "2010-03": {
            "month": "2010-03",
            "price": "19.96",
            "revenue": 420416
        },
        "2010-04": {
            "month": "2010-04",
            "price": "24.34",
            "revenue": 429411
        },
        "2010-05": {
            "month": "2010-05",
            "price": "24.01",
            "revenue": 449902
        },
        "2010-06": {
            "month": "2010-06",
            "price": "24.27",
            "revenue": 451771
        },
        "2010-07": {
            "month": "2010-07",
            "price": "25.83",
            "revenue": 435835
        },
        "2010-08": {
            "month": "2010-08",
            "price": "24.67",
            "revenue": 443539
        },
        "2010-09": {
            "month": "2010-09",
            "price": "25.79",
            "revenue": 402294
        },
        "2010-10": {
            "month": "2010-10",
            "price": "26.05",
            "revenue": 392999
        },
        "2010-11": {
            "month": "2010-11",
            "price": "26.16",
            "revenue": 392503
        },
        "2010-12": {
            "month": "2010-12",
            "price": "27.68",
            "revenue": 383575
        },
        "2011-01": {
            "month": "2011-01",
            "price": "28.47",
            "revenue": 383791
        },
        "2011-02": {
            "month": "2011-02",
            "price": "28.08",
            "revenue": 331945
        },
        "2011-03": {
            "month": "2011-03",
            "price": "26.70",
            "revenue": 398295
        },
        "2011-04": {
            "month": "2011-04",
            "price": "27.00",
            "revenue": 379935
        },
        "2011-05": {
            "month": "2011-05",
            "price": "26.44",
            "revenue": 396974
        },
        "2011-06": {
            "month": "2011-06",
            "price": "26.49",
            "revenue": 377917
        },
        "2011-07": {
            "month": "2011-07",
            "price": "24.93",
            "revenue": 390457
        },
        "2011-08": {
            "month": "2011-08",
            "price": "20.50",
            "revenue": 398152
        },
        "2011-09": {
            "month": "2011-09",
            "price": "20.32",
            "revenue": 361824
        },
        "2011-10": {
            "month": "2011-10",
            "price": "21.34",
            "revenue": 370706
        },
        "2011-11": {
            "month": "2011-11",
            "price": "20.49",
            "revenue": 374694
        },
        "2011-12": {
            "month": "2011-12",
            "price": "18.58",
            "revenue": 371439
        },
        "2012-01": {
            "month": "2012-01",
            "price": "19.64",
            "revenue": 344610
        },
        "2012-02": {
            "month": "2012-02",
            "price": "22.08",
            "revenue": 338078
        },
        "2012-03": {
            "month": "2012-03",
            "price": "24.61",
            "revenue": 355169
        },
        "2012-04": {
            "month": "2012-04",
            "price": "23.14",
            "revenue": 382533
        },
        "2012-05": {
            "month": "2012-05",
            "price": "22.19",
            "revenue": 390630
        },
        "2012-06": {
            "month": "2012-06",
            "price": "21.67",
            "revenue": 395311
        },
        "2012-07": {
            "month": "2012-07",
            "price": "21.94",
            "revenue": 426978
        },
        "2012-08": {
            "month": "2012-08",
            "price": "23.80",
            "revenue": 444985
        },
        "2012-09": {
            "month": "2012-09",
            "price": "25.05",
            "revenue": 442269
        },
        "2012-10": {
            "month": "2012-10",
            "price": "24.21",
            "revenue": 445901
        },
        "2012-11": {
            "month": "2012-11",
            "price": "23.31",
            "revenue": 464825
        },
        "2012-12": {
            "month": "2012-12",
            "price": "25.24",
            "revenue": 429390
        },
        "2013-01": {
            "month": "2013-01",
            "price": "26.05",
            "revenue": 432603
        },
        "2013-02": {
            "month": "2013-02",
            "price": "26.62",
            "revenue": 346275
        },
        "2013-03": {
            "month": "2013-03",
            "price": "29.01",
            "revenue": 427691
        },
        "2013-04": {
            "month": "2013-04",
            "price": "30.80",
            "revenue": 449936
        },
        "2013-05": {
            "month": "2013-05",
            "price": "29.58",
            "revenue": 461672
        },
        "2013-06": {
            "month": "2013-06",
            "price": "26.13",
            "revenue": 453839
        },
        "2013-07": {
            "month": "2013-07",
            "price": "24.88",
            "revenue": 470995
        },
        "2013-08": {
            "month": "2013-08",
            "price": "26.83",
            "revenue": 475714
        },
        "2013-09": {
            "month": "2013-09",
            "price": "28.65",
            "revenue": 445319
        },
        "2013-10": {
            "month": "2013-10",
            "price": "28.75",
            "revenue": 441867
        },
        "2013-11": {
            "month": "2013-11",
            "price": "29.35",
            "revenue": 400280
        },
        "2013-12": {
            "month": "2013-12",
            "price": "28.28",
            "revenue": 417654
        },
        "2014-01": {
            "month": "2014-01",
            "price": "28.97",
            "revenue": 406959
        },
        "2014-02": {
            "month": "2014-02",
            "price": "28.75",
            "revenue": 381003
        },
        "2014-03": {
            "month": "2014-03",
            "price": "29.27",
            "revenue": 438288
        },
        "2014-04": {
            "month": "2014-04",
            "price": "30.39",
            "revenue": 439275
        },
        "2014-05": {
            "month": "2014-05",
            "price": "30.82",
            "revenue": 457393
        },
        "2014-06": {
            "month": "2014-06",
            "price": "34.97",
            "revenue": 451673
        },
        "2014-07": {
            "month": "2014-07",
            "price": "36.46",
            "revenue": 451821
        },
        "2014-08": {
            "month": "2014-08",
            "price": "33.74",
            "revenue": 458722
        },
        "2014-09": {
            "month": "2014-09",
            "price": "32.24",
            "revenue": 462076
        },
        "2014-10": {
            "month": "2014-10",
            "price": "29.09",
            "revenue": 448579
        },
        "2014-11": {
            "month": "2014-11",
            "price": "28.88",
            "revenue": 436810
        },
        "2014-12": {
            "month": "2014-12",
            "price": "29.66",
            "revenue": 400689
        },
        "2015-01": {
            "month": "2015-01",
            "price": "30.54",
            "revenue": 381034
        },
        "2015-02": {
            "month": "2015-02",
            "price": "30.20",
            "revenue": 342224
        },
        "2015-03": {
            "month": "2015-03",
            "price": "31.05",
            "revenue": 428002
        },
        "2015-04": {
            "month": "2015-04",
            "price": "29.32",
            "revenue": 422667
        },
        "2015-05": {
            "month": "2015-05",
            "price": "28.10",
            "revenue": 431385
        },
        "2015-06": {
            "month": "2015-06",
            "price": "27.20",
            "revenue": 451438
        },
        "2015-07": {
            "month": "2015-07",
            "price": "25.75",
            "revenue": 442727
        },
        "2015-08": {
            "month": "2015-08",
            "price": "21.55",
            "revenue": 447970
        },
        "2015-09": {
            "month": "2015-09",
            "price": "20.98",
            "revenue": 426041
        },
        "2015-10": {
            "month": "2015-10",
            "price": "21.57",
            "revenue": 426768
        },
        "2015-11": {
            "month": "2015-11",
            "price": "22.56",
            "revenue": 430409
        },
        "2015-12": {
            "month": "2015-12",
            "price": "21.85",
            "revenue": 423618
        },
        "2016-01": {
            "month": "2016-01",
            "price": "20.71",
            "revenue": 389515
        },
        "2016-02": {
            "month": "2016-02",
            "price": "22.35",
            "revenue": 386226
        },
        "2016-03": {
            "month": "2016-03",
            "price": "24.07",
            "revenue": 467397
        },
        "2016-04": {
            "month": "2016-04",
            "price": "24.14",
            "revenue": 445221
        },
        "2016-05": {
            "month": "2016-05",
            "price": "22.68",
            "revenue": 465881
        },
        "2016-06": {
            "month": "2016-06",
            "price": "23.58",
            "revenue": 489894
        },
        "2016-07": {
            "month": "2016-07",
            "price": "24.12",
            "revenue": 509849
        },
        "2016-08": {
            "month": "2016-08",
            "price": "23.85",
            "revenue": 535555
        },
        "2016-09": {
            "month": "2016-09",
            "price": "23.79",
            "revenue": 544134
        },
        "2016-10": {
            "month": "2016-10",
            "price": "23.83",
            "revenue": 529193
        },
        "2016-11": {
            "month": "2016-11",
            "price": "23.34",
            "revenue": 506681
        },
        "2016-12": {
            "month": "2016-12",
            "price": "23.42",
            "revenue": 526627
        },
        "2017-01": {
            "month": "2017-01",
            "price": "23.80",
            "revenue": 507534
        },
        "2017-02": {
            "month": "2017-02",
            "price": "26.07",
            "revenue": 458056
        },
        "2017-03": {
            "month": "2017-03",
            "price": "27.48",
            "revenue": 492892
        },
        "2017-04": {
            "month": "2017-04",
            "price": "26.85",
            "revenue": 455500
        },
        "2017-05": {
            "month": "2017-05",
            "price": "26.76",
            "revenue": 494527
        },
        "2017-06": {
            "month": "2017-06",
            "price": "27.20",
            "revenue": 513286
        },
        "2017-07": {
            "month": "2017-07",
            "price": "27.81",
            "revenue": 501206
        },
        "2017-08": {
            "month": "2017-08",
            "price": "26.48",
            "revenue": 536407
        },
        "2017-09": {
            "month": "2017-09",
            "price": "25.99",
            "revenue": 550091
        },
        "2017-10": {
            "month": "2017-10",
            "price": "26.18",
            "revenue": 754368
        },
        "2017-11": {
            "month": "2017-11",
            "price": "29.65",
            "revenue": 829776
        },
        "2017-12": {
            "month": "2017-12",
            "price": "31.83",
            "revenue": 739098
        },
        "2018-01": {
            "month": "2018-01",
            "price": "35.67",
            "revenue": 715771
        },
        "2018-02": {
            "month": "2018-02",
            "price": "36.30",
            "revenue": 692282
        },
        "2018-03": {
            "month": "2018-03",
            "price": "37.40",
            "revenue": 799084
        },
        "2018-04": {
            "month": "2018-04",
            "price": "36.23",
            "revenue": 822190
        },
        "2018-05": {
            "month": "2018-05",
            "price": "36.47",
            "revenue": 883565
        },
        "2018-06": {
            "month": "2018-06",
            "price": "38.24",
            "revenue": 887957
        },
        "2018-07": {
            "month": "2018-07",
            "price": "35.95",
            "revenue": 833932
        },
        "2018-08": {
            "month": "2018-08",
            "price": "34.97",
            "revenue": 885015
        },
        "2018-09": {
            "month": "2018-09",
            "price": "33.99",
            "revenue": 816063
        },
        "2018-10": {
            "month": "2018-10",
            "price": "29.81",
            "revenue": 787091
        },
        "2018-11": {
            "month": "2018-11",
            "price": "28.94",
            "revenue": 725465
        },
        "2018-12": {
            "month": "2018-12",
            "price": "28.29",
            "revenue": 693167
        },
        "2019-01": {
            "month": "2019-01",
            "price": "27.62",
            "revenue": 614340
        },
        "2019-02": {
            "month": "2019-02",
            "price": "29.13",
            "revenue": 576134
        },
        "2019-03": {
            "month": "2019-03",
            "price": "29.73",
            "revenue": 829375
        },
        "2019-04": {
            "month": "2019-04",
            "price": "30.97",
            "revenue": 668422
        },
        "2019-05": {
            "month": "2019-05",
            "price": "29.10",
            "revenue": 744494
        },
        "2019-06": {
            "month": "2019-06",
            "price": "29.19",
            "revenue": 801286
        },
        "2019-07": {
            "month": "2019-07",
            "price": "29.77",
            "revenue": 855969
        },
        "2019-08": {
            "month": "2019-08",
            "price": "29.64",
            "revenue": 861883
        },
        "2019-09": {
            "month": "2019-09",
            "price": "34.16",
            "revenue": 813996
        },
        "2019-10": {
            "month": "2019-10",
            "price": "35.46",
            "revenue": 1477233
        },
        "2019-11": {
            "month": "2019-11",
            "price": "36.27",
            "revenue": 851499
        },
        "2019-12": {
            "month": "2019-12",
            "price": "36.59",
            "revenue": 951988
        },
        "2020-01": {
            "month": "2020-01",
            "price": "36.65",
            "revenue": 849748
        },
        "2020-02": {
            "month": "2020-02",
            "price": "35.09",
            "revenue": 851584
        },
        "2020-03": {
            "month": "2020-03",
            "price": "32.51",
            "revenue": 1015681
        },
        "2020-04": {
            "month": "2020-04",
            "price": "34.31",
            "revenue": 964345
        },
        "2020-05": {
            "month": "2020-05",
            "price": "37.58",
            "revenue": 959984
        },
        "2020-06": {
            "month": "2020-06",
            "price": "38.47",
            "revenue": 974670
        },
        "2020-07": {
            "month": "2020-07",
            "price": "44.04",
            "revenue": 1023095
        },
        "2020-08": {
            "month": "2020-08",
            "price": "41.54",
            "revenue": 1127003
        },
        "2020-09": {
            "month": "2020-09",
            "price": "38.84",
            "revenue": 1146516
        },
        "2020-10": {
            "month": "2020-10",
            "price": "38.69",
            "revenue": 1154534
        },
        "2020-11": {
            "month": "2020-11",
            "price": "41.44",
            "revenue": 1151112
        },
        "2020-12": {
            "month": "2020-12",
            "price": "45.43",
            "revenue": 1210277
        },
        "2021-01": {
            "month": "2021-01",
            "price": "48.62",
            "revenue": 1197663
        },
        "2021-02": {
            "month": "2021-02",
            "price": "50.66",
            "revenue": 1109952
        },
        "2021-03": {
            "month": "2021-03",
            "price": "51.73",
            "revenue": 1196762
        },
        "2021-04": {
            "month": "2021-04",
            "price": "52.17",
            "revenue": 1350187
        },
        "2021-05": {
            "month": "2021-05",
            "price": "49.36",
            "revenue": 1408402
        },
        "2021-06": {
            "month": "2021-06",
            "price": "53.75",
            "revenue": 1446778
        },
        "2021-07": {
            "month": "2021-07",
            "price": "59.46",
            "revenue": 1563909
        },
        "2021-08": {
            "month": "2021-08",
            "price": "64.84",
            "revenue": 1589943
        },
        "2021-09": {
            "month": "2021-09",
            "price": "63.34",
            "revenue": 1526649
        },
        "2021-10": {
            "month": "2021-10",
            "price": "56.74",
            "revenue": 1445854
        },
        "2021-11": {
            "month": "2021-11",
            "price": "60.37",
            "revenue": 1326575
        },
        "2021-12": {
            "month": "2021-12",
            "price": "58.67",
            "revenue": 1518590
        },
        "2022-01": {
            "month": "2022-01",
            "price": "58.46",
            "revenue": 1448844
        },
        "2022-02": {
            "month": "2022-02",
            "price": "58.10",
            "revenue": 1439260
        },
        "2022-03": {
            "month": "2022-03",
            "price": "58.41",
            "revenue": 1731432
        },
        "2022-04": {
            "month": "2022-04",
            "price": "57.61",
            "revenue": 1646936
        },
        "2022-05": {
            "month": "2022-05",
            "price": "59.08",
            "revenue": 1751949
        },
        "2022-06": {
            "month": "2022-06",
            "price": "58.70",
            "revenue": 1755410
        },
        "2022-07": {
            "month": "2022-07",
            "price": "50.25",
            "revenue": 1657522
        },
        "2022-08": {
            "month": "2022-08",
            "price": "50.57",
            "revenue": 1563234
        },
        "2022-09": {
            "month": "2022-09",
            "price": "46.71",
            "revenue": 1563149
        },
        "2022-10": {
            "month": "2022-10",
            "price": "45.21",
            "revenue": 1409759
        },
        "2022-11": {
            "month": "2022-11",
            "price": "49.34",
            "revenue": 1391426
        },
        "2022-12": {
            "month": "2022-12",
            "price": "49.37",
            "revenue": 1335424
        },
        "2023-01": {
            "month": "2023-01",
            "price": "49.39",
            "revenue": 1176589
        },
        "2023-02": {
            "month": "2023-02",
            "price": "52.12",
            "revenue": 1169593
        },
        "2023-03": {
            "month": "2023-03",
            "price": "55.56",
            "revenue": 1270862
        },
        "2023-04": {
            "month": "2023-04",
            "price": "54.32",
            "revenue": 1198504
        },
        "2023-05": {
            "month": "2023-05",
            "price": "53.50",
            "revenue": 1211437
        },
        "2023-06": {
            "month": "2023-06",
            "price": "55.56",
            "revenue": 1305793
        },
        "2023-07": {
            "month": "2023-07",
            "price": "56.84",
            "revenue": 1386095
        },
        "2023-08": {
            "month": "2023-08",
            "price": "53.25",
            "revenue": 1362237
        },
        "2023-09": {
            "month": "2023-09",
            "price": "57.68",
            "revenue": 1384822
        },
        "2023-10": {
            "month": "2023-10",
            "price": "59.34",
            "revenue": 1351925
        },
        "2023-11": {
            "month": "2023-11",
            "price": "61.10",
            "revenue": 1313460
        },
        "2023-12": {
            "month": "2023-12",
            "price": "66.72",
            "revenue": 1348184
        },
        "2024-01": {
            "month": "2024-01",
            "price": "65.98",
            "revenue": 1384814
        },
        "2024-02": {
            "month": "2024-02",
            "price": "69.09",
            "revenue": 1316419
        }
    }
}
