{
    "summary": {
        "stock_name": "百徽",
        "stock_id": "6259",
        "category": "電子零組件",
        "main_business": "電信器材批發業<br>電子材料批發業<br>電子資訊供應服務業",
        "website_url": "http://www.bullwill.com.tw",
        "ceo": "李代祥",
        "pe_ratio": 26,
        "report_year_from": 2002,
        "report_year_to": 2023,
        "age": 21,
        "eps_negative_percentage": 73,
        "eps_growth_avg": {
            "last_all": -44.7,
            "last_2y": -59.23,
            "last_4y": -59.23,
            "last_8y": -59.23,
            "last_12y": -34.38,
            "last_16y": -34.38,
            "last_20y": null,
            "at_2006_last_3y": -65.35,
            "at_2007_last_3y": -100,
            "at_2008_last_3y": null,
            "at_2009_last_3y": null,
            "at_2010_last_3y": 80.95,
            "at_2011_last_3y": -9.52,
            "at_2012_last_3y": -9.52,
            "at_2013_last_3y": -9.52,
            "at_2014_last_3y": -100,
            "at_2015_last_3y": null,
            "at_2016_last_3y": null,
            "at_2017_last_3y": null,
            "at_2018_last_3y": null,
            "at_2019_last_3y": null,
            "at_2020_last_3y": -18.46,
            "at_2021_last_3y": -59.23,
            "at_2022_last_3y": -59.23,
            "at_2023_last_3y": -59.23,
            "at_2006_last_all": -65.35,
            "at_2007_last_all": -65.35,
            "at_2008_last_all": -65.35,
            "at_2009_last_all": -65.35,
            "at_2010_last_all": -16.58,
            "at_2011_last_all": -37.44,
            "at_2012_last_all": -37.44,
            "at_2013_last_all": -37.44,
            "at_2014_last_all": -37.44,
            "at_2015_last_all": -37.44,
            "at_2016_last_all": -37.44,
            "at_2017_last_all": -37.44,
            "at_2018_last_all": -37.44,
            "at_2019_last_all": -37.44,
            "at_2020_last_all": -33.64,
            "at_2021_last_all": -44.7,
            "at_2022_last_all": -44.7,
            "at_2023_last_all": -44.7
        },
        "latest_eps": 0.82,
        "latest_price": 21.1,
        "latest_roe": 6.3,
        "latest_gross_margin": 24.16,
        "latest_equity": 323491,
        "latest_revenue": 108491,
        "latest_gross_profit": 26209,
        "latest_net_income": 3151,
        "latest_debt_ratio": 26.15,
        "latest_current_ratio": 416.55,
        "latest_account_receivable_turnover_ratio": 0.79,
        "latest_inventory_turnover_ratio": 2.47,
        "latest_reinvestment_rate": -4.57,
        "latest_research_to_sale_ratio": 0.53
    },
    "eps_dividends": {
        "2001": {
            "cash": 0,
            "stock": 0,
            "eps": 0
        },
        "2002": {
            "cash": 0,
            "stock": 0,
            "eps": 3.16
        },
        "2003": {
            "cash": 0,
            "stock": 1,
            "eps": 2.19
        },
        "2004": {
            "cash": 1,
            "stock": 1,
            "eps": -0.78
        },
        "2005": {
            "cash": 0,
            "stock": 0,
            "eps": -0.64
        },
        "2006": {
            "cash": 0,
            "stock": 0,
            "eps": -4.99
        },
        "2007": {
            "cash": 0,
            "stock": 0,
            "eps": -1.24
        },
        "2008": {
            "cash": 0,
            "stock": 0,
            "eps": -0.67
        },
        "2009": {
            "cash": 0,
            "stock": 0,
            "eps": 0.21
        },
        "2010": {
            "cash": 0,
            "stock": 0,
            "eps": 0.38
        },
        "2011": {
            "cash": 0,
            "stock": 0,
            "eps": -0.19
        },
        "2012": {
            "cash": 0,
            "stock": 0,
            "eps": -0.79
        },
        "2013": {
            "cash": 0,
            "stock": 0,
            "eps": -0.63
        },
        "2014": {
            "cash": 0,
            "stock": 0,
            "eps": -0.91
        },
        "2015": {
            "cash": 0,
            "stock": 0,
            "eps": -1.84
        },
        "2016": {
            "cash": 0,
            "stock": 0,
            "eps": -6.02
        },
        "2017": {
            "cash": 0,
            "stock": 0,
            "eps": -0.72
        },
        "2018": {
            "cash": 0,
            "stock": 0,
            "eps": -0.19
        },
        "2019": {
            "cash": 0,
            "stock": 0,
            "eps": 0.65
        },
        "2020": {
            "cash": 0,
            "stock": 0,
            "eps": 0.53
        },
        "2021": {
            "cash": 0,
            "stock": 0,
            "eps": 0
        },
        "2022": {
            "cash": 0,
            "stock": 0,
            "eps": 1.19
        },
        "2023": {
            "cash": 1,
            "stock": 1,
            "eps": 0.14
        }
    },
    "dividends": {
        "2003-06-12": {
            "cash": 0,
            "stock": 1
        },
        "2004-03-05": {
            "cash": 1,
            "stock": 1
        },
        "2022-05-27": {
            "cash": 0.2,
            "stock": 0
        },
        "2023-03-28": {
            "cash": 0.5,
            "stock": 0.5
        }
    },
    "prices": {
        "200101": "無",
        "200102": "無",
        "200103": "無",
        "200104": "無",
        "200105": "無",
        "200106": "無",
        "200107": "無",
        "200108": "無",
        "200109": "無",
        "200110": "無",
        "200111": "無",
        "200112": "無",
        "200201": "無",
        "200202": "無",
        "200203": "無",
        "200204": "無",
        "200205": "無",
        "200206": "無",
        "200207": "無",
        "200208": "無",
        "200209": "無",
        "200210": "無",
        "200211": "無",
        "200212": "無",
        "200301": "無",
        "200302": "無",
        "200303": "無",
        "200304": "無",
        "200305": "無",
        "200306": "無",
        "200307": "無",
        "200308": "無",
        "200309": "27.23",
        "200310": "25.15",
        "200311": "26.59",
        "200312": "28.65",
        "200401": "33.68",
        "200402": "32.02",
        "200403": "34.20",
        "200404": "33.38",
        "200405": "30.00",
        "200406": "28.96",
        "200407": "27.40",
        "200408": "24.90",
        "200409": "22.91",
        "200410": "20.58",
        "200411": "19.55",
        "200412": "17.50",
        "200501": "15.18",
        "200502": "15.52",
        "200503": "14.31",
        "200504": "10.13",
        "200505": "9.98",
        "200506": "11.11",
        "200507": "12.94",
        "200508": "12.66",
        "200509": "10.85",
        "200510": "8.80",
        "200511": "8.67",
        "200512": "10.25",
        "200601": "10.36",
        "200602": "10.22",
        "200603": "10.03",
        "200604": "11.79",
        "200605": "10.57",
        "200606": "10.82",
        "200607": "12.38",
        "200608": "10.46",
        "200609": "9.34",
        "200610": "9.28",
        "200611": "9.15",
        "200612": "10.12",
        "200701": "10.25",
        "200702": "10.14",
        "200703": "10.01",
        "200704": "11.74",
        "200705": "11.37",
        "200706": "11.86",
        "200707": "15.31",
        "200708": "14.62",
        "200709": "13.06",
        "200710": "11.66",
        "200711": "8.81",
        "200712": "9.66",
        "200801": "8.86",
        "200802": "8.45",
        "200803": "7.92",
        "200804": "7.39",
        "200805": "7.35",
        "200806": "6.52",
        "200807": "5.65",
        "200808": "5.92",
        "200809": "5.08",
        "200810": "4.08",
        "200811": "4.51",
        "200812": "3.09",
        "200901": "2.30",
        "200902": "3.00",
        "200903": "3.52",
        "200904": "4.19",
        "200905": "5.05",
        "200906": "6.12",
        "200907": "6.29",
        "200908": "7.31",
        "200909": "8.20",
        "200910": "10.85",
        "200911": "11.05",
        "200912": "12.69",
        "201001": "14.18",
        "201002": "14.32",
        "201003": "14.94",
        "201004": "13.48",
        "201005": "12.41",
        "201006": "12.50",
        "201007": "18.59",
        "201008": "17.18",
        "201009": "16.07",
        "201010": "13.67",
        "201011": "13.00",
        "201012": "13.19",
        "201101": "12.88",
        "201102": "12.69",
        "201103": "12.07",
        "201104": "11.25",
        "201105": "10.47",
        "201106": "9.68",
        "201107": "8.81",
        "201108": "7.34",
        "201109": "7.11",
        "201110": "6.88",
        "201111": "7.62",
        "201112": "6.52",
        "201201": "6.48",
        "201202": "7.26",
        "201203": "7.25",
        "201204": "6.79",
        "201205": "6.49",
        "201206": "6.24",
        "201207": "5.99",
        "201208": "5.58",
        "201209": "6.20",
        "201210": "6.40",
        "201211": "7.35",
        "201212": "9.22",
        "201301": "9.31",
        "201302": "9.13",
        "201303": "9.14",
        "201304": "8.83",
        "201305": "8.73",
        "201306": "8.16",
        "201307": "7.88",
        "201308": "7.55",
        "201309": "7.13",
        "201310": "7.91",
        "201311": "8.30",
        "201312": "7.97",
        "201401": "9.05",
        "201402": "9.26",
        "201403": "11.70",
        "201404": "11.22",
        "201405": "11.10",
        "201406": "12.01",
        "201407": "14.58",
        "201408": "12.94",
        "201409": "11.31",
        "201410": "19.06",
        "201411": "24.52",
        "201412": "36.58",
        "201501": "28.22",
        "201502": "20.64",
        "201503": "21.17",
        "201504": "16.18",
        "201505": "14.36",
        "201506": "11.90",
        "201507": "10.01",
        "201508": "7.03",
        "201509": "6.59",
        "201510": "8.01",
        "201511": "9.60",
        "201512": "9.18",
        "201601": "9.08",
        "201602": "7.50",
        "201603": "7.36",
        "201604": "6.13",
        "201605": "3.58",
        "201606": "2.58",
        "201607": "2.94",
        "201608": "3.11",
        "201609": "2.99",
        "201610": "3.17",
        "201611": "3.07",
        "201612": "2.85",
        "201701": "2.98",
        "201702": "3.10",
        "201703": "3.00",
        "201704": "2.84",
        "201705": "2.61",
        "201706": "2.38",
        "201707": "2.91",
        "201708": "3.50",
        "201709": "3.01",
        "201710": "3.00",
        "201711": "2.90",
        "201712": "3.04",
        "201801": "2.97",
        "201802": "3.67",
        "201803": "3.79",
        "201804": "3.88",
        "201805": "3.40",
        "201806": "3.36",
        "201807": "2.95",
        "201808": "2.88",
        "201809": "2.79",
        "201810": "2.30",
        "201811": "2.30",
        "201812": "2.43",
        "201901": "2.37",
        "201902": "2.40",
        "201903": "2.17",
        "201904": "2.08",
        "201905": "1.94",
        "201906": "2.17",
        "201907": "3.35",
        "201908": "3.32",
        "201909": "3.61",
        "201910": "3.35",
        "201911": "2.65",
        "201912": "2.20",
        "202001": "2.18",
        "202002": "2.39",
        "202003": "2.22",
        "202004": "2.03",
        "202005": "2.03",
        "202006": "1.94",
        "202007": "2.17",
        "202008": "2.63",
        "202009": "8.78",
        "202010": "15.25",
        "202011": "14.77",
        "202012": "14.27",
        "202101": "13.82",
        "202102": "14.80",
        "202103": "17.68",
        "202104": "19.95",
        "202105": "17.53",
        "202106": "15.40",
        "202107": "16.81",
        "202108": "16.63",
        "202109": "22.02",
        "202110": "25.50",
        "202111": "31.43",
        "202112": "33.34",
        "202201": "29.22",
        "202202": "36.43",
        "202203": "42.74",
        "202204": "34.65",
        "202205": "30.86",
        "202206": "31.29",
        "202207": "27.53",
        "202208": "26.82",
        "202209": "25.70",
        "202210": "19.35",
        "202211": "21.40",
        "202212": "22.72",
        "202301": "22.82",
        "202302": "23.68",
        "202303": "22.76",
        "202304": "22.48",
        "202305": "21.84"
    },
    "quarters": {
        "20011": {
            "year_quarter": 20011,
            "year": 2001,
            "quarter": 1,
            "eps": null,
            "eps_growth_year": null,
            "eps_4q": null,
            "eps_4q_growth_year": null,
            "roe": null,
            "gross_profit": null,
            "gross_margin": null,
            "net_income": null,
            "revenue": null,
            "common_shares": null,
            "equity": null,
            "current_ratio": null,
            "debt_ratio": null,
            "inventory_turnover_ratio": null,
            "account_receivable_turnover_ratio": null,
            "reinvestment_rate": null,
            "research_to_sale_ratio": null,
            "price_fair": 0,
            "eps_avg_yearly": 0,
            "eps_latest_yearly": 0,
            "eps_growth_yearly": 0
        },
        "20012": {
            "year_quarter": 20012,
            "year": 2001,
            "quarter": 2,
            "eps": null,
            "eps_growth_year": null,
            "eps_4q": null,
            "eps_4q_growth_year": null,
            "roe": null,
            "gross_profit": null,
            "gross_margin": null,
            "net_income": null,
            "revenue": null,
            "common_shares": null,
            "equity": null,
            "current_ratio": null,
            "debt_ratio": null,
            "inventory_turnover_ratio": null,
            "account_receivable_turnover_ratio": null,
            "reinvestment_rate": null,
            "research_to_sale_ratio": null,
            "price_fair": 0,
            "eps_avg_yearly": 0,
            "eps_latest_yearly": 0,
            "eps_growth_yearly": 0
        },
        "20013": {
            "year_quarter": 20013,
            "year": 2001,
            "quarter": 3,
            "eps": null,
            "eps_growth_year": null,
            "eps_4q": null,
            "eps_4q_growth_year": null,
            "roe": null,
            "gross_profit": null,
            "gross_margin": null,
            "net_income": null,
            "revenue": null,
            "common_shares": null,
            "equity": null,
            "current_ratio": null,
            "debt_ratio": null,
            "inventory_turnover_ratio": null,
            "account_receivable_turnover_ratio": null,
            "reinvestment_rate": null,
            "research_to_sale_ratio": null,
            "price_fair": 0,
            "eps_avg_yearly": 0,
            "eps_latest_yearly": 0,
            "eps_growth_yearly": 0
        },
        "20014": {
            "year_quarter": 20014,
            "year": 2001,
            "quarter": 4,
            "eps": null,
            "eps_growth_year": null,
            "eps_4q": null,
            "eps_4q_growth_year": null,
            "roe": null,
            "gross_profit": null,
            "gross_margin": null,
            "net_income": null,
            "revenue": null,
            "common_shares": 98070,
            "equity": 149434,
            "current_ratio": 160.35,
            "debt_ratio": 57.2,
            "inventory_turnover_ratio": null,
            "account_receivable_turnover_ratio": null,
            "reinvestment_rate": null,
            "research_to_sale_ratio": null,
            "price_fair": 0,
            "eps_avg_yearly": 0,
            "eps_latest_yearly": 0,
            "eps_growth_yearly": 0
        },
        "20021": {
            "year_quarter": 20021,
            "year": 2002,
            "quarter": 1,
            "eps": 1.3,
            "eps_growth_year": null,
            "eps_4q": null,
            "eps_4q_growth_year": null,
            "roe": 8.17,
            "gross_profit": 36372,
            "gross_margin": 27.21,
            "net_income": 12731,
            "revenue": 133691,
            "common_shares": 98070,
            "equity": 162165,
            "current_ratio": 154.82,
            "debt_ratio": 56.22,
            "inventory_turnover_ratio": 1.95,
            "account_receivable_turnover_ratio": null,
            "reinvestment_rate": null,
            "research_to_sale_ratio": null,
            "price_fair": 0,
            "eps_avg_yearly": 0,
            "eps_latest_yearly": 0,
            "eps_growth_yearly": 0
        },
        "20022": {
            "year_quarter": 20022,
            "year": 2002,
            "quarter": 2,
            "eps": 0.37,
            "eps_growth_year": null,
            "eps_4q": null,
            "eps_4q_growth_year": null,
            "roe": 3.15,
            "gross_profit": 36311,
            "gross_margin": 24.85,
            "net_income": 5172,
            "revenue": 146123,
            "common_shares": 98070,
            "equity": 166017,
            "current_ratio": 131.46,
            "debt_ratio": 62.34,
            "inventory_turnover_ratio": 1.94,
            "account_receivable_turnover_ratio": null,
            "reinvestment_rate": null,
            "research_to_sale_ratio": null,
            "price_fair": 4.44,
            "eps_avg_yearly": 1.48,
            "eps_latest_yearly": 1.48,
            "eps_growth_yearly": -286.15
        },
        "20023": {
            "year_quarter": 20023,
            "year": 2002,
            "quarter": 3,
            "eps": 0.91,
            "eps_growth_year": null,
            "eps_4q": null,
            "eps_4q_growth_year": null,
            "roe": 6.08,
            "gross_profit": 51771,
            "gross_margin": 24.13,
            "net_income": 14712,
            "revenue": 214530,
            "common_shares": 209337,
            "equity": 318297,
            "current_ratio": 239.48,
            "debt_ratio": 38.18,
            "inventory_turnover_ratio": 2.45,
            "account_receivable_turnover_ratio": null,
            "reinvestment_rate": null,
            "research_to_sale_ratio": null,
            "price_fair": 89.6,
            "eps_avg_yearly": 2.56,
            "eps_latest_yearly": 3.64,
            "eps_growth_yearly": 148.81
        },
        "20024": {
            "year_quarter": 20024,
            "year": 2002,
            "quarter": 4,
            "eps": 0.58,
            "eps_growth_year": null,
            "eps_4q": 2.58,
            "eps_4q_growth_year": null,
            "roe": 2.93,
            "gross_profit": 41544,
            "gross_margin": 21.37,
            "net_income": 9460,
            "revenue": 194371,
            "common_shares": 209337,
            "equity": 327173,
            "current_ratio": 295.09,
            "debt_ratio": 33.29,
            "inventory_turnover_ratio": 2.05,
            "account_receivable_turnover_ratio": null,
            "reinvestment_rate": null,
            "research_to_sale_ratio": null,
            "price_fair": 86.8,
            "eps_avg_yearly": 2.48,
            "eps_latest_yearly": 2.32,
            "eps_growth_yearly": 50.86
        },
        "20031": {
            "year_quarter": 20031,
            "year": 2003,
            "quarter": 1,
            "eps": 0.48,
            "eps_growth_year": -63.08,
            "eps_4q": 1.89,
            "eps_4q_growth_year": null,
            "roe": 3.01,
            "gross_profit": 43756,
            "gross_margin": 23.61,
            "net_income": 10002,
            "revenue": 185314,
            "common_shares": 209337,
            "equity": 337176,
            "current_ratio": 235.47,
            "debt_ratio": 36.68,
            "inventory_turnover_ratio": 1.64,
            "account_receivable_turnover_ratio": null,
            "reinvestment_rate": null,
            "research_to_sale_ratio": null,
            "price_fair": 72.31,
            "eps_avg_yearly": 2.34,
            "eps_latest_yearly": 1.92,
            "eps_growth_yearly": 20.9
        },
        "20032": {
            "year_quarter": 20032,
            "year": 2003,
            "quarter": 2,
            "eps": 0.64,
            "eps_growth_year": 72.97,
            "eps_4q": 2.26,
            "eps_4q_growth_year": null,
            "roe": 3.93,
            "gross_profit": 44497,
            "gross_margin": 19.98,
            "net_income": 13488,
            "revenue": 222722,
            "common_shares": 209337,
            "equity": 349882,
            "current_ratio": 201.74,
            "debt_ratio": 42.73,
            "inventory_turnover_ratio": 1.8,
            "account_receivable_turnover_ratio": null,
            "reinvestment_rate": null,
            "research_to_sale_ratio": null,
            "price_fair": 83.44,
            "eps_avg_yearly": 2.38,
            "eps_latest_yearly": 2.56,
            "eps_growth_yearly": 43.39
        },
        "20033": {
            "year_quarter": 20033,
            "year": 2003,
            "quarter": 3,
            "eps": 0.68,
            "eps_growth_year": -25.27,
            "eps_4q": 2.09,
            "eps_4q_growth_year": null,
            "roe": 4.44,
            "gross_profit": 53522,
            "gross_margin": 18.54,
            "net_income": 15901,
            "revenue": 288729,
            "common_shares": 233226,
            "equity": 365639,
            "current_ratio": 185.85,
            "debt_ratio": 46.69,
            "inventory_turnover_ratio": 1.95,
            "account_receivable_turnover_ratio": null,
            "reinvestment_rate": null,
            "research_to_sale_ratio": null,
            "price_fair": 85.4,
            "eps_avg_yearly": 2.44,
            "eps_latest_yearly": 2.72,
            "eps_growth_yearly": 40.32
        },
        "20034": {
            "year_quarter": 20034,
            "year": 2003,
            "quarter": 4,
            "eps": 0.39,
            "eps_growth_year": -32.76,
            "eps_4q": 2.09,
            "eps_4q_growth_year": -18.91,
            "roe": 2.44,
            "gross_profit": 42992,
            "gross_margin": 15.4,
            "net_income": 9027,
            "revenue": 279245,
            "common_shares": 233226,
            "equity": 373698,
            "current_ratio": 165.35,
            "debt_ratio": 53.98,
            "inventory_turnover_ratio": 1.4,
            "account_receivable_turnover_ratio": null,
            "reinvestment_rate": null,
            "research_to_sale_ratio": null,
            "price_fair": 46.73,
            "eps_avg_yearly": 2.31,
            "eps_latest_yearly": 1.56,
            "eps_growth_yearly": 10.19
        },
        "20041": {
            "year_quarter": 20041,
            "year": 2004,
            "quarter": 1,
            "eps": 0.27,
            "eps_growth_year": -43.75,
            "eps_4q": 1.92,
            "eps_4q_growth_year": 1.53,
            "roe": 1.67,
            "gross_profit": 44536,
            "gross_margin": 14.22,
            "net_income": 6297,
            "revenue": 313188,
            "common_shares": 233226,
            "equity": 379802,
            "current_ratio": 148.34,
            "debt_ratio": 59.88,
            "inventory_turnover_ratio": 1.36,
            "account_receivable_turnover_ratio": null,
            "reinvestment_rate": null,
            "research_to_sale_ratio": null,
            "price_fair": 6.48,
            "eps_avg_yearly": 2.16,
            "eps_latest_yearly": 1.08,
            "eps_growth_yearly": -6.47
        },
        "20042": {
            "year_quarter": 20042,
            "year": 2004,
            "quarter": 2,
            "eps": 0.74,
            "eps_growth_year": 15.62,
            "eps_4q": 2.07,
            "eps_4q_growth_year": -8.31,
            "roe": 4.61,
            "gross_profit": 62956,
            "gross_margin": 15.64,
            "net_income": 17327,
            "revenue": 402608,
            "common_shares": 233226,
            "equity": 372300,
            "current_ratio": 131.23,
            "debt_ratio": 67.84,
            "inventory_turnover_ratio": 1.23,
            "account_receivable_turnover_ratio": null,
            "reinvestment_rate": null,
            "research_to_sale_ratio": null,
            "price_fair": 78.71,
            "eps_avg_yearly": 2.25,
            "eps_latest_yearly": 2.96,
            "eps_growth_yearly": 71.62
        },
        "20043": {
            "year_quarter": 20043,
            "year": 2004,
            "quarter": 3,
            "eps": 0.06,
            "eps_growth_year": -91.18,
            "eps_4q": 1.31,
            "eps_4q_growth_year": -37.25,
            "roe": 0.42,
            "gross_profit": 37183,
            "gross_margin": 11.76,
            "net_income": 1566,
            "revenue": 316270,
            "common_shares": 264332,
            "equity": 376788,
            "current_ratio": 223.7,
            "debt_ratio": 66.06,
            "inventory_turnover_ratio": 0.8,
            "account_receivable_turnover_ratio": null,
            "reinvestment_rate": null,
            "research_to_sale_ratio": null,
            "price_fair": 71.68,
            "eps_avg_yearly": 2.05,
            "eps_latest_yearly": 0.24,
            "eps_growth_yearly": 27.7
        },
        "20044": {
            "year_quarter": 20044,
            "year": 2004,
            "quarter": 4,
            "eps": -1.85,
            "eps_growth_year": -574.36,
            "eps_4q": -0.89,
            "eps_4q_growth_year": -142.55,
            "roe": -14.35,
            "gross_profit": 22671,
            "gross_margin": 5.54,
            "net_income": -48529,
            "revenue": 409570,
            "common_shares": 264332,
            "equity": 299804,
            "current_ratio": 183.82,
            "debt_ratio": 72.69,
            "inventory_turnover_ratio": 1.24,
            "account_receivable_turnover_ratio": null,
            "reinvestment_rate": null,
            "research_to_sale_ratio": null,
            "price_fair": 71.68,
            "eps_avg_yearly": 2.05,
            "eps_latest_yearly": 0.24,
            "eps_growth_yearly": 27.7
        },
        "20051": {
            "year_quarter": 20051,
            "year": 2005,
            "quarter": 1,
            "eps": -0.59,
            "eps_growth_year": -318.52,
            "eps_4q": -1.81,
            "eps_4q_growth_year": -194.28,
            "roe": -5.03,
            "gross_profit": 19659,
            "gross_margin": 4.99,
            "net_income": -14361,
            "revenue": 393724,
            "common_shares": 264332,
            "equity": 271442,
            "current_ratio": 186.74,
            "debt_ratio": 72.86,
            "inventory_turnover_ratio": 1.44,
            "account_receivable_turnover_ratio": null,
            "reinvestment_rate": null,
            "research_to_sale_ratio": null,
            "price_fair": 71.68,
            "eps_avg_yearly": 2.05,
            "eps_latest_yearly": 0.24,
            "eps_growth_yearly": 27.7
        },
        "20052": {
            "year_quarter": 20052,
            "year": 2005,
            "quarter": 2,
            "eps": 0.28,
            "eps_growth_year": -62.16,
            "eps_4q": -2.23,
            "eps_4q_growth_year": -207.56,
            "roe": 2.49,
            "gross_profit": -7690,
            "gross_margin": -2.62,
            "net_income": 6840,
            "revenue": 293411,
            "common_shares": 264332,
            "equity": 278343,
            "current_ratio": 170.88,
            "debt_ratio": 69.75,
            "inventory_turnover_ratio": 1.43,
            "account_receivable_turnover_ratio": null,
            "reinvestment_rate": null,
            "research_to_sale_ratio": null,
            "price_fair": 71.68,
            "eps_avg_yearly": 2.05,
            "eps_latest_yearly": 0.24,
            "eps_growth_yearly": 27.7
        },
        "20053": {
            "year_quarter": 20053,
            "year": 2005,
            "quarter": 3,
            "eps": -0.14,
            "eps_growth_year": -333.33,
            "eps_4q": -2.25,
            "eps_4q_growth_year": -271.71,
            "roe": -1.25,
            "gross_profit": 17010,
            "gross_margin": 9.73,
            "net_income": -3455,
            "revenue": 174787,
            "common_shares": 264332,
            "equity": 276007,
            "current_ratio": 151.98,
            "debt_ratio": 62.66,
            "inventory_turnover_ratio": 0.94,
            "account_receivable_turnover_ratio": null,
            "reinvestment_rate": null,
            "research_to_sale_ratio": null,
            "price_fair": 71.68,
            "eps_avg_yearly": 2.05,
            "eps_latest_yearly": 0.24,
            "eps_growth_yearly": 27.7
        },
        "20054": {
            "year_quarter": 20054,
            "year": 2005,
            "quarter": 4,
            "eps": -0.19,
            "eps_growth_year": null,
            "eps_4q": -0.65,
            "eps_4q_growth_year": null,
            "roe": -1.66,
            "gross_profit": 24905,
            "gross_margin": 12.38,
            "net_income": -4560,
            "revenue": 201166,
            "common_shares": 264332,
            "equity": 274160,
            "current_ratio": 157.49,
            "debt_ratio": 66.66,
            "inventory_turnover_ratio": 1.13,
            "account_receivable_turnover_ratio": null,
            "reinvestment_rate": 69.96,
            "research_to_sale_ratio": null,
            "price_fair": 71.68,
            "eps_avg_yearly": 2.05,
            "eps_latest_yearly": 0.24,
            "eps_growth_yearly": 27.7
        },
        "20061": {
            "year_quarter": 20061,
            "year": 2006,
            "quarter": 1,
            "eps": 0.17,
            "eps_growth_year": null,
            "eps_4q": 0.12,
            "eps_4q_growth_year": null,
            "roe": 1.46,
            "gross_profit": 35561,
            "gross_margin": 14.33,
            "net_income": 4025,
            "revenue": 248127,
            "common_shares": 264332,
            "equity": 276761,
            "current_ratio": 150.07,
            "debt_ratio": 62.83,
            "inventory_turnover_ratio": 1.44,
            "account_receivable_turnover_ratio": null,
            "reinvestment_rate": 104.16,
            "research_to_sale_ratio": null,
            "price_fair": 71.68,
            "eps_avg_yearly": 2.05,
            "eps_latest_yearly": 0.24,
            "eps_growth_yearly": 27.7
        },
        "20062": {
            "year_quarter": 20062,
            "year": 2006,
            "quarter": 2,
            "eps": 0.03,
            "eps_growth_year": -89.29,
            "eps_4q": -0.16,
            "eps_4q_growth_year": null,
            "roe": 0.23,
            "gross_profit": 27298,
            "gross_margin": 12.27,
            "net_income": 643,
            "revenue": 222520,
            "common_shares": 264332,
            "equity": 276289,
            "current_ratio": 171.26,
            "debt_ratio": 65.01,
            "inventory_turnover_ratio": 1.36,
            "account_receivable_turnover_ratio": null,
            "reinvestment_rate": 98.14,
            "research_to_sale_ratio": null,
            "price_fair": 63.81,
            "eps_avg_yearly": 1.91,
            "eps_latest_yearly": 0.12,
            "eps_growth_yearly": 23.37
        },
        "20063": {
            "year_quarter": 20063,
            "year": 2006,
            "quarter": 3,
            "eps": -0.49,
            "eps_growth_year": null,
            "eps_4q": -0.44,
            "eps_4q_growth_year": null,
            "roe": -4.38,
            "gross_profit": 25896,
            "gross_margin": 10.27,
            "net_income": -11868,
            "revenue": 252160,
            "common_shares": 264332,
            "equity": 265029,
            "current_ratio": 125.56,
            "debt_ratio": 67.39,
            "inventory_turnover_ratio": 1.54,
            "account_receivable_turnover_ratio": null,
            "reinvestment_rate": 272.52,
            "research_to_sale_ratio": null,
            "price_fair": 5.16,
            "eps_avg_yearly": 1.72,
            "eps_latest_yearly": 0.12,
            "eps_growth_yearly": -38.89
        },
        "20064": {
            "year_quarter": 20064,
            "year": 2006,
            "quarter": 4,
            "eps": -4.7,
            "eps_growth_year": null,
            "eps_4q": -5.09,
            "eps_4q_growth_year": null,
            "roe": -52.85,
            "gross_profit": 20985,
            "gross_margin": 14.54,
            "net_income": -113140,
            "revenue": 144361,
            "common_shares": 264332,
            "equity": 163157,
            "current_ratio": 117.17,
            "debt_ratio": 75.18,
            "inventory_turnover_ratio": 0.84,
            "account_receivable_turnover_ratio": null,
            "reinvestment_rate": null,
            "research_to_sale_ratio": null,
            "price_fair": 4.94,
            "eps_avg_yearly": 1.65,
            "eps_latest_yearly": 0.12,
            "eps_growth_yearly": -25.62
        },
        "20071": {
            "year_quarter": 20071,
            "year": 2007,
            "quarter": 1,
            "eps": -0.17,
            "eps_growth_year": -200,
            "eps_4q": -4.34,
            "eps_4q_growth_year": -3705.48,
            "roe": -2.55,
            "gross_profit": 17953,
            "gross_margin": 18.94,
            "net_income": -5070,
            "revenue": 94812,
            "common_shares": 264332,
            "equity": 233866,
            "current_ratio": 132.82,
            "debt_ratio": 64.01,
            "inventory_turnover_ratio": 0.54,
            "account_receivable_turnover_ratio": null,
            "reinvestment_rate": null,
            "research_to_sale_ratio": null,
            "price_fair": 4.82,
            "eps_avg_yearly": 1.61,
            "eps_latest_yearly": 0.12,
            "eps_growth_yearly": -19.43
        },
        "20072": {
            "year_quarter": 20072,
            "year": 2007,
            "quarter": 2,
            "eps": -0.53,
            "eps_growth_year": -1866.67,
            "eps_4q": -3.58,
            "eps_4q_growth_year": null,
            "roe": -8.18,
            "gross_profit": 6614,
            "gross_margin": 5.92,
            "net_income": -18349,
            "revenue": 111735,
            "common_shares": 414332,
            "equity": 214905,
            "current_ratio": 136.05,
            "debt_ratio": 60.27,
            "inventory_turnover_ratio": 0.79,
            "account_receivable_turnover_ratio": null,
            "reinvestment_rate": null,
            "research_to_sale_ratio": null,
            "price_fair": 4.34,
            "eps_avg_yearly": 1.45,
            "eps_latest_yearly": 0.12,
            "eps_growth_yearly": -44.89
        },
        "20073": {
            "year_quarter": 20073,
            "year": 2007,
            "quarter": 3,
            "eps": -0.1,
            "eps_growth_year": null,
            "eps_4q": -2.6,
            "eps_4q_growth_year": null,
            "roe": -1.42,
            "gross_profit": 25533,
            "gross_margin": 16.48,
            "net_income": -3606,
            "revenue": 154979,
            "common_shares": 539620,
            "equity": 294432,
            "current_ratio": 180.59,
            "debt_ratio": 53.73,
            "inventory_turnover_ratio": 1.07,
            "account_receivable_turnover_ratio": null,
            "reinvestment_rate": null,
            "research_to_sale_ratio": null,
            "price_fair": 3.58,
            "eps_avg_yearly": 1.19,
            "eps_latest_yearly": 0.12,
            "eps_growth_yearly": -58.87
        },
        "20074": {
            "year_quarter": 20074,
            "year": 2007,
            "quarter": 4,
            "eps": -0.44,
            "eps_growth_year": null,
            "eps_4q": -1.12,
            "eps_4q_growth_year": null,
            "roe": -6.13,
            "gross_profit": 18381,
            "gross_margin": 12.21,
            "net_income": -17822,
            "revenue": 150587,
            "common_shares": 539619,
            "equity": 286627,
            "current_ratio": 170.46,
            "debt_ratio": 58.42,
            "inventory_turnover_ratio": 1.04,
            "account_receivable_turnover_ratio": null,
            "reinvestment_rate": null,
            "research_to_sale_ratio": null,
            "price_fair": 3.3,
            "eps_avg_yearly": 1.1,
            "eps_latest_yearly": 0.12,
            "eps_growth_yearly": -30.94
        },
        "20081": {
            "year_quarter": 20081,
            "year": 2008,
            "quarter": 1,
            "eps": -0.06,
            "eps_growth_year": null,
            "eps_4q": -0.59,
            "eps_4q_growth_year": null,
            "roe": -1.5,
            "gross_profit": 26091,
            "gross_margin": 16.49,
            "net_income": -4411,
            "revenue": 158218,
            "common_shares": 556131,
            "equity": 301706,
            "current_ratio": 167.1,
            "debt_ratio": 53.22,
            "inventory_turnover_ratio": 0.95,
            "account_receivable_turnover_ratio": null,
            "reinvestment_rate": null,
            "research_to_sale_ratio": null,
            "price_fair": 3.32,
            "eps_avg_yearly": 1.11,
            "eps_latest_yearly": 0.12,
            "eps_growth_yearly": -0.23
        },
        "20082": {
            "year_quarter": 20082,
            "year": 2008,
            "quarter": 2,
            "eps": 0.18,
            "eps_growth_year": null,
            "eps_4q": -0.31,
            "eps_4q_growth_year": null,
            "roe": 2.85,
            "gross_profit": 25034,
            "gross_margin": 17.02,
            "net_income": 8713,
            "revenue": 147105,
            "common_shares": 556131,
            "equity": 310760,
            "current_ratio": 177.43,
            "debt_ratio": 53.35,
            "inventory_turnover_ratio": 0.87,
            "account_receivable_turnover_ratio": null,
            "reinvestment_rate": null,
            "research_to_sale_ratio": null,
            "price_fair": 0.54,
            "eps_avg_yearly": 0.18,
            "eps_latest_yearly": 0.12,
            "eps_growth_yearly": -348.49
        },
        "20083": {
            "year_quarter": 20083,
            "year": 2008,
            "quarter": 3,
            "eps": -0.33,
            "eps_growth_year": null,
            "eps_4q": -0.58,
            "eps_4q_growth_year": null,
            "roe": -5.72,
            "gross_profit": 31326,
            "gross_margin": 22.8,
            "net_income": -17327,
            "revenue": 137371,
            "common_shares": 444905,
            "equity": 295491,
            "current_ratio": 176.44,
            "debt_ratio": 48.35,
            "inventory_turnover_ratio": 0.75,
            "account_receivable_turnover_ratio": null,
            "reinvestment_rate": null,
            "research_to_sale_ratio": null,
            "price_fair": 0.36,
            "eps_avg_yearly": 0.12,
            "eps_latest_yearly": 0.12,
            "eps_growth_yearly": -329.41
        },
        "20084": {
            "year_quarter": 20084,
            "year": 2008,
            "quarter": 4,
            "eps": -0.46,
            "eps_growth_year": null,
            "eps_4q": -0.51,
            "eps_4q_growth_year": null,
            "roe": -8.25,
            "gross_profit": -508,
            "gross_margin": -0.52,
            "net_income": -23485,
            "revenue": 97142,
            "common_shares": 444905,
            "equity": 273521,
            "current_ratio": 187.76,
            "debt_ratio": 43.98,
            "inventory_turnover_ratio": 0.73,
            "account_receivable_turnover_ratio": 1.36,
            "reinvestment_rate": null,
            "research_to_sale_ratio": null,
            "price_fair": 0.36,
            "eps_avg_yearly": 0.12,
            "eps_latest_yearly": 0.12,
            "eps_growth_yearly": -329.41
        },
        "20091": {
            "year_quarter": 20091,
            "year": 2009,
            "quarter": 1,
            "eps": -0.11,
            "eps_growth_year": null,
            "eps_4q": -0.7,
            "eps_4q_growth_year": null,
            "roe": -2.47,
            "gross_profit": 17981,
            "gross_margin": 17.22,
            "net_income": -6697,
            "revenue": 104435,
            "common_shares": 444905,
            "equity": 267775,
            "current_ratio": 180.21,
            "debt_ratio": 45.11,
            "inventory_turnover_ratio": 0.7,
            "account_receivable_turnover_ratio": 0.72,
            "reinvestment_rate": null,
            "research_to_sale_ratio": null,
            "price_fair": 0.36,
            "eps_avg_yearly": 0.12,
            "eps_latest_yearly": 0.12,
            "eps_growth_yearly": -329.41
        },
        "20092": {
            "year_quarter": 20092,
            "year": 2009,
            "quarter": 2,
            "eps": -0.05,
            "eps_growth_year": -127.78,
            "eps_4q": -0.97,
            "eps_4q_growth_year": null,
            "roe": -1.35,
            "gross_profit": 25612,
            "gross_margin": 19.66,
            "net_income": -3724,
            "revenue": 130303,
            "common_shares": 444905,
            "equity": 281944,
            "current_ratio": 172.44,
            "debt_ratio": 46.61,
            "inventory_turnover_ratio": 0.84,
            "account_receivable_turnover_ratio": 0.79,
            "reinvestment_rate": null,
            "research_to_sale_ratio": null,
            "price_fair": 0.36,
            "eps_avg_yearly": 0.12,
            "eps_latest_yearly": 0.12,
            "eps_growth_yearly": -329.41
        },
        "20093": {
            "year_quarter": 20093,
            "year": 2009,
            "quarter": 3,
            "eps": 0.21,
            "eps_growth_year": null,
            "eps_4q": -0.46,
            "eps_4q_growth_year": null,
            "roe": 2.77,
            "gross_profit": 37917,
            "gross_margin": 20.14,
            "net_income": 8733,
            "revenue": 188303,
            "common_shares": 564905,
            "equity": 348812,
            "current_ratio": 196.41,
            "debt_ratio": 41.35,
            "inventory_turnover_ratio": 1.15,
            "account_receivable_turnover_ratio": 0.9,
            "reinvestment_rate": null,
            "research_to_sale_ratio": null,
            "price_fair": 0.36,
            "eps_avg_yearly": 0.12,
            "eps_latest_yearly": 0.12,
            "eps_growth_yearly": -329.41
        },
        "20094": {
            "year_quarter": 20094,
            "year": 2009,
            "quarter": 4,
            "eps": 0.16,
            "eps_growth_year": null,
            "eps_4q": 0.17,
            "eps_4q_growth_year": null,
            "roe": 1.88,
            "gross_profit": 38782,
            "gross_margin": 19.54,
            "net_income": 6961,
            "revenue": 198473,
            "common_shares": 617435,
            "equity": 392941,
            "current_ratio": 212.86,
            "debt_ratio": 39.25,
            "inventory_turnover_ratio": 1.12,
            "account_receivable_turnover_ratio": 1.39,
            "reinvestment_rate": null,
            "research_to_sale_ratio": null,
            "price_fair": 1.14,
            "eps_avg_yearly": 0.38,
            "eps_latest_yearly": 0.64,
            "eps_growth_yearly": -212.32
        },
        "20101": {
            "year_quarter": 20101,
            "year": 2010,
            "quarter": 1,
            "eps": 0.08,
            "eps_growth_year": null,
            "eps_4q": 0.32,
            "eps_4q_growth_year": null,
            "roe": 1.24,
            "gross_profit": 39358,
            "gross_margin": 18.6,
            "net_income": 5024,
            "revenue": 211595,
            "common_shares": 634335,
            "equity": 414208,
            "current_ratio": 192.65,
            "debt_ratio": 44.44,
            "inventory_turnover_ratio": 1.03,
            "account_receivable_turnover_ratio": 0.72,
            "reinvestment_rate": null,
            "research_to_sale_ratio": 0,
            "price_fair": 1.08,
            "eps_avg_yearly": 0.36,
            "eps_latest_yearly": 0.32,
            "eps_growth_yearly": -208.22
        },
        "20102": {
            "year_quarter": 20102,
            "year": 2010,
            "quarter": 2,
            "eps": 0.08,
            "eps_growth_year": null,
            "eps_4q": 0.41,
            "eps_4q_growth_year": null,
            "roe": 1.29,
            "gross_profit": 46819,
            "gross_margin": 17.06,
            "net_income": 5711,
            "revenue": 274405,
            "common_shares": 688335,
            "equity": 470113,
            "current_ratio": 199.08,
            "debt_ratio": 43.51,
            "inventory_turnover_ratio": 1.16,
            "account_receivable_turnover_ratio": 0.81,
            "reinvestment_rate": null,
            "research_to_sale_ratio": 0,
            "price_fair": 1.28,
            "eps_avg_yearly": 0.43,
            "eps_latest_yearly": 0.32,
            "eps_growth_yearly": -98.41
        },
        "20103": {
            "year_quarter": 20103,
            "year": 2010,
            "quarter": 3,
            "eps": 0.19,
            "eps_growth_year": -11.85,
            "eps_4q": 0.45,
            "eps_4q_growth_year": null,
            "roe": 2.65,
            "gross_profit": 53141,
            "gross_margin": 19.3,
            "net_income": 12662,
            "revenue": 275274,
            "common_shares": 688335,
            "equity": 484522,
            "current_ratio": 208.96,
            "debt_ratio": 41.7,
            "inventory_turnover_ratio": 1.11,
            "account_receivable_turnover_ratio": 0.7,
            "reinvestment_rate": null,
            "research_to_sale_ratio": 0,
            "price_fair": 17.85,
            "eps_avg_yearly": 0.51,
            "eps_latest_yearly": 0.76,
            "eps_growth_yearly": 63.69
        },
        "20104": {
            "year_quarter": 20104,
            "year": 2010,
            "quarter": 4,
            "eps": 0.03,
            "eps_growth_year": -83.22,
            "eps_4q": 0.37,
            "eps_4q_growth_year": 118.83,
            "roe": 0.38,
            "gross_profit": 38580,
            "gross_margin": 15.6,
            "net_income": 1855,
            "revenue": 247272,
            "common_shares": 690745,
            "equity": 486045,
            "current_ratio": 209.05,
            "debt_ratio": 41.24,
            "inventory_turnover_ratio": 1.13,
            "account_receivable_turnover_ratio": 0.62,
            "reinvestment_rate": null,
            "research_to_sale_ratio": 0.56,
            "price_fair": 1.3,
            "eps_avg_yearly": 0.43,
            "eps_latest_yearly": 0.12,
            "eps_growth_yearly": -16.42
        },
        "20111": {
            "year_quarter": 20111,
            "year": 2011,
            "quarter": 1,
            "eps": 0.04,
            "eps_growth_year": -50,
            "eps_4q": 0.33,
            "eps_4q_growth_year": 1.81,
            "roe": 0.54,
            "gross_profit": 36581,
            "gross_margin": 15.41,
            "net_income": 2644,
            "revenue": 237460,
            "common_shares": 699150,
            "equity": 496148,
            "current_ratio": 200.01,
            "debt_ratio": 42.48,
            "inventory_turnover_ratio": 1.05,
            "account_receivable_turnover_ratio": 0.64,
            "reinvestment_rate": null,
            "research_to_sale_ratio": 0.88,
            "price_fair": 7.17,
            "eps_avg_yearly": 0.39,
            "eps_latest_yearly": 0.16,
            "eps_growth_yearly": 8.54
        },
        "20112": {
            "year_quarter": 20112,
            "year": 2011,
            "quarter": 2,
            "eps": 0,
            "eps_growth_year": -94.38,
            "eps_4q": 0.25,
            "eps_4q_growth_year": -39.01,
            "roe": 0.06,
            "gross_profit": 38917,
            "gross_margin": 15.81,
            "net_income": 321,
            "revenue": 246082,
            "common_shares": 699300,
            "equity": 496770,
            "current_ratio": 203.19,
            "debt_ratio": 41.48,
            "inventory_turnover_ratio": 0.99,
            "account_receivable_turnover_ratio": 0.71,
            "reinvestment_rate": null,
            "research_to_sale_ratio": 0.84,
            "price_fair": 7.17,
            "eps_avg_yearly": 0.39,
            "eps_latest_yearly": 0.16,
            "eps_growth_yearly": 8.54
        },
        "20113": {
            "year_quarter": 20113,
            "year": 2011,
            "quarter": 3,
            "eps": -0.04,
            "eps_growth_year": -120.88,
            "eps_4q": 0.03,
            "eps_4q_growth_year": -93.33,
            "roe": -0.54,
            "gross_profit": 35437,
            "gross_margin": 15.54,
            "net_income": -2703,
            "revenue": 228078,
            "common_shares": 699300,
            "equity": 497714,
            "current_ratio": 199.46,
            "debt_ratio": 41.48,
            "inventory_turnover_ratio": 0.96,
            "account_receivable_turnover_ratio": 0.69,
            "reinvestment_rate": null,
            "research_to_sale_ratio": 1.07,
            "price_fair": 7.17,
            "eps_avg_yearly": 0.39,
            "eps_latest_yearly": 0.16,
            "eps_growth_yearly": 8.54
        },
        "20114": {
            "year_quarter": 20114,
            "year": 2011,
            "quarter": 4,
            "eps": -0.19,
            "eps_growth_year": -824.67,
            "eps_4q": -0.19,
            "eps_4q_growth_year": -152.07,
            "roe": -2.77,
            "gross_profit": 26979,
            "gross_margin": 13.07,
            "net_income": -13609,
            "revenue": 206345,
            "common_shares": 699300,
            "equity": 484945,
            "current_ratio": 186.12,
            "debt_ratio": 43.58,
            "inventory_turnover_ratio": 0.93,
            "account_receivable_turnover_ratio": 0.64,
            "reinvestment_rate": null,
            "research_to_sale_ratio": 1.22,
            "price_fair": 7.17,
            "eps_avg_yearly": 0.39,
            "eps_latest_yearly": 0.16,
            "eps_growth_yearly": 8.54
        },
        "20121": {
            "year_quarter": 20121,
            "year": 2012,
            "quarter": 1,
            "eps": -0.3,
            "eps_growth_year": -850,
            "eps_4q": -0.49,
            "eps_4q_growth_year": -248.32,
            "roe": -4.32,
            "gross_profit": 27422,
            "gross_margin": 12.16,
            "net_income": -21186,
            "revenue": 225437,
            "common_shares": 699300,
            "equity": 496820,
            "current_ratio": 173.43,
            "debt_ratio": 46.44,
            "inventory_turnover_ratio": 1.05,
            "account_receivable_turnover_ratio": 0.71,
            "reinvestment_rate": null,
            "research_to_sale_ratio": 1.24,
            "price_fair": 7.17,
            "eps_avg_yearly": 0.39,
            "eps_latest_yearly": 0.16,
            "eps_growth_yearly": 8.54
        },
        "20122": {
            "year_quarter": 20122,
            "year": 2012,
            "quarter": 2,
            "eps": 0.02,
            "eps_growth_year": 383.83,
            "eps_4q": -0.47,
            "eps_4q_growth_year": -286.03,
            "roe": -0.92,
            "gross_profit": 50352,
            "gross_margin": 20.26,
            "net_income": -4556,
            "revenue": 248585,
            "common_shares": 699300,
            "equity": 494291,
            "current_ratio": 166.35,
            "debt_ratio": 48.5,
            "inventory_turnover_ratio": 1.02,
            "account_receivable_turnover_ratio": 0.79,
            "reinvestment_rate": null,
            "research_to_sale_ratio": 1.08,
            "price_fair": 7.17,
            "eps_avg_yearly": 0.39,
            "eps_latest_yearly": 0.16,
            "eps_growth_yearly": 8.54
        },
        "20123": {
            "year_quarter": 20123,
            "year": 2012,
            "quarter": 3,
            "eps": 0.01,
            "eps_growth_year": null,
            "eps_4q": -0.61,
            "eps_4q_growth_year": -2115.23,
            "roe": -0.7,
            "gross_profit": 49752,
            "gross_margin": 19.63,
            "net_income": -3434,
            "revenue": 253425,
            "common_shares": 481190,
            "equity": 490399,
            "current_ratio": 170.39,
            "debt_ratio": 46.26,
            "inventory_turnover_ratio": 0.99,
            "account_receivable_turnover_ratio": 0.8,
            "reinvestment_rate": null,
            "research_to_sale_ratio": 0.9,
            "price_fair": 1.01,
            "eps_avg_yearly": 0.34,
            "eps_latest_yearly": 0.04,
            "eps_growth_yearly": -21.25
        },
        "20124": {
            "year_quarter": 20124,
            "year": 2012,
            "quarter": 4,
            "eps": -0.52,
            "eps_growth_year": null,
            "eps_4q": -0.84,
            "eps_4q_growth_year": null,
            "roe": -5.82,
            "gross_profit": 30888,
            "gross_margin": 14.09,
            "net_income": -27918,
            "revenue": 219245,
            "common_shares": 481190,
            "equity": 468486,
            "current_ratio": 170.9,
            "debt_ratio": 45.25,
            "inventory_turnover_ratio": 0.94,
            "account_receivable_turnover_ratio": 0.73,
            "reinvestment_rate": null,
            "research_to_sale_ratio": 1.04,
            "price_fair": 1.01,
            "eps_avg_yearly": 0.34,
            "eps_latest_yearly": 0.04,
            "eps_growth_yearly": -21.25
        },
        "20131": {
            "year_quarter": 20131,
            "year": 2013,
            "quarter": 1,
            "eps": -0.19,
            "eps_growth_year": null,
            "eps_4q": -0.66,
            "eps_4q_growth_year": null,
            "roe": -2.92,
            "gross_profit": 28403,
            "gross_margin": 12.69,
            "net_income": -13530,
            "revenue": 223867,
            "common_shares": 481190,
            "equity": 459727,
            "current_ratio": 147.76,
            "debt_ratio": 52.28,
            "inventory_turnover_ratio": 0.95,
            "account_receivable_turnover_ratio": 0.71,
            "reinvestment_rate": null,
            "research_to_sale_ratio": 0.93,
            "price_fair": 1.01,
            "eps_avg_yearly": 0.34,
            "eps_latest_yearly": 0.04,
            "eps_growth_yearly": -21.25
        },
        "20132": {
            "year_quarter": 20132,
            "year": 2013,
            "quarter": 2,
            "eps": 0.01,
            "eps_growth_year": -54.97,
            "eps_4q": -0.69,
            "eps_4q_growth_year": null,
            "roe": 0.08,
            "gross_profit": 38564,
            "gross_margin": 15.3,
            "net_income": 387,
            "revenue": 252004,
            "common_shares": 481190,
            "equity": 462977,
            "current_ratio": 137.9,
            "debt_ratio": 57.11,
            "inventory_turnover_ratio": 0.94,
            "account_receivable_turnover_ratio": 0.69,
            "reinvestment_rate": null,
            "research_to_sale_ratio": 0.86,
            "price_fair": 1.01,
            "eps_avg_yearly": 0.34,
            "eps_latest_yearly": 0.04,
            "eps_growth_yearly": -21.25
        },
        "20133": {
            "year_quarter": 20133,
            "year": 2013,
            "quarter": 3,
            "eps": -0.29,
            "eps_growth_year": -2110.68,
            "eps_4q": -0.99,
            "eps_4q_growth_year": null,
            "roe": -4.06,
            "gross_profit": 38585,
            "gross_margin": 13.03,
            "net_income": -18407,
            "revenue": 296012,
            "common_shares": 481190,
            "equity": 443040,
            "current_ratio": 134.61,
            "debt_ratio": 59.11,
            "inventory_turnover_ratio": 1.08,
            "account_receivable_turnover_ratio": 0.79,
            "reinvestment_rate": null,
            "research_to_sale_ratio": 0.82,
            "price_fair": 1.01,
            "eps_avg_yearly": 0.34,
            "eps_latest_yearly": 0.04,
            "eps_growth_yearly": -21.25
        },
        "20134": {
            "year_quarter": 20134,
            "year": 2013,
            "quarter": 4,
            "eps": -0.16,
            "eps_growth_year": null,
            "eps_4q": -0.64,
            "eps_4q_growth_year": null,
            "roe": -2.1,
            "gross_profit": 47870,
            "gross_margin": 12.94,
            "net_income": -9234,
            "revenue": 370079,
            "common_shares": 481190,
            "equity": 436862,
            "current_ratio": 133.81,
            "debt_ratio": 61.16,
            "inventory_turnover_ratio": 1.39,
            "account_receivable_turnover_ratio": 0.88,
            "reinvestment_rate": null,
            "research_to_sale_ratio": 0.67,
            "price_fair": 0.86,
            "eps_avg_yearly": 0.29,
            "eps_latest_yearly": 0.04,
            "eps_growth_yearly": -8.92
        },
        "20141": {
            "year_quarter": 20141,
            "year": 2014,
            "quarter": 1,
            "eps": -0.16,
            "eps_growth_year": null,
            "eps_4q": -0.6,
            "eps_4q_growth_year": null,
            "roe": -2.95,
            "gross_profit": 35075,
            "gross_margin": 10.31,
            "net_income": -12732,
            "revenue": 340253,
            "common_shares": 481190,
            "equity": 426931,
            "current_ratio": 132.48,
            "debt_ratio": 61.53,
            "inventory_turnover_ratio": 1.32,
            "account_receivable_turnover_ratio": 0.71,
            "reinvestment_rate": null,
            "research_to_sale_ratio": 0.67,
            "price_fair": 9.8,
            "eps_avg_yearly": 0.28,
            "eps_latest_yearly": 0.04,
            "eps_growth_yearly": 29.3
        },
        "20142": {
            "year_quarter": 20142,
            "year": 2014,
            "quarter": 2,
            "eps": -0.14,
            "eps_growth_year": -1500,
            "eps_4q": -0.74,
            "eps_4q_growth_year": null,
            "roe": -2.86,
            "gross_profit": 44738,
            "gross_margin": 10.99,
            "net_income": -11915,
            "revenue": 407204,
            "common_shares": 484730,
            "equity": 407589,
            "current_ratio": 127.34,
            "debt_ratio": 66.07,
            "inventory_turnover_ratio": 1.58,
            "account_receivable_turnover_ratio": 0.82,
            "reinvestment_rate": null,
            "research_to_sale_ratio": 0.54,
            "price_fair": 9.45,
            "eps_avg_yearly": 0.27,
            "eps_latest_yearly": 0.04,
            "eps_growth_yearly": 36.62
        },
        "20143": {
            "year_quarter": 20143,
            "year": 2014,
            "quarter": 3,
            "eps": -0.51,
            "eps_growth_year": null,
            "eps_4q": -0.87,
            "eps_4q_growth_year": null,
            "roe": -5.81,
            "gross_profit": 36145,
            "gross_margin": 10.37,
            "net_income": -25501,
            "revenue": 348579,
            "common_shares": 539425,
            "equity": 469764,
            "current_ratio": 190.97,
            "debt_ratio": 63.64,
            "inventory_turnover_ratio": 1.43,
            "account_receivable_turnover_ratio": 0.67,
            "reinvestment_rate": null,
            "research_to_sale_ratio": 0.61,
            "price_fair": 0.32,
            "eps_avg_yearly": 0.11,
            "eps_latest_yearly": 0.04,
            "eps_growth_yearly": -134.5
        },
        "20144": {
            "year_quarter": 20144,
            "year": 2014,
            "quarter": 4,
            "eps": -0.1,
            "eps_growth_year": null,
            "eps_4q": -0.71,
            "eps_4q_growth_year": null,
            "roe": -1.22,
            "gross_profit": 36712,
            "gross_margin": 9.76,
            "net_income": -6618,
            "revenue": 376293,
            "common_shares": 547010,
            "equity": 616271,
            "current_ratio": 237.99,
            "debt_ratio": 44.33,
            "inventory_turnover_ratio": 1.75,
            "account_receivable_turnover_ratio": 0.77,
            "reinvestment_rate": null,
            "research_to_sale_ratio": 0.56,
            "price_fair": 0.3,
            "eps_avg_yearly": 0.1,
            "eps_latest_yearly": 0.04,
            "eps_growth_yearly": -33.33
        },
        "20151": {
            "year_quarter": 20151,
            "year": 2015,
            "quarter": 1,
            "eps": -0.35,
            "eps_growth_year": null,
            "eps_4q": -0.88,
            "eps_4q_growth_year": null,
            "roe": -3.78,
            "gross_profit": 26246,
            "gross_margin": 8.7,
            "net_income": -24672,
            "revenue": 301555,
            "common_shares": 655525,
            "equity": 689664,
            "current_ratio": 252.78,
            "debt_ratio": 33.54,
            "inventory_turnover_ratio": 1.6,
            "account_receivable_turnover_ratio": 0.66,
            "reinvestment_rate": null,
            "research_to_sale_ratio": 0.46,
            "price_fair": 0.12,
            "eps_avg_yearly": 0.04,
            "eps_latest_yearly": 0.04,
            "eps_growth_yearly": -200
        },
        "20152": {
            "year_quarter": 20152,
            "year": 2015,
            "quarter": 2,
            "eps": -0.71,
            "eps_growth_year": null,
            "eps_4q": -1.48,
            "eps_4q_growth_year": null,
            "roe": -7.91,
            "gross_profit": 23418,
            "gross_margin": 6.62,
            "net_income": -52656,
            "revenue": 353614,
            "common_shares": 725200,
            "equity": 642388,
            "current_ratio": 212.9,
            "debt_ratio": 40.15,
            "inventory_turnover_ratio": 1.79,
            "account_receivable_turnover_ratio": 0.79,
            "reinvestment_rate": null,
            "research_to_sale_ratio": 0.4,
            "price_fair": 0.12,
            "eps_avg_yearly": 0.04,
            "eps_latest_yearly": 0.04,
            "eps_growth_yearly": -200
        },
        "20153": {
            "year_quarter": 20153,
            "year": 2015,
            "quarter": 3,
            "eps": -0.39,
            "eps_growth_year": null,
            "eps_4q": -1.51,
            "eps_4q_growth_year": null,
            "roe": -4.99,
            "gross_profit": 24995,
            "gross_margin": 7.84,
            "net_income": -31365,
            "revenue": 318780,
            "common_shares": 728094,
            "equity": 613841,
            "current_ratio": 194.92,
            "debt_ratio": 44.85,
            "inventory_turnover_ratio": 1.41,
            "account_receivable_turnover_ratio": 0.7,
            "reinvestment_rate": null,
            "research_to_sale_ratio": 0.43,
            "price_fair": 0.12,
            "eps_avg_yearly": 0.04,
            "eps_latest_yearly": 0.04,
            "eps_growth_yearly": -200
        },
        "20154": {
            "year_quarter": 20154,
            "year": 2015,
            "quarter": 4,
            "eps": -0.39,
            "eps_growth_year": null,
            "eps_4q": -1.81,
            "eps_4q_growth_year": null,
            "roe": -5.11,
            "gross_profit": 14722,
            "gross_margin": 8.31,
            "net_income": -30837,
            "revenue": 177257,
            "common_shares": 728364,
            "equity": 593707,
            "current_ratio": 193.84,
            "debt_ratio": 45.15,
            "inventory_turnover_ratio": 0.69,
            "account_receivable_turnover_ratio": 0.46,
            "reinvestment_rate": null,
            "research_to_sale_ratio": 0.81,
            "price_fair": 0.12,
            "eps_avg_yearly": 0.04,
            "eps_latest_yearly": 0.04,
            "eps_growth_yearly": -200
        },
        "20161": {
            "year_quarter": 20161,
            "year": 2016,
            "quarter": 1,
            "eps": -5.53,
            "eps_growth_year": null,
            "eps_4q": -6.99,
            "eps_4q_growth_year": null,
            "roe": -105.42,
            "gross_profit": -94486,
            "gross_margin": -73.92,
            "net_income": -410701,
            "revenue": 127828,
            "common_shares": 729364,
            "equity": 185442,
            "current_ratio": 135.26,
            "debt_ratio": 66.41,
            "inventory_turnover_ratio": 1.22,
            "account_receivable_turnover_ratio": 0.54,
            "reinvestment_rate": null,
            "research_to_sale_ratio": 1.33,
            "price_fair": 0.12,
            "eps_avg_yearly": 0.04,
            "eps_latest_yearly": 0.04,
            "eps_growth_yearly": -200
        },
        "20162": {
            "year_quarter": 20162,
            "year": 2016,
            "quarter": 2,
            "eps": -0.22,
            "eps_growth_year": null,
            "eps_4q": -6.53,
            "eps_4q_growth_year": null,
            "roe": -10.54,
            "gross_profit": 23268,
            "gross_margin": 19.25,
            "net_income": -18709,
            "revenue": 120877,
            "common_shares": 729364,
            "equity": 169491,
            "current_ratio": 137.72,
            "debt_ratio": 62.59,
            "inventory_turnover_ratio": 0.97,
            "account_receivable_turnover_ratio": 0.77,
            "reinvestment_rate": null,
            "research_to_sale_ratio": 1.16,
            "price_fair": 0.12,
            "eps_avg_yearly": 0.04,
            "eps_latest_yearly": 0.04,
            "eps_growth_yearly": -200
        },
        "20163": {
            "year_quarter": 20163,
            "year": 2016,
            "quarter": 3,
            "eps": -0.22,
            "eps_growth_year": null,
            "eps_4q": -6.37,
            "eps_4q_growth_year": null,
            "roe": -11.21,
            "gross_profit": 15601,
            "gross_margin": 16.29,
            "net_income": -18122,
            "revenue": 95781,
            "common_shares": 729364,
            "equity": 153850,
            "current_ratio": 166.16,
            "debt_ratio": 61.03,
            "inventory_turnover_ratio": 1.02,
            "account_receivable_turnover_ratio": 0.73,
            "reinvestment_rate": null,
            "research_to_sale_ratio": 1.43,
            "price_fair": 0,
            "eps_avg_yearly": 0,
            "eps_latest_yearly": 0,
            "eps_growth_yearly": 0
        },
        "20164": {
            "year_quarter": 20164,
            "year": 2016,
            "quarter": 4,
            "eps": -0.05,
            "eps_growth_year": null,
            "eps_4q": -6.03,
            "eps_4q_growth_year": null,
            "roe": -4.52,
            "gross_profit": 14181,
            "gross_margin": 13.55,
            "net_income": -6544,
            "revenue": 104643,
            "common_shares": 729364,
            "equity": 135847,
            "current_ratio": 148.36,
            "debt_ratio": 61.61,
            "inventory_turnover_ratio": 1.53,
            "account_receivable_turnover_ratio": 0.84,
            "reinvestment_rate": null,
            "research_to_sale_ratio": 1.43,
            "price_fair": 0,
            "eps_avg_yearly": 0,
            "eps_latest_yearly": 0,
            "eps_growth_yearly": 0
        },
        "20171": {
            "year_quarter": 20171,
            "year": 2017,
            "quarter": 1,
            "eps": -0.26,
            "eps_growth_year": null,
            "eps_4q": -0.76,
            "eps_4q_growth_year": null,
            "roe": -14.94,
            "gross_profit": 14366,
            "gross_margin": 19.88,
            "net_income": -19205,
            "revenue": 72279,
            "common_shares": 729364,
            "equity": 121279,
            "current_ratio": 139.89,
            "debt_ratio": 61.47,
            "inventory_turnover_ratio": 1.24,
            "account_receivable_turnover_ratio": 0.66,
            "reinvestment_rate": null,
            "research_to_sale_ratio": 1.47,
            "price_fair": 0,
            "eps_avg_yearly": 0,
            "eps_latest_yearly": 0,
            "eps_growth_yearly": 0
        },
        "20172": {
            "year_quarter": 20172,
            "year": 2017,
            "quarter": 2,
            "eps": -0.04,
            "eps_growth_year": null,
            "eps_4q": -0.57,
            "eps_4q_growth_year": null,
            "roe": -2.97,
            "gross_profit": 13952,
            "gross_margin": 19.27,
            "net_income": -3541,
            "revenue": 72412,
            "common_shares": 729364,
            "equity": 116998,
            "current_ratio": 135.47,
            "debt_ratio": 60.19,
            "inventory_turnover_ratio": 1.46,
            "account_receivable_turnover_ratio": 0.74,
            "reinvestment_rate": null,
            "research_to_sale_ratio": 1.51,
            "price_fair": 0,
            "eps_avg_yearly": 0,
            "eps_latest_yearly": 0,
            "eps_growth_yearly": 0
        },
        "20173": {
            "year_quarter": 20173,
            "year": 2017,
            "quarter": 3,
            "eps": -0.34,
            "eps_growth_year": null,
            "eps_4q": -0.64,
            "eps_4q_growth_year": null,
            "roe": -19.61,
            "gross_profit": 13974,
            "gross_margin": 19.51,
            "net_income": -26007,
            "revenue": 71640,
            "common_shares": 729364,
            "equity": 148296,
            "current_ratio": 165.24,
            "debt_ratio": 54.14,
            "inventory_turnover_ratio": 1.64,
            "account_receivable_turnover_ratio": 0.76,
            "reinvestment_rate": null,
            "research_to_sale_ratio": 1.6,
            "price_fair": 0,
            "eps_avg_yearly": 0,
            "eps_latest_yearly": 0,
            "eps_growth_yearly": 0
        },
        "20174": {
            "year_quarter": 20174,
            "year": 2017,
            "quarter": 4,
            "eps": -0.08,
            "eps_growth_year": null,
            "eps_4q": -0.5,
            "eps_4q_growth_year": null,
            "roe": -7.29,
            "gross_profit": 12425,
            "gross_margin": 17.59,
            "net_income": -10461,
            "revenue": 70623,
            "common_shares": 1113364,
            "equity": 138611,
            "current_ratio": 170.31,
            "debt_ratio": 48.17,
            "inventory_turnover_ratio": 1.61,
            "account_receivable_turnover_ratio": 0.77,
            "reinvestment_rate": null,
            "research_to_sale_ratio": 1.73,
            "price_fair": 0,
            "eps_avg_yearly": 0,
            "eps_latest_yearly": 0,
            "eps_growth_yearly": 0
        },
        "20181": {
            "year_quarter": 20181,
            "year": 2018,
            "quarter": 1,
            "eps": -0.08,
            "eps_growth_year": null,
            "eps_4q": -0.41,
            "eps_4q_growth_year": null,
            "roe": -7.23,
            "gross_profit": 9919,
            "gross_margin": 15.48,
            "net_income": -9691,
            "revenue": 64071,
            "common_shares": 1113364,
            "equity": 129289,
            "current_ratio": 162.87,
            "debt_ratio": 47.6,
            "inventory_turnover_ratio": 1.39,
            "account_receivable_turnover_ratio": 0.71,
            "reinvestment_rate": null,
            "research_to_sale_ratio": 2.01,
            "price_fair": 0,
            "eps_avg_yearly": 0,
            "eps_latest_yearly": 0,
            "eps_growth_yearly": 0
        },
        "20182": {
            "year_quarter": 20182,
            "year": 2018,
            "quarter": 2,
            "eps": -0.05,
            "eps_growth_year": null,
            "eps_4q": -0.43,
            "eps_4q_growth_year": null,
            "roe": -3.64,
            "gross_profit": 10316,
            "gross_margin": 16.96,
            "net_income": -4603,
            "revenue": 60822,
            "common_shares": 1113364,
            "equity": 123693,
            "current_ratio": 135.95,
            "debt_ratio": 49.69,
            "inventory_turnover_ratio": 1.46,
            "account_receivable_turnover_ratio": 0.71,
            "reinvestment_rate": null,
            "research_to_sale_ratio": 1.87,
            "price_fair": 0,
            "eps_avg_yearly": 0,
            "eps_latest_yearly": 0,
            "eps_growth_yearly": 0
        },
        "20183": {
            "year_quarter": 20183,
            "year": 2018,
            "quarter": 3,
            "eps": -0.06,
            "eps_growth_year": null,
            "eps_4q": -0.27,
            "eps_4q_growth_year": null,
            "roe": -5.13,
            "gross_profit": 14891,
            "gross_margin": 23.08,
            "net_income": -6196,
            "revenue": 64529,
            "common_shares": 1113364,
            "equity": 117726,
            "current_ratio": 151.6,
            "debt_ratio": 46.34,
            "inventory_turnover_ratio": 1.83,
            "account_receivable_turnover_ratio": 0.78,
            "reinvestment_rate": null,
            "research_to_sale_ratio": 1.3,
            "price_fair": 0,
            "eps_avg_yearly": 0,
            "eps_latest_yearly": 0,
            "eps_growth_yearly": 0
        },
        "20184": {
            "year_quarter": 20184,
            "year": 2018,
            "quarter": 4,
            "eps": 0,
            "eps_growth_year": null,
            "eps_4q": -0.19,
            "eps_4q_growth_year": null,
            "roe": -0.09,
            "gross_profit": 11998,
            "gross_margin": 21.25,
            "net_income": -110,
            "revenue": 56453,
            "common_shares": 1113364,
            "equity": 116924,
            "current_ratio": 151.04,
            "debt_ratio": 45.89,
            "inventory_turnover_ratio": 1.75,
            "account_receivable_turnover_ratio": 0.71,
            "reinvestment_rate": null,
            "research_to_sale_ratio": 1.51,
            "price_fair": 0,
            "eps_avg_yearly": 0,
            "eps_latest_yearly": 0,
            "eps_growth_yearly": 0
        },
        "20191": {
            "year_quarter": 20191,
            "year": 2019,
            "quarter": 1,
            "eps": 0.01,
            "eps_growth_year": null,
            "eps_4q": -0.1,
            "eps_4q_growth_year": null,
            "roe": 0.83,
            "gross_profit": 12438,
            "gross_margin": 27.54,
            "net_income": 965,
            "revenue": 45163,
            "common_shares": 1113364,
            "equity": 116162,
            "current_ratio": 163.11,
            "debt_ratio": 40.19,
            "inventory_turnover_ratio": 1.38,
            "account_receivable_turnover_ratio": 0.64,
            "reinvestment_rate": null,
            "research_to_sale_ratio": 1.84,
            "price_fair": 0,
            "eps_avg_yearly": 0,
            "eps_latest_yearly": 0,
            "eps_growth_yearly": 0
        },
        "20192": {
            "year_quarter": 20192,
            "year": 2019,
            "quarter": 2,
            "eps": 0.63,
            "eps_growth_year": null,
            "eps_4q": 0.58,
            "eps_4q_growth_year": null,
            "roe": 46.59,
            "gross_profit": 6057,
            "gross_margin": 12.55,
            "net_income": 70735,
            "revenue": 48247,
            "common_shares": 1113364,
            "equity": 187505,
            "current_ratio": 492.33,
            "debt_ratio": 18.09,
            "inventory_turnover_ratio": 2.42,
            "account_receivable_turnover_ratio": 0.92,
            "reinvestment_rate": null,
            "research_to_sale_ratio": 1.96,
            "price_fair": 88.2,
            "eps_avg_yearly": 2.52,
            "eps_latest_yearly": 2.52,
            "eps_growth_yearly": 24800
        },
        "20193": {
            "year_quarter": 20193,
            "year": 2019,
            "quarter": 3,
            "eps": -0.05,
            "eps_growth_year": null,
            "eps_4q": 0.59,
            "eps_4q_growth_year": null,
            "roe": -3.12,
            "gross_profit": 13258,
            "gross_margin": 26.04,
            "net_income": -5794,
            "revenue": 50917,
            "common_shares": 1113364,
            "equity": 183775,
            "current_ratio": 480.7,
            "debt_ratio": 18.75,
            "inventory_turnover_ratio": 3.24,
            "account_receivable_turnover_ratio": 1.21,
            "reinvestment_rate": null,
            "research_to_sale_ratio": 1.6,
            "price_fair": 88.2,
            "eps_avg_yearly": 2.52,
            "eps_latest_yearly": 2.52,
            "eps_growth_yearly": 24800
        },
        "20194": {
            "year_quarter": 20194,
            "year": 2019,
            "quarter": 4,
            "eps": 0.06,
            "eps_growth_year": 16387.47,
            "eps_4q": 0.65,
            "eps_4q_growth_year": null,
            "roe": 3.37,
            "gross_profit": 11162,
            "gross_margin": 21.75,
            "net_income": 6590,
            "revenue": 51330,
            "common_shares": 1113364,
            "equity": 206978,
            "current_ratio": 424.02,
            "debt_ratio": 22.29,
            "inventory_turnover_ratio": 3.73,
            "account_receivable_turnover_ratio": 0.84,
            "reinvestment_rate": null,
            "research_to_sale_ratio": 1.16,
            "price_fair": 88.2,
            "eps_avg_yearly": 2.52,
            "eps_latest_yearly": 2.52,
            "eps_growth_yearly": 24800
        },
        "20201": {
            "year_quarter": 20201,
            "year": 2020,
            "quarter": 1,
            "eps": 0,
            "eps_growth_year": -100,
            "eps_4q": 0.65,
            "eps_4q_growth_year": null,
            "roe": 0.25,
            "gross_profit": 7834,
            "gross_margin": 23.89,
            "net_income": 521,
            "revenue": 32790,
            "common_shares": 1113364,
            "equity": 208045,
            "current_ratio": 497.68,
            "debt_ratio": 19.2,
            "inventory_turnover_ratio": 1.62,
            "account_receivable_turnover_ratio": 0.46,
            "reinvestment_rate": null,
            "research_to_sale_ratio": 1.77,
            "price_fair": 88.2,
            "eps_avg_yearly": 2.52,
            "eps_latest_yearly": 2.52,
            "eps_growth_yearly": 24800
        },
        "20202": {
            "year_quarter": 20202,
            "year": 2020,
            "quarter": 2,
            "eps": 0,
            "eps_growth_year": -100,
            "eps_4q": 0.01,
            "eps_4q_growth_year": -98.72,
            "roe": -0.23,
            "gross_profit": 16633,
            "gross_margin": 28.66,
            "net_income": -488,
            "revenue": 58031,
            "common_shares": 1113364,
            "equity": 208839,
            "current_ratio": 501.75,
            "debt_ratio": 19.09,
            "inventory_turnover_ratio": 2.33,
            "account_receivable_turnover_ratio": 0.82,
            "reinvestment_rate": null,
            "research_to_sale_ratio": 0.98,
            "price_fair": 88.2,
            "eps_avg_yearly": 2.52,
            "eps_latest_yearly": 2.52,
            "eps_growth_yearly": 24800
        },
        "20203": {
            "year_quarter": 20203,
            "year": 2020,
            "quarter": 3,
            "eps": -0.2,
            "eps_growth_year": null,
            "eps_4q": 0.23,
            "eps_4q_growth_year": -61.46,
            "roe": -1.5,
            "gross_profit": 9692,
            "gross_margin": 23.3,
            "net_income": -3081,
            "revenue": 41591,
            "common_shares": 155072,
            "equity": 203291,
            "current_ratio": 457.07,
            "debt_ratio": 23.02,
            "inventory_turnover_ratio": 2.17,
            "account_receivable_turnover_ratio": 0.55,
            "reinvestment_rate": null,
            "research_to_sale_ratio": 1.31,
            "price_fair": 88.2,
            "eps_avg_yearly": 2.52,
            "eps_latest_yearly": 2.52,
            "eps_growth_yearly": 24800
        },
        "20204": {
            "year_quarter": 20204,
            "year": 2020,
            "quarter": 4,
            "eps": 0.73,
            "eps_growth_year": 1127.73,
            "eps_4q": 0.53,
            "eps_4q_growth_year": -18.63,
            "roe": 5.4,
            "gross_profit": 12866,
            "gross_margin": 23.35,
            "net_income": 11269,
            "revenue": 55092,
            "common_shares": 155072,
            "equity": 214101,
            "current_ratio": 386.52,
            "debt_ratio": 25.98,
            "inventory_turnover_ratio": 2.54,
            "account_receivable_turnover_ratio": 0.73,
            "reinvestment_rate": -229.82,
            "research_to_sale_ratio": 0.98,
            "price_fair": 88.2,
            "eps_avg_yearly": 2.52,
            "eps_latest_yearly": 2.52,
            "eps_growth_yearly": 24800
        },
        "20211": {
            "year_quarter": 20211,
            "year": 2021,
            "quarter": 1,
            "eps": 0.06,
            "eps_growth_year": null,
            "eps_4q": 0.55,
            "eps_4q_growth_year": -14.63,
            "roe": 0.4,
            "gross_profit": 13155,
            "gross_margin": 24.48,
            "net_income": 868,
            "revenue": 53741,
            "common_shares": 155072,
            "equity": 215889,
            "current_ratio": 373.77,
            "debt_ratio": 26.44,
            "inventory_turnover_ratio": 1.67,
            "account_receivable_turnover_ratio": 0.66,
            "reinvestment_rate": -34.23,
            "research_to_sale_ratio": 1.01,
            "price_fair": 48.3,
            "eps_avg_yearly": 1.38,
            "eps_latest_yearly": 0.24,
            "eps_growth_yearly": 12216.44
        },
        "20212": {
            "year_quarter": 20212,
            "year": 2021,
            "quarter": 2,
            "eps": -0.25,
            "eps_growth_year": null,
            "eps_4q": 0.33,
            "eps_4q_growth_year": 4380.72,
            "roe": -1.82,
            "gross_profit": 12234,
            "gross_margin": 20.11,
            "net_income": -3876,
            "revenue": 60837,
            "common_shares": 155072,
            "equity": 209958,
            "current_ratio": 326.2,
            "debt_ratio": 29.53,
            "inventory_turnover_ratio": 1.39,
            "account_receivable_turnover_ratio": 0.68,
            "reinvestment_rate": -29.65,
            "research_to_sale_ratio": 0.85,
            "price_fair": 48.3,
            "eps_avg_yearly": 1.38,
            "eps_latest_yearly": 0.24,
            "eps_growth_yearly": 12216.44
        },
        "20213": {
            "year_quarter": 20213,
            "year": 2021,
            "quarter": 3,
            "eps": -0.02,
            "eps_growth_year": null,
            "eps_4q": 0.49,
            "eps_4q_growth_year": 114.04,
            "roe": -0.11,
            "gross_profit": 16744,
            "gross_margin": 21.24,
            "net_income": -234,
            "revenue": 78847,
            "common_shares": 155072,
            "equity": 218851,
            "current_ratio": 263.93,
            "debt_ratio": 35.91,
            "inventory_turnover_ratio": 1.35,
            "account_receivable_turnover_ratio": 0.75,
            "reinvestment_rate": -7.08,
            "research_to_sale_ratio": 0.78,
            "price_fair": 48.3,
            "eps_avg_yearly": 1.38,
            "eps_latest_yearly": 0.24,
            "eps_growth_yearly": 12216.44
        },
        "20214": {
            "year_quarter": 20214,
            "year": 2021,
            "quarter": 4,
            "eps": 0.21,
            "eps_growth_year": -71.74,
            "eps_4q": 0.03,
            "eps_4q_growth_year": -94.54,
            "roe": 2.12,
            "gross_profit": 29096,
            "gross_margin": 16.37,
            "net_income": 5334,
            "revenue": 177757,
            "common_shares": 161112,
            "equity": 285261,
            "current_ratio": 330.39,
            "debt_ratio": 33.1,
            "inventory_turnover_ratio": 2.9,
            "account_receivable_turnover_ratio": 1.24,
            "reinvestment_rate": -2.22,
            "research_to_sale_ratio": 0.36,
            "price_fair": 48.3,
            "eps_avg_yearly": 1.38,
            "eps_latest_yearly": 0.24,
            "eps_growth_yearly": 12216.44
        },
        "20221": {
            "year_quarter": 20221,
            "year": 2022,
            "quarter": 1,
            "eps": 0.41,
            "eps_growth_year": 583.33,
            "eps_4q": 0.36,
            "eps_4q_growth_year": -35.57,
            "roe": 2.61,
            "gross_profit": 24024,
            "gross_margin": 17.18,
            "net_income": 7490,
            "revenue": 139821,
            "common_shares": 176112,
            "equity": 288314,
            "current_ratio": 319.72,
            "debt_ratio": 33.42,
            "inventory_turnover_ratio": 2.04,
            "account_receivable_turnover_ratio": 0.86,
            "reinvestment_rate": -0.45,
            "research_to_sale_ratio": 0.42,
            "price_fair": 51.33,
            "eps_avg_yearly": 1.47,
            "eps_latest_yearly": 1.64,
            "eps_growth_yearly": 8271.28
        },
        "20222": {
            "year_quarter": 20222,
            "year": 2022,
            "quarter": 2,
            "eps": 0.51,
            "eps_growth_year": null,
            "eps_4q": 1.03,
            "eps_4q_growth_year": 209.71,
            "roe": 3.48,
            "gross_profit": 34830,
            "gross_margin": 17.52,
            "net_income": 10267,
            "revenue": 198827,
            "common_shares": 185172,
            "equity": 301600,
            "current_ratio": 293.93,
            "debt_ratio": 35.17,
            "inventory_turnover_ratio": 2.86,
            "account_receivable_turnover_ratio": 1.26,
            "reinvestment_rate": 0.77,
            "research_to_sale_ratio": 0.29,
            "price_fair": 56.35,
            "eps_avg_yearly": 1.61,
            "eps_latest_yearly": 2.04,
            "eps_growth_yearly": 6227.85
        },
        "20223": {
            "year_quarter": 20223,
            "year": 2022,
            "quarter": 3,
            "eps": 0.38,
            "eps_growth_year": null,
            "eps_4q": 1.35,
            "eps_4q_growth_year": 177.05,
            "roe": 2.44,
            "gross_profit": 31064,
            "gross_margin": 21.05,
            "net_income": 7573,
            "revenue": 147552,
            "common_shares": 189142,
            "equity": 318295,
            "current_ratio": 336.68,
            "debt_ratio": 31.12,
            "inventory_turnover_ratio": 2.43,
            "account_receivable_turnover_ratio": 0.97,
            "reinvestment_rate": -1.89,
            "research_to_sale_ratio": 0.47,
            "price_fair": 55.72,
            "eps_avg_yearly": 1.59,
            "eps_latest_yearly": 1.52,
            "eps_growth_yearly": 4961.89
        },
        "20224": {
            "year_quarter": 20224,
            "year": 2022,
            "quarter": 4,
            "eps": -0.11,
            "eps_growth_year": -151.41,
            "eps_4q": 1.06,
            "eps_4q_growth_year": 3551.37,
            "roe": -0.54,
            "gross_profit": 21921,
            "gross_margin": 18.53,
            "net_income": -1720,
            "revenue": 118327,
            "common_shares": 195342,
            "equity": 322499,
            "current_ratio": 337.26,
            "debt_ratio": 31.27,
            "inventory_turnover_ratio": 2.57,
            "account_receivable_turnover_ratio": 0.81,
            "reinvestment_rate": -4.75,
            "research_to_sale_ratio": 0.46,
            "price_fair": 55.72,
            "eps_avg_yearly": 1.59,
            "eps_latest_yearly": 1.52,
            "eps_growth_yearly": 4961.89
        },
        "20231": {
            "year_quarter": 20231,
            "year": 2023,
            "quarter": 1,
            "eps": 0.14,
            "eps_growth_year": -65.85,
            "eps_4q": 0.82,
            "eps_4q_growth_year": 131.43,
            "roe": 0.98,
            "gross_profit": 26209,
            "gross_margin": 24.16,
            "net_income": 3151,
            "revenue": 108491,
            "common_shares": 197622,
            "equity": 323491,
            "current_ratio": 416.55,
            "debt_ratio": 26.15,
            "inventory_turnover_ratio": 2.47,
            "account_receivable_turnover_ratio": 0.79,
            "reinvestment_rate": -4.57,
            "research_to_sale_ratio": 0.53,
            "price_fair": 55.72,
            "eps_avg_yearly": 1.59,
            "eps_latest_yearly": 1.52,
            "eps_growth_yearly": 4961.89
        }
    },
    "months": {
        "2003-09": {
            "month": "2003-09",
            "price": "27.23",
            "revenue": 103674
        },
        "2003-10": {
            "month": "2003-10",
            "price": "25.15",
            "revenue": 100099
        },
        "2003-11": {
            "month": "2003-11",
            "price": "26.59",
            "revenue": 98530
        },
        "2003-12": {
            "month": "2003-12",
            "price": "28.65",
            "revenue": 80616
        },
        "2004-01": {
            "month": "2004-01",
            "price": "33.68",
            "revenue": 80878
        },
        "2004-02": {
            "month": "2004-02",
            "price": "32.02",
            "revenue": 116669
        },
        "2004-03": {
            "month": "2004-03",
            "price": "34.20",
            "revenue": 115641
        },
        "2004-04": {
            "month": "2004-04",
            "price": "33.38",
            "revenue": 146543
        },
        "2004-05": {
            "month": "2004-05",
            "price": "30.00",
            "revenue": 152423
        },
        "2004-06": {
            "month": "2004-06",
            "price": "28.96",
            "revenue": 103642
        },
        "2004-07": {
            "month": "2004-07",
            "price": "27.40",
            "revenue": 112055
        },
        "2004-08": {
            "month": "2004-08",
            "price": "24.90",
            "revenue": 91014
        },
        "2004-09": {
            "month": "2004-09",
            "price": "22.91",
            "revenue": 113202
        },
        "2004-10": {
            "month": "2004-10",
            "price": "20.58",
            "revenue": 160038
        },
        "2004-11": {
            "month": "2004-11",
            "price": "19.55",
            "revenue": 145676
        },
        "2004-12": {
            "month": "2004-12",
            "price": "17.50",
            "revenue": 103855
        },
        "2005-01": {
            "month": "2005-01",
            "price": "15.18",
            "revenue": 119018
        },
        "2005-02": {
            "month": "2005-02",
            "price": "15.52",
            "revenue": 92849
        },
        "2005-03": {
            "month": "2005-03",
            "price": "14.31",
            "revenue": 181857
        },
        "2005-04": {
            "month": "2005-04",
            "price": "10.13",
            "revenue": 113665
        },
        "2005-05": {
            "month": "2005-05",
            "price": "9.98",
            "revenue": 89295
        },
        "2005-06": {
            "month": "2005-06",
            "price": "11.11",
            "revenue": 90451
        },
        "2005-07": {
            "month": "2005-07",
            "price": "12.94",
            "revenue": 51764
        },
        "2005-08": {
            "month": "2005-08",
            "price": "12.66",
            "revenue": 62393
        },
        "2005-09": {
            "month": "2005-09",
            "price": "10.85",
            "revenue": 60630
        },
        "2005-10": {
            "month": "2005-10",
            "price": "8.80",
            "revenue": 63809
        },
        "2005-11": {
            "month": "2005-11",
            "price": "8.67",
            "revenue": 71283
        },
        "2005-12": {
            "month": "2005-12",
            "price": "10.25",
            "revenue": 66074
        },
        "2006-01": {
            "month": "2006-01",
            "price": "10.36",
            "revenue": 71080
        },
        "2006-02": {
            "month": "2006-02",
            "price": "10.22",
            "revenue": 72874
        },
        "2006-03": {
            "month": "2006-03",
            "price": "10.03",
            "revenue": 104173
        },
        "2006-04": {
            "month": "2006-04",
            "price": "11.79",
            "revenue": 87803
        },
        "2006-05": {
            "month": "2006-05",
            "price": "10.57",
            "revenue": 75839
        },
        "2006-06": {
            "month": "2006-06",
            "price": "10.82",
            "revenue": 58879
        },
        "2006-07": {
            "month": "2006-07",
            "price": "12.38",
            "revenue": 77576
        },
        "2006-08": {
            "month": "2006-08",
            "price": "10.46",
            "revenue": 84354
        },
        "2006-09": {
            "month": "2006-09",
            "price": "9.34",
            "revenue": 90230
        },
        "2006-10": {
            "month": "2006-10",
            "price": "9.28",
            "revenue": 53771
        },
        "2006-11": {
            "month": "2006-11",
            "price": "9.15",
            "revenue": 42700
        },
        "2006-12": {
            "month": "2006-12",
            "price": "10.12",
            "revenue": 47890
        },
        "2007-01": {
            "month": "2007-01",
            "price": "10.25",
            "revenue": 34346
        },
        "2007-02": {
            "month": "2007-02",
            "price": "10.14",
            "revenue": 29528
        },
        "2007-03": {
            "month": "2007-03",
            "price": "10.01",
            "revenue": 30938
        },
        "2007-04": {
            "month": "2007-04",
            "price": "11.74",
            "revenue": 36861
        },
        "2007-05": {
            "month": "2007-05",
            "price": "11.37",
            "revenue": 40081
        },
        "2007-06": {
            "month": "2007-06",
            "price": "11.86",
            "revenue": 34793
        },
        "2007-07": {
            "month": "2007-07",
            "price": "15.31",
            "revenue": 40709
        },
        "2007-08": {
            "month": "2007-08",
            "price": "14.62",
            "revenue": 62819
        },
        "2007-09": {
            "month": "2007-09",
            "price": "13.06",
            "revenue": 51452
        },
        "2007-10": {
            "month": "2007-10",
            "price": "11.66",
            "revenue": 58955
        },
        "2007-11": {
            "month": "2007-11",
            "price": "8.81",
            "revenue": 48813
        },
        "2007-12": {
            "month": "2007-12",
            "price": "9.66",
            "revenue": 42818
        },
        "2008-01": {
            "month": "2008-01",
            "price": "8.86",
            "revenue": 52160
        },
        "2008-02": {
            "month": "2008-02",
            "price": "8.45",
            "revenue": 41803
        },
        "2008-03": {
            "month": "2008-03",
            "price": "7.92",
            "revenue": 48641
        },
        "2008-04": {
            "month": "2008-04",
            "price": "7.39",
            "revenue": 48940
        },
        "2008-05": {
            "month": "2008-05",
            "price": "7.35",
            "revenue": 42501
        },
        "2008-06": {
            "month": "2008-06",
            "price": "6.52",
            "revenue": 39095
        },
        "2008-07": {
            "month": "2008-07",
            "price": "5.65",
            "revenue": 46381
        },
        "2008-08": {
            "month": "2008-08",
            "price": "5.92",
            "revenue": 38269
        },
        "2008-09": {
            "month": "2008-09",
            "price": "5.08",
            "revenue": 42475
        },
        "2008-10": {
            "month": "2008-10",
            "price": "4.08",
            "revenue": 39928
        },
        "2008-11": {
            "month": "2008-11",
            "price": "4.51",
            "revenue": 26607
        },
        "2008-12": {
            "month": "2008-12",
            "price": "3.09",
            "revenue": 25318
        },
        "2009-01": {
            "month": "2009-01",
            "price": "2.30",
            "revenue": 23168
        },
        "2009-02": {
            "month": "2009-02",
            "price": "3.00",
            "revenue": 34960
        },
        "2009-03": {
            "month": "2009-03",
            "price": "3.52",
            "revenue": 45328
        },
        "2009-04": {
            "month": "2009-04",
            "price": "4.19",
            "revenue": 49000
        },
        "2009-05": {
            "month": "2009-05",
            "price": "5.05",
            "revenue": 36341
        },
        "2009-06": {
            "month": "2009-06",
            "price": "6.12",
            "revenue": 43496
        },
        "2009-07": {
            "month": "2009-07",
            "price": "6.29",
            "revenue": 62483
        },
        "2009-08": {
            "month": "2009-08",
            "price": "7.31",
            "revenue": 53899
        },
        "2009-09": {
            "month": "2009-09",
            "price": "8.20",
            "revenue": 62967
        },
        "2009-10": {
            "month": "2009-10",
            "price": "10.85",
            "revenue": 60349
        },
        "2009-11": {
            "month": "2009-11",
            "price": "11.05",
            "revenue": 68179
        },
        "2009-12": {
            "month": "2009-12",
            "price": "12.69",
            "revenue": 64273
        },
        "2010-01": {
            "month": "2010-01",
            "price": "14.18",
            "revenue": 71634
        },
        "2010-02": {
            "month": "2010-02",
            "price": "14.32",
            "revenue": 52433
        },
        "2010-03": {
            "month": "2010-03",
            "price": "14.94",
            "revenue": 81824
        },
        "2010-04": {
            "month": "2010-04",
            "price": "13.48",
            "revenue": 86470
        },
        "2010-05": {
            "month": "2010-05",
            "price": "12.41",
            "revenue": 98339
        },
        "2010-06": {
            "month": "2010-06",
            "price": "12.50",
            "revenue": 83990
        },
        "2010-07": {
            "month": "2010-07",
            "price": "18.59",
            "revenue": 103294
        },
        "2010-08": {
            "month": "2010-08",
            "price": "17.18",
            "revenue": 85756
        },
        "2010-09": {
            "month": "2010-09",
            "price": "16.07",
            "revenue": 81581
        },
        "2010-10": {
            "month": "2010-10",
            "price": "13.67",
            "revenue": 74849
        },
        "2010-11": {
            "month": "2010-11",
            "price": "13.00",
            "revenue": 82468
        },
        "2010-12": {
            "month": "2010-12",
            "price": "13.19",
            "revenue": 83548
        },
        "2011-01": {
            "month": "2011-01",
            "price": "12.88",
            "revenue": 97042
        },
        "2011-02": {
            "month": "2011-02",
            "price": "12.69",
            "revenue": 45955
        },
        "2011-03": {
            "month": "2011-03",
            "price": "12.07",
            "revenue": 85640
        },
        "2011-04": {
            "month": "2011-04",
            "price": "11.25",
            "revenue": 86751
        },
        "2011-05": {
            "month": "2011-05",
            "price": "10.47",
            "revenue": 79903
        },
        "2011-06": {
            "month": "2011-06",
            "price": "9.68",
            "revenue": 73099
        },
        "2011-07": {
            "month": "2011-07",
            "price": "8.81",
            "revenue": 78591
        },
        "2011-08": {
            "month": "2011-08",
            "price": "7.34",
            "revenue": 68533
        },
        "2011-09": {
            "month": "2011-09",
            "price": "7.11",
            "revenue": 67604
        },
        "2011-10": {
            "month": "2011-10",
            "price": "6.88",
            "revenue": 58518
        },
        "2011-11": {
            "month": "2011-11",
            "price": "7.62",
            "revenue": 70496
        },
        "2011-12": {
            "month": "2011-12",
            "price": "6.52",
            "revenue": 64391
        },
        "2012-01": {
            "month": "2012-01",
            "price": "6.48",
            "revenue": 46459
        },
        "2012-02": {
            "month": "2012-02",
            "price": "7.26",
            "revenue": 56894
        },
        "2012-03": {
            "month": "2012-03",
            "price": "7.25",
            "revenue": 72250
        },
        "2012-04": {
            "month": "2012-04",
            "price": "6.79",
            "revenue": 55815
        },
        "2012-05": {
            "month": "2012-05",
            "price": "6.49",
            "revenue": 52111
        },
        "2012-06": {
            "month": "2012-06",
            "price": "6.24",
            "revenue": 64096
        },
        "2012-07": {
            "month": "2012-07",
            "price": "5.99",
            "revenue": 87883
        },
        "2012-08": {
            "month": "2012-08",
            "price": "5.58",
            "revenue": 88832
        },
        "2012-09": {
            "month": "2012-09",
            "price": "6.20",
            "revenue": 71257
        },
        "2012-10": {
            "month": "2012-10",
            "price": "6.40",
            "revenue": 62816
        },
        "2012-11": {
            "month": "2012-11",
            "price": "7.35",
            "revenue": 81406
        },
        "2012-12": {
            "month": "2012-12",
            "price": "9.22",
            "revenue": 74089
        },
        "2013-01": {
            "month": "2013-01",
            "price": "9.31",
            "revenue": 94370
        },
        "2013-02": {
            "month": "2013-02",
            "price": "9.13",
            "revenue": 45972
        },
        "2013-03": {
            "month": "2013-03",
            "price": "9.14",
            "revenue": 83525
        },
        "2013-04": {
            "month": "2013-04",
            "price": "8.83",
            "revenue": 86756
        },
        "2013-05": {
            "month": "2013-05",
            "price": "8.73",
            "revenue": 90466
        },
        "2013-06": {
            "month": "2013-06",
            "price": "8.16",
            "revenue": 74825
        },
        "2013-07": {
            "month": "2013-07",
            "price": "7.88",
            "revenue": 92189
        },
        "2013-08": {
            "month": "2013-08",
            "price": "7.55",
            "revenue": 84914
        },
        "2013-09": {
            "month": "2013-09",
            "price": "7.13",
            "revenue": 118839
        },
        "2013-10": {
            "month": "2013-10",
            "price": "7.91",
            "revenue": 123969
        },
        "2013-11": {
            "month": "2013-11",
            "price": "8.30",
            "revenue": 126044
        },
        "2013-12": {
            "month": "2013-12",
            "price": "7.97",
            "revenue": 119976
        },
        "2014-01": {
            "month": "2014-01",
            "price": "9.05",
            "revenue": 128113
        },
        "2014-02": {
            "month": "2014-02",
            "price": "9.26",
            "revenue": 100069
        },
        "2014-03": {
            "month": "2014-03",
            "price": "11.70",
            "revenue": 113362
        },
        "2014-04": {
            "month": "2014-04",
            "price": "11.22",
            "revenue": 148332
        },
        "2014-05": {
            "month": "2014-05",
            "price": "11.10",
            "revenue": 136435
        },
        "2014-06": {
            "month": "2014-06",
            "price": "12.01",
            "revenue": 121445
        },
        "2014-07": {
            "month": "2014-07",
            "price": "14.58",
            "revenue": 110766
        },
        "2014-08": {
            "month": "2014-08",
            "price": "12.94",
            "revenue": 113877
        },
        "2014-09": {
            "month": "2014-09",
            "price": "11.31",
            "revenue": 124344
        },
        "2014-10": {
            "month": "2014-10",
            "price": "19.06",
            "revenue": 109139
        },
        "2014-11": {
            "month": "2014-11",
            "price": "24.52",
            "revenue": 103236
        },
        "2014-12": {
            "month": "2014-12",
            "price": "36.58",
            "revenue": 160185
        },
        "2015-01": {
            "month": "2015-01",
            "price": "28.22",
            "revenue": 103948
        },
        "2015-02": {
            "month": "2015-02",
            "price": "20.64",
            "revenue": 76110
        },
        "2015-03": {
            "month": "2015-03",
            "price": "21.17",
            "revenue": 121497
        },
        "2015-04": {
            "month": "2015-04",
            "price": "16.18",
            "revenue": 122912
        },
        "2015-05": {
            "month": "2015-05",
            "price": "14.36",
            "revenue": 132269
        },
        "2015-06": {
            "month": "2015-06",
            "price": "11.90",
            "revenue": 98433
        },
        "2015-07": {
            "month": "2015-07",
            "price": "10.01",
            "revenue": 94623
        },
        "2015-08": {
            "month": "2015-08",
            "price": "7.03",
            "revenue": 134455
        },
        "2015-09": {
            "month": "2015-09",
            "price": "6.59",
            "revenue": 81933
        },
        "2015-10": {
            "month": "2015-10",
            "price": "8.01",
            "revenue": 73604
        },
        "2015-11": {
            "month": "2015-11",
            "price": "9.60",
            "revenue": 62277
        },
        "2015-12": {
            "month": "2015-12",
            "price": "9.18",
            "revenue": 49134
        },
        "2016-01": {
            "month": "2016-01",
            "price": "9.08",
            "revenue": 49086
        },
        "2016-02": {
            "month": "2016-02",
            "price": "7.50",
            "revenue": 30343
        },
        "2016-03": {
            "month": "2016-03",
            "price": "7.36",
            "revenue": 48331
        },
        "2016-04": {
            "month": "2016-04",
            "price": "6.13",
            "revenue": 43805
        },
        "2016-05": {
            "month": "2016-05",
            "price": "3.58",
            "revenue": 37724
        },
        "2016-06": {
            "month": "2016-06",
            "price": "2.58",
            "revenue": 38746
        },
        "2016-07": {
            "month": "2016-07",
            "price": "2.94",
            "revenue": 25784
        },
        "2016-08": {
            "month": "2016-08",
            "price": "3.11",
            "revenue": 28598
        },
        "2016-09": {
            "month": "2016-09",
            "price": "2.99",
            "revenue": 41920
        },
        "2016-10": {
            "month": "2016-10",
            "price": "3.17",
            "revenue": 37139
        },
        "2016-11": {
            "month": "2016-11",
            "price": "3.07",
            "revenue": 32826
        },
        "2016-12": {
            "month": "2016-12",
            "price": "2.85",
            "revenue": 34100
        },
        "2017-01": {
            "month": "2017-01",
            "price": "2.98",
            "revenue": 24807
        },
        "2017-02": {
            "month": "2017-02",
            "price": "3.10",
            "revenue": 20825
        },
        "2017-03": {
            "month": "2017-03",
            "price": "3.00",
            "revenue": 26591
        },
        "2017-04": {
            "month": "2017-04",
            "price": "2.84",
            "revenue": 24501
        },
        "2017-05": {
            "month": "2017-05",
            "price": "2.61",
            "revenue": 24267
        },
        "2017-06": {
            "month": "2017-06",
            "price": "2.38",
            "revenue": 23700
        },
        "2017-07": {
            "month": "2017-07",
            "price": "2.91",
            "revenue": 22973
        },
        "2017-08": {
            "month": "2017-08",
            "price": "3.50",
            "revenue": 24036
        },
        "2017-09": {
            "month": "2017-09",
            "price": "3.01",
            "revenue": 24631
        },
        "2017-10": {
            "month": "2017-10",
            "price": "3.00",
            "revenue": 23882
        },
        "2017-11": {
            "month": "2017-11",
            "price": "2.90",
            "revenue": 24296
        },
        "2017-12": {
            "month": "2017-12",
            "price": "3.04",
            "revenue": 22445
        },
        "2018-01": {
            "month": "2018-01",
            "price": "2.97",
            "revenue": 25933
        },
        "2018-02": {
            "month": "2018-02",
            "price": "3.67",
            "revenue": 14381
        },
        "2018-03": {
            "month": "2018-03",
            "price": "3.79",
            "revenue": 23757
        },
        "2018-04": {
            "month": "2018-04",
            "price": "3.88",
            "revenue": 21624
        },
        "2018-05": {
            "month": "2018-05",
            "price": "3.40",
            "revenue": 19197
        },
        "2018-06": {
            "month": "2018-06",
            "price": "3.36",
            "revenue": 20001
        },
        "2018-07": {
            "month": "2018-07",
            "price": "2.95",
            "revenue": 20416
        },
        "2018-08": {
            "month": "2018-08",
            "price": "2.88",
            "revenue": 24020
        },
        "2018-09": {
            "month": "2018-09",
            "price": "2.79",
            "revenue": 20093
        },
        "2018-10": {
            "month": "2018-10",
            "price": "2.30",
            "revenue": 17544
        },
        "2018-11": {
            "month": "2018-11",
            "price": "2.30",
            "revenue": 17073
        },
        "2018-12": {
            "month": "2018-12",
            "price": "2.43",
            "revenue": 21836
        },
        "2019-01": {
            "month": "2019-01",
            "price": "2.37",
            "revenue": 17803
        },
        "2019-02": {
            "month": "2019-02",
            "price": "2.40",
            "revenue": 10716
        },
        "2019-03": {
            "month": "2019-03",
            "price": "2.17",
            "revenue": 16644
        },
        "2019-04": {
            "month": "2019-04",
            "price": "2.08",
            "revenue": 16933
        },
        "2019-05": {
            "month": "2019-05",
            "price": "1.94",
            "revenue": 16927
        },
        "2019-06": {
            "month": "2019-06",
            "price": "2.17",
            "revenue": 14387
        },
        "2019-07": {
            "month": "2019-07",
            "price": "3.35",
            "revenue": 17219
        },
        "2019-08": {
            "month": "2019-08",
            "price": "3.32",
            "revenue": 17919
        },
        "2019-09": {
            "month": "2019-09",
            "price": "3.61",
            "revenue": 15779
        },
        "2019-10": {
            "month": "2019-10",
            "price": "3.35",
            "revenue": 14309
        },
        "2019-11": {
            "month": "2019-11",
            "price": "2.65",
            "revenue": 17010
        },
        "2019-12": {
            "month": "2019-12",
            "price": "2.20",
            "revenue": 20011
        },
        "2020-01": {
            "month": "2020-01",
            "price": "2.18",
            "revenue": 11209
        },
        "2020-02": {
            "month": "2020-02",
            "price": "2.39",
            "revenue": 6872
        },
        "2020-03": {
            "month": "2020-03",
            "price": "2.22",
            "revenue": 14709
        },
        "2020-04": {
            "month": "2020-04",
            "price": "2.03",
            "revenue": 20444
        },
        "2020-05": {
            "month": "2020-05",
            "price": "2.03",
            "revenue": 19637
        },
        "2020-06": {
            "month": "2020-06",
            "price": "1.94",
            "revenue": 17951
        },
        "2020-07": {
            "month": "2020-07",
            "price": "2.17",
            "revenue": 15241
        },
        "2020-08": {
            "month": "2020-08",
            "price": "2.63",
            "revenue": 14068
        },
        "2020-09": {
            "month": "2020-09",
            "price": "8.78",
            "revenue": 12281
        },
        "2020-10": {
            "month": "2020-10",
            "price": "15.25",
            "revenue": 14907
        },
        "2020-11": {
            "month": "2020-11",
            "price": "14.77",
            "revenue": 19060
        },
        "2020-12": {
            "month": "2020-12",
            "price": "14.27",
            "revenue": 21125
        },
        "2021-01": {
            "month": "2021-01",
            "price": "13.82",
            "revenue": 21939
        },
        "2021-02": {
            "month": "2021-02",
            "price": "14.80",
            "revenue": 12881
        },
        "2021-03": {
            "month": "2021-03",
            "price": "17.68",
            "revenue": 18921
        },
        "2021-04": {
            "month": "2021-04",
            "price": "19.95",
            "revenue": 18979
        },
        "2021-05": {
            "month": "2021-05",
            "price": "17.53",
            "revenue": 20650
        },
        "2021-06": {
            "month": "2021-06",
            "price": "15.40",
            "revenue": 21208
        },
        "2021-07": {
            "month": "2021-07",
            "price": "16.81",
            "revenue": 27354
        },
        "2021-08": {
            "month": "2021-08",
            "price": "16.63",
            "revenue": 31124
        },
        "2021-09": {
            "month": "2021-09",
            "price": "22.02",
            "revenue": 20369
        },
        "2021-10": {
            "month": "2021-10",
            "price": "25.50",
            "revenue": 46552
        },
        "2021-11": {
            "month": "2021-11",
            "price": "31.43",
            "revenue": 61226
        },
        "2021-12": {
            "month": "2021-12",
            "price": "33.34",
            "revenue": 69979
        },
        "2022-01": {
            "month": "2022-01",
            "price": "29.22",
            "revenue": 51539
        },
        "2022-02": {
            "month": "2022-02",
            "price": "36.43",
            "revenue": 29459
        },
        "2022-03": {
            "month": "2022-03",
            "price": "42.74",
            "revenue": 58823
        },
        "2022-04": {
            "month": "2022-04",
            "price": "34.65",
            "revenue": 61080
        },
        "2022-05": {
            "month": "2022-05",
            "price": "30.86",
            "revenue": 77707
        },
        "2022-06": {
            "month": "2022-06",
            "price": "31.29",
            "revenue": 60040
        },
        "2022-07": {
            "month": "2022-07",
            "price": "27.53",
            "revenue": 43124
        },
        "2022-08": {
            "month": "2022-08",
            "price": "26.82",
            "revenue": 59103
        },
        "2022-09": {
            "month": "2022-09",
            "price": "25.70",
            "revenue": 45325
        },
        "2022-10": {
            "month": "2022-10",
            "price": "19.35",
            "revenue": 41504
        },
        "2022-11": {
            "month": "2022-11",
            "price": "21.40",
            "revenue": 38878
        },
        "2022-12": {
            "month": "2022-12",
            "price": "22.72",
            "revenue": 37945
        },
        "2023-01": {
            "month": "2023-01",
            "price": "22.82",
            "revenue": 25005
        },
        "2023-02": {
            "month": "2023-02",
            "price": "23.68",
            "revenue": 41451
        },
        "2023-03": {
            "month": "2023-03",
            "price": "22.76",
            "revenue": 42035
        },
        "2023-04": {
            "month": "2023-04",
            "price": "22.48",
            "revenue": 36029
        }
    }
}
