{
    "summary": {
        "stock_name": "久元",
        "stock_id": "6261",
        "category": "半導體",
        "main_business": "半導體及光電產品加工：切割、研磨、測試、挑檢與基板切割等。<br>半導體及光電設備之研發、製造與銷售：IC/CIS/CCM測試設備等。",
        "website_url": "http://www.ytec.com.tw",
        "ceo": "蕭維唐",
        "pe_ratio": 21,
        "report_year_from": 2002,
        "report_year_to": 2023,
        "age": 22,
        "eps_negative_percentage": 0,
        "eps_growth_avg": {
            "last_all": 2.15,
            "last_2y": 5.58,
            "last_4y": 7.16,
            "last_8y": -0.52,
            "last_12y": -1.85,
            "last_16y": -0.12,
            "last_20y": null,
            "at_2006_last_3y": null,
            "at_2007_last_3y": 7.13,
            "at_2008_last_3y": -4.62,
            "at_2009_last_3y": -6.64,
            "at_2010_last_3y": 5.54,
            "at_2011_last_3y": 4.28,
            "at_2012_last_3y": 4.3,
            "at_2013_last_3y": 9.68,
            "at_2014_last_3y": -4.86,
            "at_2015_last_3y": -9.11,
            "at_2016_last_3y": -6.57,
            "at_2017_last_3y": 3.07,
            "at_2018_last_3y": -10.12,
            "at_2019_last_3y": -3.63,
            "at_2020_last_3y": 6.16,
            "at_2021_last_3y": 27.03,
            "at_2022_last_3y": 24.5,
            "at_2023_last_3y": 12.1,
            "at_2024_last_3y": 12.1,
            "at_2006_last_all": 15.01,
            "at_2007_last_all": 7.13,
            "at_2008_last_all": 2.15,
            "at_2009_last_all": -5.47,
            "at_2010_last_all": 9.6,
            "at_2011_last_all": 5.71,
            "at_2012_last_all": 3.11,
            "at_2013_last_all": 0.59,
            "at_2014_last_all": 4.34,
            "at_2015_last_all": 0.77,
            "at_2016_last_all": 0.13,
            "at_2017_last_all": 1.3,
            "at_2018_last_all": 0.48,
            "at_2019_last_all": -0.33,
            "at_2020_last_all": 1.55,
            "at_2021_last_all": 7.02,
            "at_2022_last_all": 5.54,
            "at_2023_last_all": 2.15,
            "at_2024_last_all": 2.15
        },
        "latest_eps": 2.98,
        "latest_price": 62.5,
        "latest_roe": 5.73,
        "latest_gross_margin": 26.61,
        "latest_equity": 6780806,
        "latest_revenue": 823560,
        "latest_gross_profit": 219181,
        "latest_net_income": 168027,
        "latest_debt_ratio": 15.68,
        "latest_current_ratio": 501.38,
        "latest_account_receivable_turnover_ratio": 0.84,
        "latest_inventory_turnover_ratio": 0.59,
        "latest_reinvestment_rate": 11.93,
        "latest_research_to_sale_ratio": 9.33
    },
    "eps_dividends": {
        "2001": {
            "cash": 0,
            "stock": 0,
            "eps": 0
        },
        "2002": {
            "cash": 0,
            "stock": 1.5,
            "eps": 0
        },
        "2003": {
            "cash": 2,
            "stock": 2,
            "eps": 7.39
        },
        "2004": {
            "cash": 3,
            "stock": 2,
            "eps": 9.55
        },
        "2005": {
            "cash": 3,
            "stock": 2,
            "eps": 6.16
        },
        "2006": {
            "cash": 2.61,
            "stock": 0.87,
            "eps": 9.32
        },
        "2007": {
            "cash": 3.99,
            "stock": 1,
            "eps": 7.78
        },
        "2008": {
            "cash": 4,
            "stock": 0.5,
            "eps": 6.4
        },
        "2009": {
            "cash": 3,
            "stock": 0.1,
            "eps": 3.61
        },
        "2010": {
            "cash": 3,
            "stock": 0.1,
            "eps": 8.5
        },
        "2011": {
            "cash": 5,
            "stock": 0.1,
            "eps": 6.67
        },
        "2012": {
            "cash": 5.5,
            "stock": 0.1,
            "eps": 5.49
        },
        "2013": {
            "cash": 4.75,
            "stock": 0.1,
            "eps": 4.28
        },
        "2014": {
            "cash": 3.7,
            "stock": 0.1,
            "eps": 6.07
        },
        "2015": {
            "cash": 5,
            "stock": 0.1,
            "eps": 3.73
        },
        "2016": {
            "cash": 3.3,
            "stock": 0,
            "eps": 3.45
        },
        "2017": {
            "cash": 3.1,
            "stock": 0,
            "eps": 4.02
        },
        "2018": {
            "cash": 4.1,
            "stock": 0,
            "eps": 3.58
        },
        "2019": {
            "cash": 3,
            "stock": 0,
            "eps": 3.13
        },
        "2020": {
            "cash": 3,
            "stock": 0,
            "eps": 4.12
        },
        "2021": {
            "cash": 4,
            "stock": 0,
            "eps": 8.41
        },
        "2022": {
            "cash": 5,
            "stock": 0,
            "eps": 6.64
        },
        "2023": {
            "cash": 5,
            "stock": 0,
            "eps": 2.51
        }
    },
    "dividends": {
        "2002-05-24": {
            "cash": 0,
            "stock": 1.5
        },
        "2003-06-25": {
            "cash": 2,
            "stock": 2
        },
        "2004-04-05": {
            "cash": 3,
            "stock": 2
        },
        "2005-03-29": {
            "cash": 3,
            "stock": 2
        },
        "2006-03-27": {
            "cash": 2.61,
            "stock": 0.87
        },
        "2007-03-23": {
            "cash": 3.99,
            "stock": 1
        },
        "2008-03-25": {
            "cash": 4,
            "stock": 0.5
        },
        "2009-03-23": {
            "cash": 3,
            "stock": 0.1
        },
        "2010-03-23": {
            "cash": 3,
            "stock": 0.1
        },
        "2011-03-15": {
            "cash": 5,
            "stock": 0.1
        },
        "2012-06-27": {
            "cash": 5.5,
            "stock": 0.1
        },
        "2013-06-11": {
            "cash": 4.75,
            "stock": 0.1
        },
        "2014-10-09": {
            "cash": 3.7,
            "stock": 0.1
        },
        "2015-10-05": {
            "cash": 5,
            "stock": 0.1
        },
        "2016-09-28": {
            "cash": 3.3,
            "stock": 0
        },
        "2017-10-03": {
            "cash": 3.1,
            "stock": 0
        },
        "2018-09-28": {
            "cash": 4.1,
            "stock": 0
        },
        "2019-09-30": {
            "cash": 3,
            "stock": 0
        },
        "2020-09-28": {
            "cash": 3,
            "stock": 0
        },
        "2021-09-30": {
            "cash": 4,
            "stock": 0
        },
        "2022-09-22": {
            "cash": 5,
            "stock": 0
        },
        "2023-09-28": {
            "cash": 5,
            "stock": 0
        }
    },
    "prices": {
        "200101": "無",
        "200102": "無",
        "200103": "無",
        "200104": "無",
        "200105": "無",
        "200106": "無",
        "200107": "無",
        "200108": "無",
        "200109": "無",
        "200110": "無",
        "200111": "無",
        "200112": "無",
        "200201": "無",
        "200202": "無",
        "200203": "無",
        "200204": "無",
        "200205": "無",
        "200206": "無",
        "200207": "無",
        "200208": "無",
        "200209": "無",
        "200210": "無",
        "200211": "無",
        "200212": "無",
        "200301": "無",
        "200302": "無",
        "200303": "無",
        "200304": "無",
        "200305": "無",
        "200306": "無",
        "200307": "無",
        "200308": "無",
        "200309": "65.12",
        "200310": "61.08",
        "200311": "67.92",
        "200312": "77.10",
        "200401": "84.21",
        "200402": "84.62",
        "200403": "77.50",
        "200404": "104.32",
        "200405": "90.60",
        "200406": "81.14",
        "200407": "65.34",
        "200408": "68.82",
        "200409": "74.12",
        "200410": "57.25",
        "200411": "55.61",
        "200412": "56.89",
        "200501": "59.26",
        "200502": "67.15",
        "200503": "65.80",
        "200504": "64.70",
        "200505": "60.30",
        "200506": "63.20",
        "200507": "69.00",
        "200508": "55.31",
        "200509": "50.17",
        "200510": "47.42",
        "200511": "54.17",
        "200512": "68.50",
        "200601": "70.64",
        "200602": "67.76",
        "200603": "78.10",
        "200604": "85.72",
        "200605": "86.32",
        "200606": "74.75",
        "200607": "69.82",
        "200608": "69.43",
        "200609": "70.75",
        "200610": "72.20",
        "200611": "74.77",
        "200612": "80.18",
        "200701": "89.15",
        "200702": "99.30",
        "200703": "106.40",
        "200704": "102.38",
        "200705": "93.59",
        "200706": "104.23",
        "200707": "125.07",
        "200708": "116.15",
        "200709": "114.91",
        "200710": "98.36",
        "200711": "84.79",
        "200712": "83.70",
        "200801": "76.45",
        "200802": "70.52",
        "200803": "72.80",
        "200804": "87.73",
        "200805": "97.77",
        "200806": "91.35",
        "200807": "83.90",
        "200808": "79.38",
        "200809": "66.78",
        "200810": "55.23",
        "200811": "41.78",
        "200812": "34.38",
        "200901": "32.48",
        "200902": "37.36",
        "200903": "44.73",
        "200904": "50.50",
        "200905": "56.88",
        "200906": "55.51",
        "200907": "60.80",
        "200908": "61.81",
        "200909": "72.46",
        "200910": "78.16",
        "200911": "73.56",
        "200912": "78.11",
        "201001": "76.58",
        "201002": "68.91",
        "201003": "74.32",
        "201004": "78.38",
        "201005": "73.97",
        "201006": "71.06",
        "201007": "75.89",
        "201008": "73.80",
        "201009": "82.63",
        "201010": "83.95",
        "201011": "80.32",
        "201012": "84.20",
        "201101": "84.45",
        "201102": "85.79",
        "201103": "92.55",
        "201104": "97.47",
        "201105": "112.64",
        "201106": "104.04",
        "201107": "92.17",
        "201108": "71.46",
        "201109": "67.21",
        "201110": "67.76",
        "201111": "68.31",
        "201112": "57.70",
        "201201": "58.20",
        "201202": "76.55",
        "201203": "83.91",
        "201204": "80.92",
        "201205": "80.56",
        "201206": "79.69",
        "201207": "76.59",
        "201208": "73.52",
        "201209": "71.40",
        "201210": "66.80",
        "201211": "61.29",
        "201212": "64.91",
        "201301": "66.59",
        "201302": "69.58",
        "201303": "75.26",
        "201304": "74.40",
        "201305": "72.00",
        "201306": "67.88",
        "201307": "65.81",
        "201308": "63.92",
        "201309": "60.12",
        "201310": "59.73",
        "201311": "55.08",
        "201312": "58.65",
        "201401": "64.23",
        "201402": "63.41",
        "201403": "65.88",
        "201404": "66.47",
        "201405": "62.79",
        "201406": "64.61",
        "201407": "65.60",
        "201408": "65.80",
        "201409": "62.30",
        "201410": "59.15",
        "201411": "60.24",
        "201412": "61.35",
        "201501": "62.41",
        "201502": "64.75",
        "201503": "67.45",
        "201504": "66.99",
        "201505": "64.20",
        "201506": "59.26",
        "201507": "54.47",
        "201508": "48.69",
        "201509": "44.93",
        "201510": "46.77",
        "201511": "45.32",
        "201512": "46.65",
        "201601": "47.07",
        "201602": "47.70",
        "201603": "48.87",
        "201604": "46.38",
        "201605": "45.70",
        "201606": "46.93",
        "201607": "49.81",
        "201608": "50.15",
        "201609": "47.91",
        "201610": "46.42",
        "201611": "44.79",
        "201612": "46.99",
        "201701": "45.81",
        "201702": "46.17",
        "201703": "46.05",
        "201704": "45.24",
        "201705": "44.67",
        "201706": "44.78",
        "201707": "46.58",
        "201708": "51.86",
        "201709": "58.24",
        "201710": "58.31",
        "201711": "58.03",
        "201712": "57.31",
        "201801": "60.38",
        "201802": "56.17",
        "201803": "56.62",
        "201804": "60.08",
        "201805": "56.95",
        "201806": "55.78",
        "201807": "52.25",
        "201808": "50.85",
        "201809": "44.45",
        "201810": "40.94",
        "201811": "39.44",
        "201812": "40.37",
        "201901": "40.51",
        "201902": "42.63",
        "201903": "44.02",
        "201904": "46.21",
        "201905": "43.22",
        "201906": "42.66",
        "201907": "44.78",
        "201908": "44.55",
        "201909": "42.37",
        "201910": "41.33",
        "201911": "42.24",
        "201912": "48.24",
        "202001": "51.41",
        "202002": "50.71",
        "202003": "44.87",
        "202004": "47.40",
        "202005": "59.05",
        "202006": "62.16",
        "202007": "65.96",
        "202008": "63.08",
        "202009": "56.21",
        "202010": "53.19",
        "202011": "56.22",
        "202012": "60.99",
        "202101": "63.26",
        "202102": "62.25",
        "202103": "64.59",
        "202104": "75.32",
        "202105": "76.57",
        "202106": "82.26",
        "202107": "93.17",
        "202108": "90.65",
        "202109": "81.27",
        "202110": "80.16",
        "202111": "87.65",
        "202112": "83.47",
        "202201": "84.87",
        "202202": "83.50",
        "202203": "81.34",
        "202204": "77.19",
        "202205": "74.37",
        "202206": "71.62",
        "202207": "65.41",
        "202208": "68.57",
        "202209": "62.05",
        "202210": "55.55",
        "202211": "59.83",
        "202212": "59.17",
        "202301": "58.92",
        "202302": "62.40",
        "202303": "66.30",
        "202304": "66.36",
        "202305": "65.09",
        "202306": "66.64",
        "202307": "67.75",
        "202308": "62.80",
        "202309": "56.85",
        "202310": "57.91",
        "202311": "58.88",
        "202312": "62.01"
    },
    "quarters": {
        "20011": {
            "year_quarter": 20011,
            "year": 2001,
            "quarter": 1,
            "eps": null,
            "eps_growth_year": null,
            "eps_4q": null,
            "eps_4q_growth_year": null,
            "roe": null,
            "roe_4q": 0,
            "gross_profit": null,
            "gross_margin": null,
            "gross_margin_4q_avg": 0,
            "net_income": null,
            "net_income_4q": null,
            "revenue": null,
            "revenue_4q": null,
            "common_shares": null,
            "book_valuer_per_share": null,
            "book_valuer_per_share_4q_avg": 0,
            "equity": null,
            "current_ratio": null,
            "debt_ratio": null,
            "inventory_turnover_ratio": null,
            "account_receivable_turnover_ratio": null,
            "reinvestment_rate": null,
            "research_to_sale_ratio": null,
            "price_fair": 0,
            "eps_avg_yearly": 0,
            "eps_latest_yearly": 0,
            "eps_growth_yearly": 0
        },
        "20012": {
            "year_quarter": 20012,
            "year": 2001,
            "quarter": 2,
            "eps": null,
            "eps_growth_year": null,
            "eps_4q": null,
            "eps_4q_growth_year": null,
            "roe": null,
            "roe_4q": 0,
            "gross_profit": null,
            "gross_margin": null,
            "gross_margin_4q_avg": 0,
            "net_income": null,
            "net_income_4q": null,
            "revenue": null,
            "revenue_4q": null,
            "common_shares": null,
            "book_valuer_per_share": null,
            "book_valuer_per_share_4q_avg": 0,
            "equity": null,
            "current_ratio": null,
            "debt_ratio": null,
            "inventory_turnover_ratio": null,
            "account_receivable_turnover_ratio": null,
            "reinvestment_rate": null,
            "research_to_sale_ratio": null,
            "price_fair": 0,
            "eps_avg_yearly": 0,
            "eps_latest_yearly": 0,
            "eps_growth_yearly": 0
        },
        "20013": {
            "year_quarter": 20013,
            "year": 2001,
            "quarter": 3,
            "eps": null,
            "eps_growth_year": null,
            "eps_4q": null,
            "eps_4q_growth_year": null,
            "roe": null,
            "roe_4q": 0,
            "gross_profit": null,
            "gross_margin": null,
            "gross_margin_4q_avg": 0,
            "net_income": null,
            "net_income_4q": null,
            "revenue": null,
            "revenue_4q": null,
            "common_shares": null,
            "book_valuer_per_share": null,
            "book_valuer_per_share_4q_avg": 0,
            "equity": null,
            "current_ratio": null,
            "debt_ratio": null,
            "inventory_turnover_ratio": null,
            "account_receivable_turnover_ratio": null,
            "reinvestment_rate": null,
            "research_to_sale_ratio": null,
            "price_fair": 0,
            "eps_avg_yearly": 0,
            "eps_latest_yearly": 0,
            "eps_growth_yearly": 0
        },
        "20014": {
            "year_quarter": 20014,
            "year": 2001,
            "quarter": 4,
            "eps": null,
            "eps_growth_year": null,
            "eps_4q": null,
            "eps_4q_growth_year": null,
            "roe": null,
            "roe_4q": 0,
            "gross_profit": null,
            "gross_margin": null,
            "gross_margin_4q_avg": 0,
            "net_income": null,
            "net_income_4q": null,
            "revenue": null,
            "revenue_4q": null,
            "common_shares": 235000,
            "book_valuer_per_share": 17.12,
            "book_valuer_per_share_4q_avg": 4.28,
            "equity": 402339,
            "current_ratio": 173.95,
            "debt_ratio": 34.11,
            "inventory_turnover_ratio": null,
            "account_receivable_turnover_ratio": null,
            "reinvestment_rate": null,
            "research_to_sale_ratio": null,
            "price_fair": 0,
            "eps_avg_yearly": 0,
            "eps_latest_yearly": 0,
            "eps_growth_yearly": 0
        },
        "20021": {
            "year_quarter": 20021,
            "year": 2002,
            "quarter": 1,
            "eps": null,
            "eps_growth_year": null,
            "eps_4q": null,
            "eps_4q_growth_year": null,
            "roe": null,
            "roe_4q": 0,
            "gross_profit": null,
            "gross_margin": null,
            "gross_margin_4q_avg": 0,
            "net_income": null,
            "net_income_4q": null,
            "revenue": null,
            "revenue_4q": null,
            "common_shares": null,
            "book_valuer_per_share": null,
            "book_valuer_per_share_4q_avg": 4.28,
            "equity": null,
            "current_ratio": null,
            "debt_ratio": null,
            "inventory_turnover_ratio": null,
            "account_receivable_turnover_ratio": null,
            "reinvestment_rate": null,
            "research_to_sale_ratio": null,
            "price_fair": 0,
            "eps_avg_yearly": 0,
            "eps_latest_yearly": 0,
            "eps_growth_yearly": 0
        },
        "20022": {
            "year_quarter": 20022,
            "year": 2002,
            "quarter": 2,
            "eps": null,
            "eps_growth_year": null,
            "eps_4q": null,
            "eps_4q_growth_year": null,
            "roe": null,
            "roe_4q": 0,
            "gross_profit": null,
            "gross_margin": null,
            "gross_margin_4q_avg": 0,
            "net_income": null,
            "net_income_4q": null,
            "revenue": null,
            "revenue_4q": null,
            "common_shares": null,
            "book_valuer_per_share": null,
            "book_valuer_per_share_4q_avg": 4.28,
            "equity": null,
            "current_ratio": null,
            "debt_ratio": null,
            "inventory_turnover_ratio": null,
            "account_receivable_turnover_ratio": null,
            "reinvestment_rate": null,
            "research_to_sale_ratio": null,
            "price_fair": 0,
            "eps_avg_yearly": 0,
            "eps_latest_yearly": 0,
            "eps_growth_yearly": 0
        },
        "20023": {
            "year_quarter": 20023,
            "year": 2002,
            "quarter": 3,
            "eps": null,
            "eps_growth_year": null,
            "eps_4q": null,
            "eps_4q_growth_year": null,
            "roe": null,
            "roe_4q": 0,
            "gross_profit": null,
            "gross_margin": null,
            "gross_margin_4q_avg": 0,
            "net_income": null,
            "net_income_4q": null,
            "revenue": null,
            "revenue_4q": null,
            "common_shares": null,
            "book_valuer_per_share": null,
            "book_valuer_per_share_4q_avg": 4.28,
            "equity": null,
            "current_ratio": null,
            "debt_ratio": null,
            "inventory_turnover_ratio": null,
            "account_receivable_turnover_ratio": null,
            "reinvestment_rate": null,
            "research_to_sale_ratio": null,
            "price_fair": 0,
            "eps_avg_yearly": 0,
            "eps_latest_yearly": 0,
            "eps_growth_yearly": 0
        },
        "20024": {
            "year_quarter": 20024,
            "year": 2002,
            "quarter": 4,
            "eps": null,
            "eps_growth_year": null,
            "eps_4q": null,
            "eps_4q_growth_year": null,
            "roe": null,
            "roe_4q": 0,
            "gross_profit": null,
            "gross_margin": null,
            "gross_margin_4q_avg": 0,
            "net_income": null,
            "net_income_4q": null,
            "revenue": null,
            "revenue_4q": null,
            "common_shares": 287000,
            "book_valuer_per_share": 20.29,
            "book_valuer_per_share_4q_avg": 5.07,
            "equity": 582451,
            "current_ratio": 168.72,
            "debt_ratio": 35.17,
            "inventory_turnover_ratio": null,
            "account_receivable_turnover_ratio": null,
            "reinvestment_rate": null,
            "research_to_sale_ratio": null,
            "price_fair": 0,
            "eps_avg_yearly": 0,
            "eps_latest_yearly": 0,
            "eps_growth_yearly": 0
        },
        "20031": {
            "year_quarter": 20031,
            "year": 2003,
            "quarter": 1,
            "eps": 2.37,
            "eps_growth_year": null,
            "eps_4q": null,
            "eps_4q_growth_year": null,
            "roe": 11.02,
            "roe_4q": 11.02,
            "gross_profit": 85705,
            "gross_margin": 43.31,
            "gross_margin_4q_avg": 10.83,
            "net_income": 67904,
            "net_income_4q": null,
            "revenue": 197888,
            "revenue_4q": null,
            "common_shares": 287000,
            "book_valuer_per_share": 22.66,
            "book_valuer_per_share_4q_avg": 10.74,
            "equity": 650355,
            "current_ratio": 145.38,
            "debt_ratio": 38.05,
            "inventory_turnover_ratio": 1.64,
            "account_receivable_turnover_ratio": null,
            "reinvestment_rate": null,
            "research_to_sale_ratio": null,
            "price_fair": 0,
            "eps_avg_yearly": 0,
            "eps_latest_yearly": 0,
            "eps_growth_yearly": 0
        },
        "20032": {
            "year_quarter": 20032,
            "year": 2003,
            "quarter": 2,
            "eps": 1.6,
            "eps_growth_year": null,
            "eps_4q": null,
            "eps_4q_growth_year": null,
            "roe": 8.94,
            "roe_4q": 19.96,
            "gross_profit": 88962,
            "gross_margin": 36.11,
            "gross_margin_4q_avg": 19.86,
            "net_income": 57785,
            "net_income_4q": null,
            "revenue": 246361,
            "revenue_4q": null,
            "common_shares": 287000,
            "book_valuer_per_share": 22.39,
            "book_valuer_per_share_4q_avg": 16.34,
            "equity": 642526,
            "current_ratio": 115.81,
            "debt_ratio": 41.36,
            "inventory_turnover_ratio": 2.16,
            "account_receivable_turnover_ratio": null,
            "reinvestment_rate": null,
            "research_to_sale_ratio": null,
            "price_fair": 19.2,
            "eps_avg_yearly": 6.4,
            "eps_latest_yearly": 6.4,
            "eps_growth_yearly": -129.96
        },
        "20033": {
            "year_quarter": 20033,
            "year": 2003,
            "quarter": 3,
            "eps": 1.52,
            "eps_growth_year": null,
            "eps_4q": null,
            "eps_4q_growth_year": null,
            "roe": 10.15,
            "roe_4q": 30.11,
            "gross_profit": 94767,
            "gross_margin": 47.64,
            "gross_margin_4q_avg": 31.77,
            "net_income": 68669,
            "net_income_4q": null,
            "revenue": 198921,
            "revenue_4q": null,
            "common_shares": 360826,
            "book_valuer_per_share": 19.71,
            "book_valuer_per_share_4q_avg": 21.26,
            "equity": 711195,
            "current_ratio": 175.4,
            "debt_ratio": 30.43,
            "inventory_turnover_ratio": 2.38,
            "account_receivable_turnover_ratio": null,
            "reinvestment_rate": null,
            "research_to_sale_ratio": null,
            "price_fair": 18.72,
            "eps_avg_yearly": 6.24,
            "eps_latest_yearly": 6.08,
            "eps_growth_yearly": -74.98
        },
        "20034": {
            "year_quarter": 20034,
            "year": 2003,
            "quarter": 4,
            "eps": 1.9,
            "eps_growth_year": null,
            "eps_4q": 7.3,
            "eps_4q_growth_year": null,
            "roe": 9.18,
            "roe_4q": 39.28999999999999,
            "gross_profit": 102638,
            "gross_margin": 48.35,
            "gross_margin_4q_avg": 43.85,
            "net_income": 68407,
            "net_income_4q": null,
            "revenue": 212296,
            "revenue_4q": null,
            "common_shares": 360826,
            "book_valuer_per_share": 21.61,
            "book_valuer_per_share_4q_avg": 21.59,
            "equity": 779603,
            "current_ratio": 207.29,
            "debt_ratio": 27.82,
            "inventory_turnover_ratio": 3.04,
            "account_receivable_turnover_ratio": null,
            "reinvestment_rate": null,
            "research_to_sale_ratio": null,
            "price_fair": 20.08,
            "eps_avg_yearly": 6.69,
            "eps_latest_yearly": 7.6,
            "eps_growth_yearly": -16.65
        },
        "20041": {
            "year_quarter": 20041,
            "year": 2004,
            "quarter": 1,
            "eps": 3.13,
            "eps_growth_year": 32.07,
            "eps_4q": 8.53,
            "eps_4q_growth_year": null,
            "roe": 13.5,
            "roe_4q": 41.769999999999996,
            "gross_profit": 126874,
            "gross_margin": 45.04,
            "gross_margin_4q_avg": 44.29,
            "net_income": 112962,
            "net_income_4q": null,
            "revenue": 281709,
            "revenue_4q": null,
            "common_shares": 360826,
            "book_valuer_per_share": 24.76,
            "book_valuer_per_share_4q_avg": 22.12,
            "equity": 893355,
            "current_ratio": 122.19,
            "debt_ratio": 35.53,
            "inventory_turnover_ratio": 2.89,
            "account_receivable_turnover_ratio": null,
            "reinvestment_rate": null,
            "research_to_sale_ratio": null,
            "price_fair": 285.25,
            "eps_avg_yearly": 8.15,
            "eps_latest_yearly": 12.52,
            "eps_growth_yearly": 52.25
        },
        "20042": {
            "year_quarter": 20042,
            "year": 2004,
            "quarter": 2,
            "eps": 3.33,
            "eps_growth_year": 108.12,
            "eps_4q": 10.27,
            "eps_4q_growth_year": null,
            "roe": 13.39,
            "roe_4q": 46.22,
            "gross_profit": 157115,
            "gross_margin": 45.65,
            "gross_margin_4q_avg": 46.67,
            "net_income": 120025,
            "net_income_4q": null,
            "revenue": 344155,
            "revenue_4q": null,
            "common_shares": 360826,
            "book_valuer_per_share": 24.93,
            "book_valuer_per_share_4q_avg": 22.75,
            "equity": 899416,
            "current_ratio": 79.92,
            "debt_ratio": 46.19,
            "inventory_turnover_ratio": 3.42,
            "account_receivable_turnover_ratio": null,
            "reinvestment_rate": null,
            "research_to_sale_ratio": null,
            "price_fair": 321.44,
            "eps_avg_yearly": 9.18,
            "eps_latest_yearly": 13.32,
            "eps_growth_yearly": 46.91
        },
        "20043": {
            "year_quarter": 20043,
            "year": 2004,
            "quarter": 3,
            "eps": 2.07,
            "eps_growth_year": 36.18,
            "eps_4q": 8.74,
            "eps_4q_growth_year": null,
            "roe": 9.89,
            "roe_4q": 45.96,
            "gross_profit": 119167,
            "gross_margin": 45.89,
            "gross_margin_4q_avg": 46.23,
            "net_income": 93602,
            "net_income_4q": null,
            "revenue": 259707,
            "revenue_4q": null,
            "common_shares": 452000,
            "book_valuer_per_share": 22,
            "book_valuer_per_share_4q_avg": 23.33,
            "equity": 994265,
            "current_ratio": 104.57,
            "debt_ratio": 39.98,
            "inventory_turnover_ratio": 2.74,
            "account_receivable_turnover_ratio": null,
            "reinvestment_rate": null,
            "research_to_sale_ratio": null,
            "price_fair": 215.59,
            "eps_avg_yearly": 9.03,
            "eps_latest_yearly": 8.28,
            "eps_growth_yearly": 13.87
        },
        "20044": {
            "year_quarter": 20044,
            "year": 2004,
            "quarter": 4,
            "eps": 1.02,
            "eps_growth_year": -46.32,
            "eps_4q": 8.27,
            "eps_4q_growth_year": 13.3,
            "roe": 4.51,
            "roe_4q": 41.29,
            "gross_profit": 79477,
            "gross_margin": 38.61,
            "gross_margin_4q_avg": 43.8,
            "net_income": 45954,
            "net_income_4q": null,
            "revenue": 205861,
            "revenue_4q": null,
            "common_shares": 452000,
            "book_valuer_per_share": 23.13,
            "book_valuer_per_share_4q_avg": 23.71,
            "equity": 1045316,
            "current_ratio": 128.89,
            "debt_ratio": 35.5,
            "inventory_turnover_ratio": 1.82,
            "account_receivable_turnover_ratio": null,
            "reinvestment_rate": null,
            "research_to_sale_ratio": null,
            "price_fair": 24.98,
            "eps_avg_yearly": 8.33,
            "eps_latest_yearly": 4.08,
            "eps_growth_yearly": -17.1
        },
        "20051": {
            "year_quarter": 20051,
            "year": 2005,
            "quarter": 1,
            "eps": 1.07,
            "eps_growth_year": -65.81,
            "eps_4q": 6.83,
            "eps_4q_growth_year": -19.94,
            "roe": 4.51,
            "roe_4q": 32.3,
            "gross_profit": 98142,
            "gross_margin": 43.39,
            "gross_margin_4q_avg": 43.39,
            "net_income": 48235,
            "net_income_4q": null,
            "revenue": 226192,
            "revenue_4q": null,
            "common_shares": 452000,
            "book_valuer_per_share": 24.22,
            "book_valuer_per_share_4q_avg": 23.57,
            "equity": 1094798,
            "current_ratio": 165.84,
            "debt_ratio": 32.99,
            "inventory_turnover_ratio": 1.48,
            "account_receivable_turnover_ratio": null,
            "reinvestment_rate": null,
            "research_to_sale_ratio": null,
            "price_fair": 23.46,
            "eps_avg_yearly": 7.82,
            "eps_latest_yearly": 4.28,
            "eps_growth_yearly": -12.51
        },
        "20052": {
            "year_quarter": 20052,
            "year": 2005,
            "quarter": 2,
            "eps": 1.94,
            "eps_growth_year": -41.74,
            "eps_4q": 6.09,
            "eps_4q_growth_year": -40.73,
            "roe": 8.26,
            "roe_4q": 27.17,
            "gross_profit": 138705,
            "gross_margin": 46.73,
            "gross_margin_4q_avg": 43.66,
            "net_income": 87891,
            "net_income_4q": null,
            "revenue": 296800,
            "revenue_4q": null,
            "common_shares": 452000,
            "book_valuer_per_share": 22.88,
            "book_valuer_per_share_4q_avg": 23.06,
            "equity": 1034256,
            "current_ratio": 124.86,
            "debt_ratio": 38.78,
            "inventory_turnover_ratio": 1.72,
            "account_receivable_turnover_ratio": null,
            "reinvestment_rate": null,
            "research_to_sale_ratio": null,
            "price_fair": 273.47,
            "eps_avg_yearly": 7.81,
            "eps_latest_yearly": 7.76,
            "eps_growth_yearly": 25.02
        },
        "20053": {
            "year_quarter": 20053,
            "year": 2005,
            "quarter": 3,
            "eps": 1.55,
            "eps_growth_year": -25.12,
            "eps_4q": 4.76,
            "eps_4q_growth_year": -45.46,
            "roe": 8.13,
            "roe_4q": 25.409999999999997,
            "gross_profit": 138263,
            "gross_margin": 51.82,
            "gross_margin_4q_avg": 45.14,
            "net_income": 87816,
            "net_income_4q": null,
            "revenue": 266815,
            "revenue_4q": null,
            "common_shares": 565200,
            "book_valuer_per_share": 19.93,
            "book_valuer_per_share_4q_avg": 22.54,
            "equity": 1126525,
            "current_ratio": 143.99,
            "debt_ratio": 35.06,
            "inventory_turnover_ratio": 1.61,
            "account_receivable_turnover_ratio": null,
            "reinvestment_rate": null,
            "research_to_sale_ratio": null,
            "price_fair": 187.27,
            "eps_avg_yearly": 7.65,
            "eps_latest_yearly": 6.2,
            "eps_growth_yearly": 14.47
        },
        "20054": {
            "year_quarter": 20054,
            "year": 2005,
            "quarter": 4,
            "eps": 1.6,
            "eps_growth_year": 56.86,
            "eps_4q": 5.56,
            "eps_4q_growth_year": -32.78,
            "roe": 7.72,
            "roe_4q": 28.619999999999997,
            "gross_profit": 155953,
            "gross_margin": 51.8,
            "gross_margin_4q_avg": 48.44,
            "net_income": 90524,
            "net_income_4q": null,
            "revenue": 301068,
            "revenue_4q": null,
            "common_shares": 565200,
            "book_valuer_per_share": 21.56,
            "book_valuer_per_share_4q_avg": 22.15,
            "equity": 1218297,
            "current_ratio": 192.97,
            "debt_ratio": 28.99,
            "inventory_turnover_ratio": 1.65,
            "account_receivable_turnover_ratio": null,
            "reinvestment_rate": null,
            "research_to_sale_ratio": null,
            "price_fair": 183.4,
            "eps_avg_yearly": 7.54,
            "eps_latest_yearly": 6.4,
            "eps_growth_yearly": 14.33
        },
        "20061": {
            "year_quarter": 20061,
            "year": 2006,
            "quarter": 1,
            "eps": 1.63,
            "eps_growth_year": 52.34,
            "eps_4q": 6.34,
            "eps_4q_growth_year": -7.17,
            "roe": 6.86,
            "roe_4q": 30.97,
            "gross_profit": 161193,
            "gross_margin": 50.79,
            "gross_margin_4q_avg": 50.29,
            "net_income": 92163,
            "net_income_4q": null,
            "revenue": 317399,
            "revenue_4q": null,
            "common_shares": 565200,
            "book_valuer_per_share": 26,
            "book_valuer_per_share_4q_avg": 22.59,
            "equity": 1469331,
            "current_ratio": 140.36,
            "debt_ratio": 31.91,
            "inventory_turnover_ratio": 1.25,
            "account_receivable_turnover_ratio": null,
            "reinvestment_rate": null,
            "research_to_sale_ratio": null,
            "price_fair": 177.1,
            "eps_avg_yearly": 7.45,
            "eps_latest_yearly": 6.52,
            "eps_growth_yearly": 13.76
        },
        "20062": {
            "year_quarter": 20062,
            "year": 2006,
            "quarter": 2,
            "eps": 2.2,
            "eps_growth_year": 13.4,
            "eps_4q": 6.97,
            "eps_4q_growth_year": 14.58,
            "roe": 7.45,
            "roe_4q": 30.160000000000004,
            "gross_profit": 177457,
            "gross_margin": 43.48,
            "gross_margin_4q_avg": 49.47,
            "net_income": 124707,
            "net_income_4q": null,
            "revenue": 408144,
            "revenue_4q": null,
            "common_shares": 569630,
            "book_valuer_per_share": 32.97,
            "book_valuer_per_share_4q_avg": 25.12,
            "equity": 1877966,
            "current_ratio": 146.48,
            "debt_ratio": 32.9,
            "inventory_turnover_ratio": 1.59,
            "account_receivable_turnover_ratio": null,
            "reinvestment_rate": null,
            "research_to_sale_ratio": null,
            "price_fair": 252.87,
            "eps_avg_yearly": 7.56,
            "eps_latest_yearly": 8.8,
            "eps_growth_yearly": 23.46
        },
        "20063": {
            "year_quarter": 20063,
            "year": 2006,
            "quarter": 3,
            "eps": 2.83,
            "eps_growth_year": 82.58,
            "eps_4q": 7.45,
            "eps_4q_growth_year": 56.48,
            "roe": 9.37,
            "roe_4q": 31.4,
            "gross_profit": 257532,
            "gross_margin": 54.48,
            "gross_margin_4q_avg": 50.14,
            "net_income": 188125,
            "net_income_4q": null,
            "revenue": 472710,
            "revenue_4q": null,
            "common_shares": 726430,
            "book_valuer_per_share": 29.44,
            "book_valuer_per_share_4q_avg": 27.49,
            "equity": 2138765,
            "current_ratio": 234.02,
            "debt_ratio": 17.68,
            "inventory_turnover_ratio": 1.66,
            "account_receivable_turnover_ratio": null,
            "reinvestment_rate": null,
            "research_to_sale_ratio": null,
            "price_fair": 273.9,
            "eps_avg_yearly": 7.83,
            "eps_latest_yearly": 11.32,
            "eps_growth_yearly": 29.97
        },
        "20064": {
            "year_quarter": 20064,
            "year": 2006,
            "quarter": 4,
            "eps": 2.66,
            "eps_growth_year": 66.25,
            "eps_4q": 8.62,
            "eps_4q_growth_year": 55.16,
            "roe": 8.05,
            "roe_4q": 31.73,
            "gross_profit": 230386,
            "gross_margin": 52.44,
            "gross_margin_4q_avg": 50.3,
            "net_income": 180639,
            "net_income_4q": null,
            "revenue": 439341,
            "revenue_4q": null,
            "common_shares": 726430,
            "book_valuer_per_share": 32.31,
            "book_valuer_per_share_4q_avg": 30.18,
            "equity": 2347040,
            "current_ratio": 270.84,
            "debt_ratio": 16.85,
            "inventory_turnover_ratio": 2.1,
            "account_receivable_turnover_ratio": null,
            "reinvestment_rate": 56.21,
            "research_to_sale_ratio": null,
            "price_fair": 280.47,
            "eps_avg_yearly": 8.01,
            "eps_latest_yearly": 10.64,
            "eps_growth_yearly": 26.37
        },
        "20071": {
            "year_quarter": 20071,
            "year": 2007,
            "quarter": 1,
            "eps": 1.32,
            "eps_growth_year": -19.02,
            "eps_4q": 8.12,
            "eps_4q_growth_year": 28.04,
            "roe": 3.96,
            "roe_4q": 28.830000000000002,
            "gross_profit": 162362,
            "gross_margin": 44.8,
            "gross_margin_4q_avg": 48.8,
            "net_income": 95847,
            "net_income_4q": null,
            "revenue": 362380,
            "revenue_4q": null,
            "common_shares": 726430,
            "book_valuer_per_share": 34.29,
            "book_valuer_per_share_4q_avg": 32.25,
            "equity": 2491211,
            "current_ratio": 236.12,
            "debt_ratio": 18.09,
            "inventory_turnover_ratio": 1.52,
            "account_receivable_turnover_ratio": null,
            "reinvestment_rate": 60.54,
            "research_to_sale_ratio": null,
            "price_fair": 173.53,
            "eps_avg_yearly": 7.84,
            "eps_latest_yearly": 5.28,
            "eps_growth_yearly": 12.13
        },
        "20072": {
            "year_quarter": 20072,
            "year": 2007,
            "quarter": 2,
            "eps": 1.5,
            "eps_growth_year": -31.82,
            "eps_4q": 7.88,
            "eps_4q_growth_year": 13.08,
            "roe": 4.57,
            "roe_4q": 25.950000000000003,
            "gross_profit": 152535,
            "gross_margin": 38.82,
            "gross_margin_4q_avg": 47.64,
            "net_income": 109168,
            "net_income_4q": null,
            "revenue": 392904,
            "revenue_4q": null,
            "common_shares": 728680,
            "book_valuer_per_share": 31.42,
            "book_valuer_per_share_4q_avg": 31.87,
            "equity": 2289229,
            "current_ratio": 159.06,
            "debt_ratio": 24.03,
            "inventory_turnover_ratio": 1.54,
            "account_receivable_turnover_ratio": null,
            "reinvestment_rate": 63.35,
            "research_to_sale_ratio": null,
            "price_fair": 263.12,
            "eps_avg_yearly": 7.82,
            "eps_latest_yearly": 6,
            "eps_growth_yearly": 23.66
        },
        "20073": {
            "year_quarter": 20073,
            "year": 2007,
            "quarter": 3,
            "eps": 2.13,
            "eps_growth_year": -24.74,
            "eps_4q": 6.78,
            "eps_4q_growth_year": -8.98,
            "roe": 7.42,
            "roe_4q": 24,
            "gross_profit": 227656,
            "gross_margin": 44.48,
            "gross_margin_4q_avg": 45.14,
            "net_income": 176484,
            "net_income_4q": null,
            "revenue": 511861,
            "revenue_4q": null,
            "common_shares": 831323,
            "book_valuer_per_share": 29.66,
            "book_valuer_per_share_4q_avg": 31.92,
            "equity": 2465459,
            "current_ratio": 230.12,
            "debt_ratio": 15.22,
            "inventory_turnover_ratio": 2.11,
            "account_receivable_turnover_ratio": null,
            "reinvestment_rate": 62.48,
            "research_to_sale_ratio": null,
            "price_fair": 278.95,
            "eps_avg_yearly": 7.97,
            "eps_latest_yearly": 8.52,
            "eps_growth_yearly": 35.41
        },
        "20074": {
            "year_quarter": 20074,
            "year": 2007,
            "quarter": 4,
            "eps": 2.83,
            "eps_growth_year": 6.39,
            "eps_4q": 7.42,
            "eps_4q_growth_year": -13.93,
            "roe": 9.06,
            "roe_4q": 25.01,
            "gross_profit": 297015,
            "gross_margin": 51.22,
            "gross_margin_4q_avg": 44.83,
            "net_income": 235111,
            "net_income_4q": null,
            "revenue": 579932,
            "revenue_4q": null,
            "common_shares": 841323,
            "book_valuer_per_share": 32.37,
            "book_valuer_per_share_4q_avg": 31.94,
            "equity": 2723514,
            "current_ratio": 190.12,
            "debt_ratio": 20.54,
            "inventory_turnover_ratio": 2.11,
            "account_receivable_turnover_ratio": null,
            "reinvestment_rate": 77.74,
            "research_to_sale_ratio": null,
            "price_fair": 287.09,
            "eps_avg_yearly": 8.2,
            "eps_latest_yearly": 11.32,
            "eps_growth_yearly": 37.37
        },
        "20081": {
            "year_quarter": 20081,
            "year": 2008,
            "quarter": 1,
            "eps": 1.19,
            "eps_growth_year": -9.85,
            "eps_4q": 7.37,
            "eps_4q_growth_year": -9.16,
            "roe": 3.62,
            "roe_4q": 24.67,
            "gross_profit": 197636,
            "gross_margin": 42.16,
            "gross_margin_4q_avg": 44.17,
            "net_income": 100231,
            "net_income_4q": null,
            "revenue": 468791,
            "revenue_4q": null,
            "common_shares": 843073,
            "book_valuer_per_share": 33.45,
            "book_valuer_per_share_4q_avg": 31.73,
            "equity": 2820146,
            "current_ratio": 223.49,
            "debt_ratio": 20.66,
            "inventory_turnover_ratio": 2.15,
            "account_receivable_turnover_ratio": null,
            "reinvestment_rate": 48.35,
            "research_to_sale_ratio": null,
            "price_fair": 128.9,
            "eps_avg_yearly": 7.72,
            "eps_latest_yearly": 4.76,
            "eps_growth_yearly": 6.7
        },
        "20082": {
            "year_quarter": 20082,
            "year": 2008,
            "quarter": 2,
            "eps": 2.39,
            "eps_growth_year": 59.33,
            "eps_4q": 8.47,
            "eps_4q_growth_year": 7.5,
            "roe": 7.41,
            "roe_4q": 27.510000000000005,
            "gross_profit": 279311,
            "gross_margin": 45.75,
            "gross_margin_4q_avg": 45.9,
            "net_income": 201032,
            "net_income_4q": null,
            "revenue": 610529,
            "revenue_4q": null,
            "common_shares": 843073,
            "book_valuer_per_share": 30.93,
            "book_valuer_per_share_4q_avg": 31.6,
            "equity": 2607803,
            "current_ratio": 149.09,
            "debt_ratio": 35.47,
            "inventory_turnover_ratio": 2.67,
            "account_receivable_turnover_ratio": null,
            "reinvestment_rate": 56.13,
            "research_to_sale_ratio": null,
            "price_fair": 261.89,
            "eps_avg_yearly": 7.48,
            "eps_latest_yearly": 9.56,
            "eps_growth_yearly": 30.31
        },
        "20083": {
            "year_quarter": 20083,
            "year": 2008,
            "quarter": 3,
            "eps": 2.04,
            "eps_growth_year": -4.23,
            "eps_4q": 7.88,
            "eps_4q_growth_year": 16.13,
            "roe": 6.96,
            "roe_4q": 27.050000000000004,
            "gross_profit": 250400,
            "gross_margin": 42.35,
            "gross_margin_4q_avg": 45.37,
            "net_income": 187410,
            "net_income_4q": null,
            "revenue": 591302,
            "revenue_4q": null,
            "common_shares": 920000,
            "book_valuer_per_share": 30.17,
            "book_valuer_per_share_4q_avg": 31.73,
            "equity": 2775223,
            "current_ratio": 216.97,
            "debt_ratio": 28.53,
            "inventory_turnover_ratio": 2.76,
            "account_receivable_turnover_ratio": null,
            "reinvestment_rate": 50.8,
            "research_to_sale_ratio": null,
            "price_fair": 261.63,
            "eps_avg_yearly": 7.48,
            "eps_latest_yearly": 8.16,
            "eps_growth_yearly": 36.11
        },
        "20084": {
            "year_quarter": 20084,
            "year": 2008,
            "quarter": 4,
            "eps": 0.78,
            "eps_growth_year": -72.44,
            "eps_4q": 6.1,
            "eps_4q_growth_year": -17.78,
            "roe": 2.57,
            "roe_4q": 20.56,
            "gross_profit": 113557,
            "gross_margin": 29.57,
            "gross_margin_4q_avg": 39.96,
            "net_income": 71614,
            "net_income_4q": null,
            "revenue": 383990,
            "revenue_4q": null,
            "common_shares": 920000,
            "book_valuer_per_share": 30.39,
            "book_valuer_per_share_4q_avg": 31.24,
            "equity": 2795666,
            "current_ratio": 320.91,
            "debt_ratio": 24.55,
            "inventory_turnover_ratio": 2.14,
            "account_receivable_turnover_ratio": 2.21,
            "reinvestment_rate": 48.62,
            "research_to_sale_ratio": null,
            "price_fair": 259.53,
            "eps_avg_yearly": 7.42,
            "eps_latest_yearly": 3.12,
            "eps_growth_yearly": 33.35
        },
        "20091": {
            "year_quarter": 20091,
            "year": 2009,
            "quarter": 1,
            "eps": 0.42,
            "eps_growth_year": -64.71,
            "eps_4q": 5.45,
            "eps_4q_growth_year": -26.1,
            "roe": 1.35,
            "roe_4q": 18.29,
            "gross_profit": 34980,
            "gross_margin": 13.94,
            "gross_margin_4q_avg": 32.9,
            "net_income": 38425,
            "net_income_4q": null,
            "revenue": 251012,
            "revenue_4q": null,
            "common_shares": 920000,
            "book_valuer_per_share": 31.39,
            "book_valuer_per_share_4q_avg": 30.72,
            "equity": 2887678,
            "current_ratio": 450.74,
            "debt_ratio": 20.79,
            "inventory_turnover_ratio": 1.56,
            "account_receivable_turnover_ratio": 0.82,
            "reinvestment_rate": 45.2,
            "research_to_sale_ratio": null,
            "price_fair": 221.85,
            "eps_avg_yearly": 7.25,
            "eps_latest_yearly": 1.68,
            "eps_growth_yearly": 20.59
        },
        "20092": {
            "year_quarter": 20092,
            "year": 2009,
            "quarter": 2,
            "eps": 1,
            "eps_growth_year": -58.16,
            "eps_4q": 4.23,
            "eps_4q_growth_year": -50.12,
            "roe": 3.25,
            "roe_4q": 14.129999999999999,
            "gross_profit": 166312,
            "gross_margin": 35.15,
            "gross_margin_4q_avg": 30.25,
            "net_income": 92167,
            "net_income_4q": null,
            "revenue": 473167,
            "revenue_4q": null,
            "common_shares": 920000,
            "book_valuer_per_share": 30.28,
            "book_valuer_per_share_4q_avg": 30.56,
            "equity": 2785649,
            "current_ratio": 136.13,
            "debt_ratio": 28.18,
            "inventory_turnover_ratio": 2.47,
            "account_receivable_turnover_ratio": 1.3,
            "reinvestment_rate": 45.96,
            "research_to_sale_ratio": null,
            "price_fair": 245.61,
            "eps_avg_yearly": 7.02,
            "eps_latest_yearly": 4,
            "eps_growth_yearly": 34.79
        },
        "20093": {
            "year_quarter": 20093,
            "year": 2009,
            "quarter": 3,
            "eps": 0.94,
            "eps_growth_year": -53.92,
            "eps_4q": 3.1,
            "eps_4q_growth_year": -60.65,
            "roe": 3.06,
            "roe_4q": 10.23,
            "gross_profit": 162744,
            "gross_margin": 35.88,
            "gross_margin_4q_avg": 28.64,
            "net_income": 87996,
            "net_income_4q": null,
            "revenue": 453591,
            "revenue_4q": null,
            "common_shares": 940022,
            "book_valuer_per_share": 31.58,
            "book_valuer_per_share_4q_avg": 30.91,
            "equity": 2968892,
            "current_ratio": 135.41,
            "debt_ratio": 26.55,
            "inventory_turnover_ratio": 2.2,
            "account_receivable_turnover_ratio": 0.85,
            "reinvestment_rate": 49.97,
            "research_to_sale_ratio": null,
            "price_fair": 240.28,
            "eps_avg_yearly": 6.87,
            "eps_latest_yearly": 3.76,
            "eps_growth_yearly": 38.31
        },
        "20094": {
            "year_quarter": 20094,
            "year": 2009,
            "quarter": 4,
            "eps": 1.25,
            "eps_growth_year": 60.26,
            "eps_4q": 3.55,
            "eps_4q_growth_year": -41.85,
            "roe": 3.83,
            "roe_4q": 11.49,
            "gross_profit": 246111,
            "gross_margin": 39.42,
            "gross_margin_4q_avg": 31.1,
            "net_income": 117297,
            "net_income_4q": null,
            "revenue": 624384,
            "revenue_4q": null,
            "common_shares": 946546,
            "book_valuer_per_share": 33.4,
            "book_valuer_per_share_4q_avg": 31.66,
            "equity": 3161551,
            "current_ratio": 189.16,
            "debt_ratio": 29.36,
            "inventory_turnover_ratio": 2.69,
            "account_receivable_turnover_ratio": 2.12,
            "reinvestment_rate": 70.3,
            "research_to_sale_ratio": null,
            "price_fair": 237.21,
            "eps_avg_yearly": 6.78,
            "eps_latest_yearly": 5,
            "eps_growth_yearly": 45.75
        },
        "20101": {
            "year_quarter": 20101,
            "year": 2010,
            "quarter": 1,
            "eps": 1.73,
            "eps_growth_year": 311.9,
            "eps_4q": 4.87,
            "eps_4q_growth_year": -10.55,
            "roe": 5.03,
            "roe_4q": 15.17,
            "gross_profit": 221347,
            "gross_margin": 37.98,
            "gross_margin_4q_avg": 37.11,
            "net_income": 163839,
            "net_income_4q": null,
            "revenue": 582800,
            "revenue_4q": null,
            "common_shares": 946546,
            "book_valuer_per_share": 35.48,
            "book_valuer_per_share_4q_avg": 32.69,
            "equity": 3358514,
            "current_ratio": 191.89,
            "debt_ratio": 28.39,
            "inventory_turnover_ratio": 2.08,
            "account_receivable_turnover_ratio": 1.01,
            "reinvestment_rate": 61.09,
            "research_to_sale_ratio": 8.54,
            "price_fair": 238.09,
            "eps_avg_yearly": 6.8,
            "eps_latest_yearly": 6.92,
            "eps_growth_yearly": 54.88
        },
        "20102": {
            "year_quarter": 20102,
            "year": 2010,
            "quarter": 2,
            "eps": 2.47,
            "eps_growth_year": 147.18,
            "eps_4q": 6.33,
            "eps_4q_growth_year": 49.81,
            "roe": 7.11,
            "roe_4q": 19.03,
            "gross_profit": 309320,
            "gross_margin": 41.51,
            "gross_margin_4q_avg": 38.7,
            "net_income": 236310,
            "net_income_4q": null,
            "revenue": 745257,
            "revenue_4q": null,
            "common_shares": 946546,
            "book_valuer_per_share": 34.74,
            "book_valuer_per_share_4q_avg": 33.8,
            "equity": 3288258,
            "current_ratio": 238.12,
            "debt_ratio": 34.54,
            "inventory_turnover_ratio": 1.84,
            "account_receivable_turnover_ratio": 1.11,
            "reinvestment_rate": 53.52,
            "research_to_sale_ratio": 7.25,
            "price_fair": 240.45,
            "eps_avg_yearly": 6.87,
            "eps_latest_yearly": 9.88,
            "eps_growth_yearly": 56.83
        },
        "20103": {
            "year_quarter": 20103,
            "year": 2010,
            "quarter": 3,
            "eps": 2.35,
            "eps_growth_year": 149.86,
            "eps_4q": 7.66,
            "eps_4q_growth_year": 147.24,
            "roe": 6.54,
            "roe_4q": 22.509999999999998,
            "gross_profit": 425024,
            "gross_margin": 49.04,
            "gross_margin_4q_avg": 41.99,
            "net_income": 228624,
            "net_income_4q": null,
            "revenue": 866714,
            "revenue_4q": null,
            "common_shares": 956011,
            "book_valuer_per_share": 38.74,
            "book_valuer_per_share_4q_avg": 35.59,
            "equity": 3703573,
            "current_ratio": 267.39,
            "debt_ratio": 30.83,
            "inventory_turnover_ratio": 1.67,
            "account_receivable_turnover_ratio": 1.02,
            "reinvestment_rate": 57.26,
            "research_to_sale_ratio": 5.8,
            "price_fair": 236.25,
            "eps_avg_yearly": 6.75,
            "eps_latest_yearly": 9.4,
            "eps_growth_yearly": 48.46
        },
        "20104": {
            "year_quarter": 20104,
            "year": 2010,
            "quarter": 4,
            "eps": 1.95,
            "eps_growth_year": 56.11,
            "eps_4q": 8.37,
            "eps_4q_growth_year": 136,
            "roe": 4.76,
            "roe_4q": 23.44,
            "gross_profit": 376800,
            "gross_margin": 41.62,
            "gross_margin_4q_avg": 42.54,
            "net_income": 195056,
            "net_income_4q": null,
            "revenue": 905370,
            "revenue_4q": null,
            "common_shares": 978949,
            "book_valuer_per_share": 44.22,
            "book_valuer_per_share_4q_avg": 38.3,
            "equity": 4498888,
            "current_ratio": 275.69,
            "debt_ratio": 31.89,
            "inventory_turnover_ratio": 0.93,
            "account_receivable_turnover_ratio": 0.99,
            "reinvestment_rate": 58.31,
            "research_to_sale_ratio": 7.98,
            "price_fair": 230.04,
            "eps_avg_yearly": 6.57,
            "eps_latest_yearly": 7.8,
            "eps_growth_yearly": 45.71
        },
        "20111": {
            "year_quarter": 20111,
            "year": 2011,
            "quarter": 1,
            "eps": 1.91,
            "eps_growth_year": 10.4,
            "eps_4q": 8.32,
            "eps_4q_growth_year": 70.68,
            "roe": 4.65,
            "roe_4q": 23.06,
            "gross_profit": 426299,
            "gross_margin": 42.5,
            "gross_margin_4q_avg": 43.67,
            "net_income": 216889,
            "net_income_4q": null,
            "revenue": 1003115,
            "revenue_4q": null,
            "common_shares": 978949,
            "book_valuer_per_share": 49.25,
            "book_valuer_per_share_4q_avg": 41.74,
            "equity": 4821216,
            "current_ratio": 371.71,
            "debt_ratio": 20.87,
            "inventory_turnover_ratio": 1,
            "account_receivable_turnover_ratio": 1.18,
            "reinvestment_rate": 52.58,
            "research_to_sale_ratio": 8.25,
            "price_fair": 235.2,
            "eps_avg_yearly": 6.72,
            "eps_latest_yearly": 7.64,
            "eps_growth_yearly": 57.79
        },
        "20112": {
            "year_quarter": 20112,
            "year": 2011,
            "quarter": 2,
            "eps": 1.93,
            "eps_growth_year": -21.8,
            "eps_4q": 7.68,
            "eps_4q_growth_year": 21.33,
            "roe": 4.41,
            "roe_4q": 20.36,
            "gross_profit": 343686,
            "gross_margin": 43.48,
            "gross_margin_4q_avg": 44.16,
            "net_income": 207194,
            "net_income_4q": null,
            "revenue": 790417,
            "revenue_4q": null,
            "common_shares": 1013705,
            "book_valuer_per_share": 45.16,
            "book_valuer_per_share_4q_avg": 44.34,
            "equity": 4577581,
            "current_ratio": 223.33,
            "debt_ratio": 26.15,
            "inventory_turnover_ratio": 1.54,
            "account_receivable_turnover_ratio": 0.94,
            "reinvestment_rate": 46.41,
            "research_to_sale_ratio": 7.03,
            "price_fair": 238.96,
            "eps_avg_yearly": 6.83,
            "eps_latest_yearly": 7.72,
            "eps_growth_yearly": 54.64
        },
        "20113": {
            "year_quarter": 20113,
            "year": 2011,
            "quarter": 3,
            "eps": 1.79,
            "eps_growth_year": -23.88,
            "eps_4q": 7.26,
            "eps_4q_growth_year": -5.33,
            "roe": 4.21,
            "roe_4q": 18.03,
            "gross_profit": 227507,
            "gross_margin": 32.9,
            "gross_margin_4q_avg": 40.13,
            "net_income": 193439,
            "net_income_4q": null,
            "revenue": 691421,
            "revenue_4q": null,
            "common_shares": 1055342,
            "book_valuer_per_share": 43.79,
            "book_valuer_per_share_4q_avg": 45.61,
            "equity": 4620864,
            "current_ratio": 347.93,
            "debt_ratio": 16.1,
            "inventory_turnover_ratio": 1.5,
            "account_receivable_turnover_ratio": 0.84,
            "reinvestment_rate": 39.83,
            "research_to_sale_ratio": 7.8,
            "price_fair": 235.99,
            "eps_avg_yearly": 6.74,
            "eps_latest_yearly": 7.16,
            "eps_growth_yearly": 42.33
        },
        "20114": {
            "year_quarter": 20114,
            "year": 2011,
            "quarter": 4,
            "eps": 1.04,
            "eps_growth_year": -46.78,
            "eps_4q": 6.5,
            "eps_4q_growth_year": -22.38,
            "roe": 2.27,
            "roe_4q": 15.540000000000001,
            "gross_profit": 186096,
            "gross_margin": 32.72,
            "gross_margin_4q_avg": 37.9,
            "net_income": 106746,
            "net_income_4q": null,
            "revenue": 568792,
            "revenue_4q": null,
            "common_shares": 1064890,
            "book_valuer_per_share": 44.78,
            "book_valuer_per_share_4q_avg": 45.75,
            "equity": 4768729,
            "current_ratio": 370.58,
            "debt_ratio": 29,
            "inventory_turnover_ratio": 1.13,
            "account_receivable_turnover_ratio": 0.79,
            "reinvestment_rate": 32.71,
            "research_to_sale_ratio": 9.46,
            "price_fair": 211.73,
            "eps_avg_yearly": 6.3,
            "eps_latest_yearly": 4.16,
            "eps_growth_yearly": 23.63
        },
        "20121": {
            "year_quarter": 20121,
            "year": 2012,
            "quarter": 1,
            "eps": 1.05,
            "eps_growth_year": -45.03,
            "eps_4q": 5.57,
            "eps_4q_growth_year": -33.02,
            "roe": 1.92,
            "roe_4q": 12.809999999999999,
            "gross_profit": 211131,
            "gross_margin": 28.15,
            "gross_margin_4q_avg": 34.31,
            "net_income": 98262,
            "net_income_4q": null,
            "revenue": 749938,
            "revenue_4q": null,
            "common_shares": 1064890,
            "book_valuer_per_share": 46.89,
            "book_valuer_per_share_4q_avg": 45.16,
            "equity": 5456007,
            "current_ratio": 438,
            "debt_ratio": 21.84,
            "inventory_turnover_ratio": 1.45,
            "account_receivable_turnover_ratio": 0.95,
            "reinvestment_rate": 66.51,
            "research_to_sale_ratio": 7.69,
            "price_fair": 219.1,
            "eps_avg_yearly": 6.26,
            "eps_latest_yearly": 4.2,
            "eps_growth_yearly": 38.36
        },
        "20122": {
            "year_quarter": 20122,
            "year": 2012,
            "quarter": 2,
            "eps": 1.95,
            "eps_growth_year": 0.63,
            "eps_4q": 5.61,
            "eps_4q_growth_year": -26.96,
            "roe": 4.07,
            "roe_4q": 12.469999999999999,
            "gross_profit": 338445,
            "gross_margin": 31.09,
            "gross_margin_4q_avg": 31.22,
            "net_income": 214921,
            "net_income_4q": null,
            "revenue": 1088566,
            "revenue_4q": null,
            "common_shares": 1109065,
            "book_valuer_per_share": 43.31,
            "book_valuer_per_share_4q_avg": 44.69,
            "equity": 5098657,
            "current_ratio": 241.06,
            "debt_ratio": 31.04,
            "inventory_turnover_ratio": 1.73,
            "account_receivable_turnover_ratio": 1.06,
            "reinvestment_rate": 48.59,
            "research_to_sale_ratio": 5.87,
            "price_fair": 215.25,
            "eps_avg_yearly": 6.15,
            "eps_latest_yearly": 7.8,
            "eps_growth_yearly": 34.58
        },
        "20123": {
            "year_quarter": 20123,
            "year": 2012,
            "quarter": 3,
            "eps": 1.53,
            "eps_growth_year": -14.68,
            "eps_4q": 5.4,
            "eps_4q_growth_year": -25.52,
            "roe": 3.1,
            "roe_4q": 11.36,
            "gross_profit": 288114,
            "gross_margin": 28.9,
            "gross_margin_4q_avg": 30.22,
            "net_income": 161147,
            "net_income_4q": null,
            "revenue": 997009,
            "revenue_4q": null,
            "common_shares": 1128746,
            "book_valuer_per_share": 44.8,
            "book_valuer_per_share_4q_avg": 44.95,
            "equity": 5295005,
            "current_ratio": 391.08,
            "debt_ratio": 21.63,
            "inventory_turnover_ratio": 1.61,
            "account_receivable_turnover_ratio": 0.88,
            "reinvestment_rate": 55.38,
            "research_to_sale_ratio": 6.03,
            "price_fair": 210.79,
            "eps_avg_yearly": 6.02,
            "eps_latest_yearly": 6.12,
            "eps_growth_yearly": 32.86
        },
        "20124": {
            "year_quarter": 20124,
            "year": 2012,
            "quarter": 4,
            "eps": 0.96,
            "eps_growth_year": -7.76,
            "eps_4q": 5.39,
            "eps_4q_growth_year": -17.02,
            "roe": 1.91,
            "roe_4q": 11,
            "gross_profit": 246220,
            "gross_margin": 28.28,
            "gross_margin_4q_avg": 29.11,
            "net_income": 101257,
            "net_income_4q": null,
            "revenue": 870567,
            "revenue_4q": null,
            "common_shares": 1142259,
            "book_valuer_per_share": 44.54,
            "book_valuer_per_share_4q_avg": 44.89,
            "equity": 5317488,
            "current_ratio": 376.62,
            "debt_ratio": 21.98,
            "inventory_turnover_ratio": 1.52,
            "account_receivable_turnover_ratio": 0.82,
            "reinvestment_rate": 59.56,
            "research_to_sale_ratio": 6.15,
            "price_fair": 212.36,
            "eps_avg_yearly": 6.07,
            "eps_latest_yearly": 3.84,
            "eps_growth_yearly": 38.99
        },
        "20131": {
            "year_quarter": 20131,
            "year": 2013,
            "quarter": 1,
            "eps": 1.03,
            "eps_growth_year": -1.9,
            "eps_4q": 5.37,
            "eps_4q_growth_year": -3.67,
            "roe": 1.92,
            "roe_4q": 11,
            "gross_profit": 242604,
            "gross_margin": 26.96,
            "gross_margin_4q_avg": 28.81,
            "net_income": 103926,
            "net_income_4q": null,
            "revenue": 899925,
            "revenue_4q": null,
            "common_shares": 1142259,
            "book_valuer_per_share": 45.56,
            "book_valuer_per_share_4q_avg": 44.55,
            "equity": 5496790,
            "current_ratio": 341.67,
            "debt_ratio": 24.68,
            "inventory_turnover_ratio": 1.61,
            "account_receivable_turnover_ratio": 0.87,
            "reinvestment_rate": 67.77,
            "research_to_sale_ratio": 6.93,
            "price_fair": 217.7,
            "eps_avg_yearly": 6.22,
            "eps_latest_yearly": 4.12,
            "eps_growth_yearly": 52.35
        },
        "20132": {
            "year_quarter": 20132,
            "year": 2013,
            "quarter": 2,
            "eps": 1.43,
            "eps_growth_year": -26.48,
            "eps_4q": 4.82,
            "eps_4q_growth_year": -14.19,
            "roe": 2.89,
            "roe_4q": 9.82,
            "gross_profit": 302173,
            "gross_margin": 30.56,
            "gross_margin_4q_avg": 28.68,
            "net_income": 153995,
            "net_income_4q": null,
            "revenue": 988763,
            "revenue_4q": null,
            "common_shares": 1155256,
            "book_valuer_per_share": 42.39,
            "book_valuer_per_share_4q_avg": 44.32,
            "equity": 5162439,
            "current_ratio": 195.96,
            "debt_ratio": 33.9,
            "inventory_turnover_ratio": 1.73,
            "account_receivable_turnover_ratio": 0.92,
            "reinvestment_rate": 64.96,
            "research_to_sale_ratio": 6.61,
            "price_fair": 221.46,
            "eps_avg_yearly": 6.33,
            "eps_latest_yearly": 5.72,
            "eps_growth_yearly": 27.53
        },
        "20133": {
            "year_quarter": 20133,
            "year": 2013,
            "quarter": 3,
            "eps": 1.08,
            "eps_growth_year": -29.2,
            "eps_4q": 4.41,
            "eps_4q_growth_year": -18.32,
            "roe": 2.22,
            "roe_4q": 8.94,
            "gross_profit": 246905,
            "gross_margin": 27.02,
            "gross_margin_4q_avg": 28.21,
            "net_income": 115488,
            "net_income_4q": null,
            "revenue": 913730,
            "revenue_4q": null,
            "common_shares": 1175840,
            "book_valuer_per_share": 42.95,
            "book_valuer_per_share_4q_avg": 43.86,
            "equity": 5262500,
            "current_ratio": 232.79,
            "debt_ratio": 29.04,
            "inventory_turnover_ratio": 1.77,
            "account_receivable_turnover_ratio": 0.89,
            "reinvestment_rate": 61,
            "research_to_sale_ratio": 6.12,
            "price_fair": 209.41,
            "eps_avg_yearly": 6.36,
            "eps_latest_yearly": 4.32,
            "eps_growth_yearly": 22.91
        },
        "20134": {
            "year_quarter": 20134,
            "year": 2013,
            "quarter": 4,
            "eps": 0.74,
            "eps_growth_year": -22.78,
            "eps_4q": 4.22,
            "eps_4q_growth_year": -21.71,
            "roe": 1.46,
            "roe_4q": 8.49,
            "gross_profit": 213515,
            "gross_margin": 25.15,
            "gross_margin_4q_avg": 27.42,
            "net_income": 78095,
            "net_income_4q": null,
            "revenue": 848826,
            "revenue_4q": null,
            "common_shares": 1175840,
            "book_valuer_per_share": 44.48,
            "book_valuer_per_share_4q_avg": 43.85,
            "equity": 5436784,
            "current_ratio": 164.59,
            "debt_ratio": 28.57,
            "inventory_turnover_ratio": 1.67,
            "account_receivable_turnover_ratio": 0.92,
            "reinvestment_rate": 56.76,
            "research_to_sale_ratio": 7.85,
            "price_fair": 104.73,
            "eps_avg_yearly": 6.24,
            "eps_latest_yearly": 2.96,
            "eps_growth_yearly": 6.8
        },
        "20141": {
            "year_quarter": 20141,
            "year": 2014,
            "quarter": 1,
            "eps": 0.99,
            "eps_growth_year": -3.88,
            "eps_4q": 4.22,
            "eps_4q_growth_year": -21.35,
            "roe": 1.91,
            "roe_4q": 8.48,
            "gross_profit": 230235,
            "gross_margin": 26.79,
            "gross_margin_4q_avg": 27.38,
            "net_income": 105435,
            "net_income_4q": null,
            "revenue": 859461,
            "revenue_4q": null,
            "common_shares": 1175840,
            "book_valuer_per_share": 45.97,
            "book_valuer_per_share_4q_avg": 43.95,
            "equity": 5605391,
            "current_ratio": 181.92,
            "debt_ratio": 27.21,
            "inventory_turnover_ratio": 1.59,
            "account_receivable_turnover_ratio": 0.96,
            "reinvestment_rate": 60.35,
            "research_to_sale_ratio": 8.57,
            "price_fair": 94.64,
            "eps_avg_yearly": 6.05,
            "eps_latest_yearly": 3.96,
            "eps_growth_yearly": 5.64
        },
        "20142": {
            "year_quarter": 20142,
            "year": 2014,
            "quarter": 2,
            "eps": 1.88,
            "eps_growth_year": 31.47,
            "eps_4q": 4.63,
            "eps_4q_growth_year": -3.81,
            "roe": 3.95,
            "roe_4q": 9.540000000000001,
            "gross_profit": 342967,
            "gross_margin": 31.33,
            "gross_margin_4q_avg": 27.57,
            "net_income": 217256,
            "net_income_4q": null,
            "revenue": 1094690,
            "revenue_4q": null,
            "common_shares": 1176144,
            "book_valuer_per_share": 44.1,
            "book_valuer_per_share_4q_avg": 44.38,
            "equity": 5398654,
            "current_ratio": 149.27,
            "debt_ratio": 37.65,
            "inventory_turnover_ratio": 1.88,
            "account_receivable_turnover_ratio": 1.05,
            "reinvestment_rate": 69.74,
            "research_to_sale_ratio": 6.28,
            "price_fair": 161.87,
            "eps_avg_yearly": 5.9,
            "eps_latest_yearly": 7.52,
            "eps_growth_yearly": 17.42
        },
        "20143": {
            "year_quarter": 20143,
            "year": 2014,
            "quarter": 3,
            "eps": 1.87,
            "eps_growth_year": 73.15,
            "eps_4q": 5.17,
            "eps_4q_growth_year": 17.05,
            "roe": 3.84,
            "roe_4q": 11.16,
            "gross_profit": 368603,
            "gross_margin": 32.18,
            "gross_margin_4q_avg": 28.86,
            "net_income": 219762,
            "net_income_4q": null,
            "revenue": 1145266,
            "revenue_4q": null,
            "common_shares": 1255230,
            "book_valuer_per_share": 45.65,
            "book_valuer_per_share_4q_avg": 45.05,
            "equity": 6037144,
            "current_ratio": 179.85,
            "debt_ratio": 35.33,
            "inventory_turnover_ratio": 1.35,
            "account_receivable_turnover_ratio": 0.94,
            "reinvestment_rate": 59.19,
            "research_to_sale_ratio": 5.63,
            "price_fair": 164.84,
            "eps_avg_yearly": 5.78,
            "eps_latest_yearly": 7.48,
            "eps_growth_yearly": 18.51
        },
        "20144": {
            "year_quarter": 20144,
            "year": 2014,
            "quarter": 4,
            "eps": 1.33,
            "eps_growth_year": 79.99,
            "eps_4q": 5.74,
            "eps_4q_growth_year": 36.04,
            "roe": 2.96,
            "roe_4q": 12.66,
            "gross_profit": 306106,
            "gross_margin": 30.87,
            "gross_margin_4q_avg": 30.29,
            "net_income": 182543,
            "net_income_4q": null,
            "revenue": 991701,
            "revenue_4q": null,
            "common_shares": 1272257,
            "book_valuer_per_share": 47.71,
            "book_valuer_per_share_4q_avg": 45.86,
            "equity": 6295140,
            "current_ratio": 238.15,
            "debt_ratio": 27.54,
            "inventory_turnover_ratio": 1,
            "account_receivable_turnover_ratio": 0.85,
            "reinvestment_rate": 66.86,
            "research_to_sale_ratio": 6.57,
            "price_fair": 143.74,
            "eps_avg_yearly": 5.63,
            "eps_latest_yearly": 5.32,
            "eps_growth_yearly": 15.54
        },
        "20151": {
            "year_quarter": 20151,
            "year": 2015,
            "quarter": 1,
            "eps": 1.03,
            "eps_growth_year": 4.04,
            "eps_4q": 5.86,
            "eps_4q_growth_year": 38.73,
            "roe": 1.9,
            "roe_4q": 12.649999999999999,
            "gross_profit": 268809,
            "gross_margin": 28.15,
            "gross_margin_4q_avg": 30.63,
            "net_income": 120616,
            "net_income_4q": null,
            "revenue": 954942,
            "revenue_4q": null,
            "common_shares": 1272257,
            "book_valuer_per_share": 48.76,
            "book_valuer_per_share_4q_avg": 46.56,
            "equity": 6383985,
            "current_ratio": 285.67,
            "debt_ratio": 24.84,
            "inventory_turnover_ratio": 1.11,
            "account_receivable_turnover_ratio": 0.92,
            "reinvestment_rate": 60.73,
            "research_to_sale_ratio": 7.42,
            "price_fair": 110.4,
            "eps_avg_yearly": 5.41,
            "eps_latest_yearly": 4.12,
            "eps_growth_yearly": 10.42
        },
        "20152": {
            "year_quarter": 20152,
            "year": 2015,
            "quarter": 2,
            "eps": 1.07,
            "eps_growth_year": -43.09,
            "eps_4q": 5.13,
            "eps_4q_growth_year": 10.84,
            "roe": 2.07,
            "roe_4q": 10.77,
            "gross_profit": 259974,
            "gross_margin": 27.54,
            "gross_margin_4q_avg": 29.69,
            "net_income": 126078,
            "net_income_4q": null,
            "revenue": 943903,
            "revenue_4q": null,
            "common_shares": 1272257,
            "book_valuer_per_share": 44.11,
            "book_valuer_per_share_4q_avg": 46.56,
            "equity": 5780828,
            "current_ratio": 150.87,
            "debt_ratio": 31.96,
            "inventory_turnover_ratio": 1.09,
            "account_receivable_turnover_ratio": 0.9,
            "reinvestment_rate": 57.26,
            "research_to_sale_ratio": 6.94,
            "price_fair": 109.69,
            "eps_avg_yearly": 5.19,
            "eps_latest_yearly": 4.28,
            "eps_growth_yearly": 11.12
        },
        "20153": {
            "year_quarter": 20153,
            "year": 2015,
            "quarter": 3,
            "eps": 0.8,
            "eps_growth_year": -57.22,
            "eps_4q": 4.2,
            "eps_4q_growth_year": -18.77,
            "roe": 1.52,
            "roe_4q": 8.45,
            "gross_profit": 221886,
            "gross_margin": 24.46,
            "gross_margin_4q_avg": 27.76,
            "net_income": 88466,
            "net_income_4q": null,
            "revenue": 907071,
            "revenue_4q": null,
            "common_shares": 1284980,
            "book_valuer_per_share": 44.41,
            "book_valuer_per_share_4q_avg": 46.25,
            "equity": 5866762,
            "current_ratio": 166.53,
            "debt_ratio": 29.68,
            "inventory_turnover_ratio": 1.11,
            "account_receivable_turnover_ratio": 0.87,
            "reinvestment_rate": 62.62,
            "research_to_sale_ratio": 7.31,
            "price_fair": 82.24,
            "eps_avg_yearly": 4.95,
            "eps_latest_yearly": 3.2,
            "eps_growth_yearly": 6.63
        },
        "20154": {
            "year_quarter": 20154,
            "year": 2015,
            "quarter": 4,
            "eps": 0.83,
            "eps_growth_year": -37.61,
            "eps_4q": 3.71,
            "eps_4q_growth_year": -35.44,
            "roe": 1.61,
            "roe_4q": 7.1,
            "gross_profit": 242449,
            "gross_margin": 26.66,
            "gross_margin_4q_avg": 26.7,
            "net_income": 95131,
            "net_income_4q": null,
            "revenue": 909502,
            "revenue_4q": null,
            "common_shares": 1284980,
            "book_valuer_per_share": 45.24,
            "book_valuer_per_share_4q_avg": 45.63,
            "equity": 5956890,
            "current_ratio": 202.03,
            "debt_ratio": 23.95,
            "inventory_turnover_ratio": 1.23,
            "account_receivable_turnover_ratio": 0.89,
            "reinvestment_rate": 54.81,
            "research_to_sale_ratio": 8.01,
            "price_fair": 137.2,
            "eps_avg_yearly": 4.89,
            "eps_latest_yearly": 3.32,
            "eps_growth_yearly": 18.04
        },
        "20161": {
            "year_quarter": 20161,
            "year": 2016,
            "quarter": 1,
            "eps": 1.09,
            "eps_growth_year": 5.83,
            "eps_4q": 3.78,
            "eps_4q_growth_year": -35.4,
            "roe": 2.11,
            "roe_4q": 7.3100000000000005,
            "gross_profit": 234980,
            "gross_margin": 25.87,
            "gross_margin_4q_avg": 26.13,
            "net_income": 126596,
            "net_income_4q": null,
            "revenue": 908404,
            "revenue_4q": null,
            "common_shares": 1284980,
            "book_valuer_per_share": 46,
            "book_valuer_per_share_4q_avg": 44.94,
            "equity": 6039032,
            "current_ratio": 217.86,
            "debt_ratio": 23.82,
            "inventory_turnover_ratio": 1.32,
            "account_receivable_turnover_ratio": 0.86,
            "reinvestment_rate": 23.06,
            "research_to_sale_ratio": 7.66,
            "price_fair": 171.59,
            "eps_avg_yearly": 4.9,
            "eps_latest_yearly": 4.36,
            "eps_growth_yearly": 25.63
        },
        "20162": {
            "year_quarter": 20162,
            "year": 2016,
            "quarter": 2,
            "eps": 0.94,
            "eps_growth_year": -12.15,
            "eps_4q": 3.66,
            "eps_4q_growth_year": -28.78,
            "roe": 1.76,
            "roe_4q": 7,
            "gross_profit": 258900,
            "gross_margin": 27.97,
            "gross_margin_4q_avg": 26.24,
            "net_income": 103239,
            "net_income_4q": null,
            "revenue": 925766,
            "revenue_4q": null,
            "common_shares": 1284980,
            "book_valuer_per_share": 43.32,
            "book_valuer_per_share_4q_avg": 44.74,
            "equity": 5675864,
            "current_ratio": 227.37,
            "debt_ratio": 28.97,
            "inventory_turnover_ratio": 1.31,
            "account_receivable_turnover_ratio": 0.86,
            "reinvestment_rate": 19.09,
            "research_to_sale_ratio": 6.88,
            "price_fair": 46.5,
            "eps_avg_yearly": 4.65,
            "eps_latest_yearly": 3.76,
            "eps_growth_yearly": 0.76
        },
        "20163": {
            "year_quarter": 20163,
            "year": 2016,
            "quarter": 3,
            "eps": 0.71,
            "eps_growth_year": -11.25,
            "eps_4q": 3.57,
            "eps_4q_growth_year": -14.88,
            "roe": 1.38,
            "roe_4q": 6.86,
            "gross_profit": 255340,
            "gross_margin": 28.05,
            "gross_margin_4q_avg": 27.14,
            "net_income": 78638,
            "net_income_4q": null,
            "revenue": 910410,
            "revenue_4q": null,
            "common_shares": 1284980,
            "book_valuer_per_share": 43.59,
            "book_valuer_per_share_4q_avg": 44.54,
            "equity": 5693684,
            "current_ratio": 263.79,
            "debt_ratio": 26.11,
            "inventory_turnover_ratio": 1.36,
            "account_receivable_turnover_ratio": 0.84,
            "reinvestment_rate": 5.48,
            "research_to_sale_ratio": 7.61,
            "price_fair": 44.45,
            "eps_avg_yearly": 4.45,
            "eps_latest_yearly": 2.84,
            "eps_growth_yearly": 0.03
        },
        "20164": {
            "year_quarter": 20164,
            "year": 2016,
            "quarter": 4,
            "eps": 0.71,
            "eps_growth_year": -14.9,
            "eps_4q": 3.45,
            "eps_4q_growth_year": -7.03,
            "roe": 1.39,
            "roe_4q": 6.639999999999999,
            "gross_profit": 209996,
            "gross_margin": 24.1,
            "gross_margin_4q_avg": 26.5,
            "net_income": 79964,
            "net_income_4q": null,
            "revenue": 871371,
            "revenue_4q": null,
            "common_shares": 1284980,
            "book_valuer_per_share": 44.3,
            "book_valuer_per_share_4q_avg": 44.3,
            "equity": 5775039,
            "current_ratio": 272.25,
            "debt_ratio": 25.84,
            "inventory_turnover_ratio": 1.45,
            "account_receivable_turnover_ratio": 0.81,
            "reinvestment_rate": 5.26,
            "research_to_sale_ratio": 7.33,
            "price_fair": 84.78,
            "eps_avg_yearly": 4.38,
            "eps_latest_yearly": 2.84,
            "eps_growth_yearly": 9.35
        },
        "20171": {
            "year_quarter": 20171,
            "year": 2017,
            "quarter": 1,
            "eps": 0.31,
            "eps_growth_year": -71.56,
            "eps_4q": 2.66,
            "eps_4q_growth_year": -29.6,
            "roe": 0.54,
            "roe_4q": 5.069999999999999,
            "gross_profit": 210215,
            "gross_margin": 27.08,
            "gross_margin_4q_avg": 26.8,
            "net_income": 31180,
            "net_income_4q": null,
            "revenue": 776192,
            "revenue_4q": null,
            "common_shares": 1284980,
            "book_valuer_per_share": 44.19,
            "book_valuer_per_share_4q_avg": 43.85,
            "equity": 5868599,
            "current_ratio": 279.88,
            "debt_ratio": 20.84,
            "inventory_turnover_ratio": 1.29,
            "account_receivable_turnover_ratio": 0.81,
            "reinvestment_rate": -10.43,
            "research_to_sale_ratio": 8.6,
            "price_fair": 12.61,
            "eps_avg_yearly": 4.2,
            "eps_latest_yearly": 1.24,
            "eps_growth_yearly": -6.56
        },
        "20172": {
            "year_quarter": 20172,
            "year": 2017,
            "quarter": 2,
            "eps": 1.22,
            "eps_growth_year": 29.79,
            "eps_4q": 2.94,
            "eps_4q_growth_year": -19.52,
            "roe": 2.55,
            "roe_4q": 5.859999999999999,
            "gross_profit": 265395,
            "gross_margin": 28.07,
            "gross_margin_4q_avg": 26.83,
            "net_income": 147151,
            "net_income_4q": null,
            "revenue": 945422,
            "revenue_4q": null,
            "common_shares": 1284980,
            "book_valuer_per_share": 42.43,
            "book_valuer_per_share_4q_avg": 43.63,
            "equity": 5682041,
            "current_ratio": 241.91,
            "debt_ratio": 25.67,
            "inventory_turnover_ratio": 1.5,
            "account_receivable_turnover_ratio": 1.02,
            "reinvestment_rate": -17.41,
            "research_to_sale_ratio": 7.34,
            "price_fair": 145.25,
            "eps_avg_yearly": 4.15,
            "eps_latest_yearly": 4.88,
            "eps_growth_yearly": 57.12
        },
        "20173": {
            "year_quarter": 20173,
            "year": 2017,
            "quarter": 3,
            "eps": 1.31,
            "eps_growth_year": 84.51,
            "eps_4q": 3.54,
            "eps_4q_growth_year": -0.78,
            "roe": 2.73,
            "roe_4q": 7.209999999999999,
            "gross_profit": 287791,
            "gross_margin": 30.28,
            "gross_margin_4q_avg": 27.38,
            "net_income": 158583,
            "net_income_4q": null,
            "revenue": 950499,
            "revenue_4q": null,
            "common_shares": 1284980,
            "book_valuer_per_share": 44.36,
            "book_valuer_per_share_4q_avg": 43.82,
            "equity": 5922457,
            "current_ratio": 301.29,
            "debt_ratio": 21.09,
            "inventory_turnover_ratio": 1.37,
            "account_receivable_turnover_ratio": 0.9,
            "reinvestment_rate": -19.03,
            "research_to_sale_ratio": 6.36,
            "price_fair": 147.26,
            "eps_avg_yearly": 4.21,
            "eps_latest_yearly": 5.24,
            "eps_growth_yearly": 65.08
        },
        "20174": {
            "year_quarter": 20174,
            "year": 2017,
            "quarter": 4,
            "eps": 1.18,
            "eps_growth_year": 66.29,
            "eps_4q": 4.01,
            "eps_4q_growth_year": 16.37,
            "roe": 2.48,
            "roe_4q": 8.3,
            "gross_profit": 233846,
            "gross_margin": 23.43,
            "gross_margin_4q_avg": 27.22,
            "net_income": 149308,
            "net_income_4q": null,
            "revenue": 998270,
            "revenue_4q": null,
            "common_shares": 1284980,
            "book_valuer_per_share": 45.96,
            "book_valuer_per_share_4q_avg": 44.24,
            "equity": 6125545,
            "current_ratio": 304.28,
            "debt_ratio": 21.5,
            "inventory_turnover_ratio": 1.57,
            "account_receivable_turnover_ratio": 0.88,
            "reinvestment_rate": -38.47,
            "research_to_sale_ratio": 5.83,
            "price_fair": 151.11,
            "eps_avg_yearly": 4.32,
            "eps_latest_yearly": 4.72,
            "eps_growth_yearly": 70.47
        },
        "20181": {
            "year_quarter": 20181,
            "year": 2018,
            "quarter": 1,
            "eps": 0.54,
            "eps_growth_year": 74.19,
            "eps_4q": 4.25,
            "eps_4q_growth_year": 59.54,
            "roe": 1.06,
            "roe_4q": 8.82,
            "gross_profit": 210368,
            "gross_margin": 26.06,
            "gross_margin_4q_avg": 26.96,
            "net_income": 65664,
            "net_income_4q": null,
            "revenue": 807226,
            "revenue_4q": null,
            "common_shares": 1284980,
            "book_valuer_per_share": 46.74,
            "book_valuer_per_share_4q_avg": 44.87,
            "equity": 6224031,
            "current_ratio": 319.44,
            "debt_ratio": 20.74,
            "inventory_turnover_ratio": 1.13,
            "account_receivable_turnover_ratio": 0.77,
            "reinvestment_rate": -66.14,
            "research_to_sale_ratio": 7.29,
            "price_fair": 147.18,
            "eps_avg_yearly": 4.21,
            "eps_latest_yearly": 2.16,
            "eps_growth_yearly": 48.46
        },
        "20182": {
            "year_quarter": 20182,
            "year": 2018,
            "quarter": 2,
            "eps": 0.65,
            "eps_growth_year": -46.72,
            "eps_4q": 3.68,
            "eps_4q_growth_year": 25.04,
            "roe": 1.35,
            "roe_4q": 7.620000000000001,
            "gross_profit": 204268,
            "gross_margin": 24.44,
            "gross_margin_4q_avg": 26.05,
            "net_income": 80882,
            "net_income_4q": null,
            "revenue": 835709,
            "revenue_4q": null,
            "common_shares": 1284980,
            "book_valuer_per_share": 43.22,
            "book_valuer_per_share_4q_avg": 45.07,
            "equity": 5769550,
            "current_ratio": 236,
            "debt_ratio": 27.32,
            "inventory_turnover_ratio": 1.04,
            "account_receivable_turnover_ratio": 0.84,
            "reinvestment_rate": -82.37,
            "research_to_sale_ratio": 6.74,
            "price_fair": 136.41,
            "eps_avg_yearly": 3.9,
            "eps_latest_yearly": 2.6,
            "eps_growth_yearly": 31.08
        },
        "20183": {
            "year_quarter": 20183,
            "year": 2018,
            "quarter": 3,
            "eps": 1.17,
            "eps_growth_year": -10.69,
            "eps_4q": 3.54,
            "eps_4q_growth_year": -0.15,
            "roe": 2.44,
            "roe_4q": 7.33,
            "gross_profit": 299941,
            "gross_margin": 32.27,
            "gross_margin_4q_avg": 26.55,
            "net_income": 141107,
            "net_income_4q": null,
            "revenue": 929403,
            "revenue_4q": null,
            "common_shares": 1284980,
            "book_valuer_per_share": 43.6,
            "book_valuer_per_share_4q_avg": 44.88,
            "equity": 5802301,
            "current_ratio": 298.17,
            "debt_ratio": 21.45,
            "inventory_turnover_ratio": 1,
            "account_receivable_turnover_ratio": 0.86,
            "reinvestment_rate": -82.91,
            "research_to_sale_ratio": 6.58,
            "price_fair": 130.29,
            "eps_avg_yearly": 3.72,
            "eps_latest_yearly": 4.68,
            "eps_growth_yearly": 51.21
        },
        "20184": {
            "year_quarter": 20184,
            "year": 2018,
            "quarter": 4,
            "eps": 1.22,
            "eps_growth_year": 3.89,
            "eps_4q": 3.58,
            "eps_4q_growth_year": -10.67,
            "roe": 2.58,
            "roe_4q": 7.43,
            "gross_profit": 208410,
            "gross_margin": 22.7,
            "gross_margin_4q_avg": 26.37,
            "net_income": 151669,
            "net_income_4q": null,
            "revenue": 918304,
            "revenue_4q": null,
            "common_shares": 1284980,
            "book_valuer_per_share": 45.18,
            "book_valuer_per_share_4q_avg": 44.69,
            "equity": 5974539,
            "current_ratio": 314.63,
            "debt_ratio": 22,
            "inventory_turnover_ratio": 1.17,
            "account_receivable_turnover_ratio": 0.8,
            "reinvestment_rate": -108.95,
            "research_to_sale_ratio": 8.12,
            "price_fair": 129.33,
            "eps_avg_yearly": 3.7,
            "eps_latest_yearly": 4.88,
            "eps_growth_yearly": 59.5
        },
        "20191": {
            "year_quarter": 20191,
            "year": 2019,
            "quarter": 1,
            "eps": 0.35,
            "eps_growth_year": -35.19,
            "eps_4q": 3.39,
            "eps_4q_growth_year": -20.13,
            "roe": 0.92,
            "roe_4q": 7.289999999999999,
            "gross_profit": 143334,
            "gross_margin": 20.09,
            "gross_margin_4q_avg": 24.88,
            "net_income": 55202,
            "net_income_4q": null,
            "revenue": 713540,
            "revenue_4q": null,
            "common_shares": 1284980,
            "book_valuer_per_share": 45.94,
            "book_valuer_per_share_4q_avg": 44.49,
            "equity": 6086573,
            "current_ratio": 363.68,
            "debt_ratio": 19.34,
            "inventory_turnover_ratio": 0.93,
            "account_receivable_turnover_ratio": 0.71,
            "reinvestment_rate": -113.58,
            "research_to_sale_ratio": 6.29,
            "price_fair": 123.38,
            "eps_avg_yearly": 3.53,
            "eps_latest_yearly": 1.4,
            "eps_growth_yearly": 47.31
        },
        "20192": {
            "year_quarter": 20192,
            "year": 2019,
            "quarter": 2,
            "eps": 0.4,
            "eps_growth_year": -38.46,
            "eps_4q": 3.15,
            "eps_4q_growth_year": -14.51,
            "roe": 0.94,
            "roe_4q": 6.879999999999999,
            "gross_profit": 202290,
            "gross_margin": 24.59,
            "gross_margin_4q_avg": 24.91,
            "net_income": 55394,
            "net_income_4q": null,
            "revenue": 822803,
            "revenue_4q": null,
            "common_shares": 1284980,
            "book_valuer_per_share": 43.15,
            "book_valuer_per_share_4q_avg": 44.47,
            "equity": 5729679,
            "current_ratio": 326.2,
            "debt_ratio": 23.16,
            "inventory_turnover_ratio": 1.01,
            "account_receivable_turnover_ratio": 0.85,
            "reinvestment_rate": -113.12,
            "research_to_sale_ratio": 7.38,
            "price_fair": 117.51,
            "eps_avg_yearly": 3.36,
            "eps_latest_yearly": 1.6,
            "eps_growth_yearly": 49.91
        },
        "20193": {
            "year_quarter": 20193,
            "year": 2019,
            "quarter": 3,
            "eps": 1.28,
            "eps_growth_year": 9.4,
            "eps_4q": 3.25,
            "eps_4q_growth_year": -8.1,
            "roe": 2.82,
            "roe_4q": 7.26,
            "gross_profit": 214453,
            "gross_margin": 28.48,
            "gross_margin_4q_avg": 23.97,
            "net_income": 163138,
            "net_income_4q": null,
            "revenue": 752897,
            "revenue_4q": null,
            "common_shares": 1284980,
            "book_valuer_per_share": 44.03,
            "book_valuer_per_share_4q_avg": 44.58,
            "equity": 5836014,
            "current_ratio": 450.62,
            "debt_ratio": 16.55,
            "inventory_turnover_ratio": 0.94,
            "account_receivable_turnover_ratio": 0.72,
            "reinvestment_rate": -109.7,
            "research_to_sale_ratio": 8.52,
            "price_fair": 121.71,
            "eps_avg_yearly": 3.48,
            "eps_latest_yearly": 5.12,
            "eps_growth_yearly": 111.22
        },
        "20194": {
            "year_quarter": 20194,
            "year": 2019,
            "quarter": 4,
            "eps": 1.1,
            "eps_growth_year": -9.77,
            "eps_4q": 3.13,
            "eps_4q_growth_year": -12.6,
            "roe": 2.52,
            "roe_4q": 7.199999999999999,
            "gross_profit": 267928,
            "gross_margin": 28.39,
            "gross_margin_4q_avg": 25.39,
            "net_income": 148520,
            "net_income_4q": null,
            "revenue": 943601,
            "revenue_4q": null,
            "common_shares": 1284980,
            "book_valuer_per_share": 44.99,
            "book_valuer_per_share_4q_avg": 44.53,
            "equity": 5962449,
            "current_ratio": 440.95,
            "debt_ratio": 16.98,
            "inventory_turnover_ratio": 1.31,
            "account_receivable_turnover_ratio": 0.95,
            "reinvestment_rate": -111.23,
            "research_to_sale_ratio": 7.25,
            "price_fair": 124.08,
            "eps_avg_yearly": 3.55,
            "eps_latest_yearly": 4.4,
            "eps_growth_yearly": 106.77
        },
        "20201": {
            "year_quarter": 20201,
            "year": 2020,
            "quarter": 1,
            "eps": 1.24,
            "eps_growth_year": 254.29,
            "eps_4q": 4.02,
            "eps_4q_growth_year": 18.41,
            "roe": 2.74,
            "roe_4q": 9.02,
            "gross_profit": 327629,
            "gross_margin": 35.54,
            "gross_margin_4q_avg": 29.25,
            "net_income": 165109,
            "net_income_4q": null,
            "revenue": 921807,
            "revenue_4q": null,
            "common_shares": 1284980,
            "book_valuer_per_share": 45.8,
            "book_valuer_per_share_4q_avg": 44.49,
            "equity": 6071704,
            "current_ratio": 410.35,
            "debt_ratio": 18.58,
            "inventory_turnover_ratio": 1.13,
            "account_receivable_turnover_ratio": 0.97,
            "reinvestment_rate": -102.46,
            "research_to_sale_ratio": 7.8,
            "price_fair": 125.39,
            "eps_avg_yearly": 3.58,
            "eps_latest_yearly": 4.96,
            "eps_growth_yearly": 102.12
        },
        "20202": {
            "year_quarter": 20202,
            "year": 2020,
            "quarter": 2,
            "eps": 0.67,
            "eps_growth_year": 67.5,
            "eps_4q": 4.29,
            "eps_4q_growth_year": 36.33,
            "roe": 1.43,
            "roe_4q": 9.51,
            "gross_profit": 259364,
            "gross_margin": 31.37,
            "gross_margin_4q_avg": 30.95,
            "net_income": 84635,
            "net_income_4q": null,
            "revenue": 826796,
            "revenue_4q": null,
            "common_shares": 1284980,
            "book_valuer_per_share": 43.61,
            "book_valuer_per_share_4q_avg": 44.61,
            "equity": 5784814,
            "current_ratio": 260.19,
            "debt_ratio": 24.77,
            "inventory_turnover_ratio": 0.96,
            "account_receivable_turnover_ratio": 0.84,
            "reinvestment_rate": -93.83,
            "research_to_sale_ratio": 9.72,
            "price_fair": 123.03,
            "eps_avg_yearly": 3.52,
            "eps_latest_yearly": 2.68,
            "eps_growth_yearly": 94.07
        },
        "20203": {
            "year_quarter": 20203,
            "year": 2020,
            "quarter": 3,
            "eps": 1.54,
            "eps_growth_year": 20.31,
            "eps_4q": 4.55,
            "eps_4q_growth_year": 40.03,
            "roe": 3.21,
            "roe_4q": 9.9,
            "gross_profit": 257389,
            "gross_margin": 31.84,
            "gross_margin_4q_avg": 31.79,
            "net_income": 189507,
            "net_income_4q": null,
            "revenue": 808506,
            "revenue_4q": null,
            "common_shares": 1284980,
            "book_valuer_per_share": 45.62,
            "book_valuer_per_share_4q_avg": 45.01,
            "equity": 6037355,
            "current_ratio": 286.7,
            "debt_ratio": 20.81,
            "inventory_turnover_ratio": 0.94,
            "account_receivable_turnover_ratio": 0.77,
            "reinvestment_rate": -51.1,
            "research_to_sale_ratio": 9.46,
            "price_fair": 130.29,
            "eps_avg_yearly": 3.72,
            "eps_latest_yearly": 6.16,
            "eps_growth_yearly": 132.65
        },
        "20204": {
            "year_quarter": 20204,
            "year": 2020,
            "quarter": 4,
            "eps": 0.67,
            "eps_growth_year": -39.27,
            "eps_4q": 4.12,
            "eps_4q_growth_year": 31.55,
            "roe": 1.33,
            "roe_4q": 8.71,
            "gross_profit": 282280,
            "gross_margin": 29.81,
            "gross_margin_4q_avg": 32.14,
            "net_income": 81441,
            "net_income_4q": null,
            "revenue": 946860,
            "revenue_4q": null,
            "common_shares": 1284980,
            "book_valuer_per_share": 46.77,
            "book_valuer_per_share_4q_avg": 45.45,
            "equity": 6184933,
            "current_ratio": 285.13,
            "debt_ratio": 21.54,
            "inventory_turnover_ratio": 1.15,
            "account_receivable_turnover_ratio": 0.86,
            "reinvestment_rate": -49.86,
            "research_to_sale_ratio": 7.84,
            "price_fair": 129.94,
            "eps_avg_yearly": 3.71,
            "eps_latest_yearly": 2.68,
            "eps_growth_yearly": 118.52
        },
        "20211": {
            "year_quarter": 20211,
            "year": 2021,
            "quarter": 1,
            "eps": 1.99,
            "eps_growth_year": 60.48,
            "eps_4q": 4.87,
            "eps_4q_growth_year": 21.24,
            "roe": 4.19,
            "roe_4q": 10.16,
            "gross_profit": 457183,
            "gross_margin": 39.96,
            "gross_margin_4q_avg": 33.25,
            "net_income": 265448,
            "net_income_4q": null,
            "revenue": 1144123,
            "revenue_4q": null,
            "common_shares": 1284980,
            "book_valuer_per_share": 48.94,
            "book_valuer_per_share_4q_avg": 46.24,
            "equity": 6473078,
            "current_ratio": 268.21,
            "debt_ratio": 22.77,
            "inventory_turnover_ratio": 1.02,
            "account_receivable_turnover_ratio": 0.94,
            "reinvestment_rate": -34.08,
            "research_to_sale_ratio": 7.42,
            "price_fair": 144.64,
            "eps_avg_yearly": 4.13,
            "eps_latest_yearly": 7.96,
            "eps_growth_yearly": 181.86
        },
        "20212": {
            "year_quarter": 20212,
            "year": 2021,
            "quarter": 2,
            "eps": 2.27,
            "eps_growth_year": 238.81,
            "eps_4q": 6.47,
            "eps_4q_growth_year": 50.88,
            "roe": 4.32,
            "roe_4q": 13.05,
            "gross_profit": 622509,
            "gross_margin": 43.3,
            "gross_margin_4q_avg": 36.23,
            "net_income": 286454,
            "net_income_4q": null,
            "revenue": 1437774,
            "revenue_4q": null,
            "common_shares": 1284980,
            "book_valuer_per_share": 51.51,
            "book_valuer_per_share_4q_avg": 48.21,
            "equity": 6796110,
            "current_ratio": 304.79,
            "debt_ratio": 22.04,
            "inventory_turnover_ratio": 1.05,
            "account_receivable_turnover_ratio": 1.05,
            "reinvestment_rate": -20.44,
            "research_to_sale_ratio": 6.71,
            "price_fair": 153.83,
            "eps_avg_yearly": 4.4,
            "eps_latest_yearly": 9.08,
            "eps_growth_yearly": 111.99
        },
        "20213": {
            "year_quarter": 20213,
            "year": 2021,
            "quarter": 3,
            "eps": 2.61,
            "eps_growth_year": 69.48,
            "eps_4q": 7.54,
            "eps_4q_growth_year": 65.51,
            "roe": 4.9,
            "roe_4q": 14.74,
            "gross_profit": 560172,
            "gross_margin": 39.97,
            "gross_margin_4q_avg": 38.26,
            "net_income": 328233,
            "net_income_4q": null,
            "revenue": 1401367,
            "revenue_4q": null,
            "common_shares": 1284980,
            "book_valuer_per_share": 50.09,
            "book_valuer_per_share_4q_avg": 49.33,
            "equity": 6605793,
            "current_ratio": 291.99,
            "debt_ratio": 22.27,
            "inventory_turnover_ratio": 1.05,
            "account_receivable_turnover_ratio": 0.98,
            "reinvestment_rate": -14.53,
            "research_to_sale_ratio": 6.19,
            "price_fair": 165.2,
            "eps_avg_yearly": 4.72,
            "eps_latest_yearly": 10.44,
            "eps_growth_yearly": 113.89
        },
        "20214": {
            "year_quarter": 20214,
            "year": 2021,
            "quarter": 4,
            "eps": 1.54,
            "eps_growth_year": 129.75,
            "eps_4q": 8.41,
            "eps_4q_growth_year": 103.97,
            "roe": 3.11,
            "roe_4q": 16.52,
            "gross_profit": 385422,
            "gross_margin": 31.13,
            "gross_margin_4q_avg": 38.59,
            "net_income": 209534,
            "net_income_4q": null,
            "revenue": 1238156,
            "revenue_4q": null,
            "common_shares": 1284980,
            "book_valuer_per_share": 52.08,
            "book_valuer_per_share_4q_avg": 50.66,
            "equity": 6875888,
            "current_ratio": 301.71,
            "debt_ratio": 22.79,
            "inventory_turnover_ratio": 1,
            "account_receivable_turnover_ratio": 0.9,
            "reinvestment_rate": -11.12,
            "research_to_sale_ratio": 5.93,
            "price_fair": 168.35,
            "eps_avg_yearly": 4.81,
            "eps_latest_yearly": 6.16,
            "eps_growth_yearly": 106.13
        },
        "20221": {
            "year_quarter": 20221,
            "year": 2022,
            "quarter": 1,
            "eps": 2.24,
            "eps_growth_year": 12.56,
            "eps_4q": 8.65,
            "eps_4q_growth_year": 77.59,
            "roe": 4.24,
            "roe_4q": 16.57,
            "gross_profit": 549400,
            "gross_margin": 42.25,
            "gross_margin_4q_avg": 39.16,
            "net_income": 297342,
            "net_income_4q": null,
            "revenue": 1300492,
            "revenue_4q": null,
            "common_shares": 1284980,
            "book_valuer_per_share": 54.02,
            "book_valuer_per_share_4q_avg": 51.93,
            "equity": 7141800,
            "current_ratio": 309.45,
            "debt_ratio": 23.2,
            "inventory_turnover_ratio": 0.81,
            "account_receivable_turnover_ratio": 0.96,
            "reinvestment_rate": 0.18,
            "research_to_sale_ratio": 6.71,
            "price_fair": 183.23,
            "eps_avg_yearly": 5.24,
            "eps_latest_yearly": 8.96,
            "eps_growth_yearly": 131.05
        },
        "20222": {
            "year_quarter": 20222,
            "year": 2022,
            "quarter": 2,
            "eps": 2.44,
            "eps_growth_year": 7.49,
            "eps_4q": 8.82,
            "eps_4q_growth_year": 36.33,
            "roe": 4.76,
            "roe_4q": 17.009999999999998,
            "gross_profit": 507716,
            "gross_margin": 38.58,
            "gross_margin_4q_avg": 37.98,
            "net_income": 331015,
            "net_income_4q": null,
            "revenue": 1316102,
            "revenue_4q": null,
            "common_shares": 1284980,
            "book_valuer_per_share": 50.93,
            "book_valuer_per_share_4q_avg": 51.78,
            "equity": 6759078,
            "current_ratio": 233.37,
            "debt_ratio": 28.64,
            "inventory_turnover_ratio": 0.81,
            "account_receivable_turnover_ratio": 1.02,
            "reinvestment_rate": -0.93,
            "research_to_sale_ratio": 7.47,
            "price_fair": 198.89,
            "eps_avg_yearly": 5.68,
            "eps_latest_yearly": 9.76,
            "eps_growth_yearly": 128.19
        },
        "20223": {
            "year_quarter": 20223,
            "year": 2022,
            "quarter": 3,
            "eps": 1.49,
            "eps_growth_year": -42.91,
            "eps_4q": 7.71,
            "eps_4q_growth_year": 2.31,
            "roe": 2.87,
            "roe_4q": 14.98,
            "gross_profit": 309668,
            "gross_margin": 29.41,
            "gross_margin_4q_avg": 35.34,
            "net_income": 196793,
            "net_income_4q": null,
            "revenue": 1053072,
            "revenue_4q": null,
            "common_shares": 1284980,
            "book_valuer_per_share": 52.39,
            "book_valuer_per_share_4q_avg": 52.36,
            "equity": 6952950,
            "current_ratio": 339.63,
            "debt_ratio": 19.34,
            "inventory_turnover_ratio": 0.73,
            "account_receivable_turnover_ratio": 0.98,
            "reinvestment_rate": 4.09,
            "research_to_sale_ratio": 8.18,
            "price_fair": 201.69,
            "eps_avg_yearly": 5.76,
            "eps_latest_yearly": 5.96,
            "eps_growth_yearly": 98.45
        },
        "20224": {
            "year_quarter": 20224,
            "year": 2022,
            "quarter": 4,
            "eps": 0.47,
            "eps_growth_year": -69.15,
            "eps_4q": 6.65,
            "eps_4q_growth_year": -20.92,
            "roe": 0.93,
            "roe_4q": 12.8,
            "gross_profit": 254809,
            "gross_margin": 27.39,
            "gross_margin_4q_avg": 34.41,
            "net_income": 64891,
            "net_income_4q": null,
            "revenue": 930376,
            "revenue_4q": null,
            "common_shares": 1284980,
            "book_valuer_per_share": 53.04,
            "book_valuer_per_share_4q_avg": 52.6,
            "equity": 7037064,
            "current_ratio": 347.1,
            "debt_ratio": 18.93,
            "inventory_turnover_ratio": 0.67,
            "account_receivable_turnover_ratio": 1.05,
            "reinvestment_rate": 12.54,
            "research_to_sale_ratio": 9.59,
            "price_fair": 195.13,
            "eps_avg_yearly": 5.58,
            "eps_latest_yearly": 1.88,
            "eps_growth_yearly": 80.27
        },
        "20231": {
            "year_quarter": 20231,
            "year": 2023,
            "quarter": 1,
            "eps": 0.74,
            "eps_growth_year": -66.96,
            "eps_4q": 5.15,
            "eps_4q_growth_year": -40.48,
            "roe": 1.39,
            "roe_4q": 9.95,
            "gross_profit": 212252,
            "gross_margin": 25.15,
            "gross_margin_4q_avg": 30.13,
            "net_income": 99493,
            "net_income_4q": null,
            "revenue": 843826,
            "revenue_4q": null,
            "common_shares": 1284980,
            "book_valuer_per_share": 54.64,
            "book_valuer_per_share_4q_avg": 52.75,
            "equity": 7248986,
            "current_ratio": 404.38,
            "debt_ratio": 16.51,
            "inventory_turnover_ratio": 0.65,
            "account_receivable_turnover_ratio": 0.98,
            "reinvestment_rate": 17.81,
            "research_to_sale_ratio": 8.55,
            "price_fair": 198.54,
            "eps_avg_yearly": 5.67,
            "eps_latest_yearly": 2.96,
            "eps_growth_yearly": 112.46
        },
        "20232": {
            "year_quarter": 20232,
            "year": 2023,
            "quarter": 2,
            "eps": 0.38,
            "eps_growth_year": -84.43,
            "eps_4q": 3.09,
            "eps_4q_growth_year": -65.03,
            "roe": 0.88,
            "roe_4q": 6.07,
            "gross_profit": 219074,
            "gross_margin": 25.24,
            "gross_margin_4q_avg": 26.8,
            "net_income": 61037,
            "net_income_4q": null,
            "revenue": 868001,
            "revenue_4q": null,
            "common_shares": 1284980,
            "book_valuer_per_share": 49.6,
            "book_valuer_per_share_4q_avg": 52.42,
            "equity": 6607511,
            "current_ratio": 325.61,
            "debt_ratio": 21.77,
            "inventory_turnover_ratio": 0.68,
            "account_receivable_turnover_ratio": 0.96,
            "reinvestment_rate": 16.35,
            "research_to_sale_ratio": 9.13,
            "price_fair": 198.36,
            "eps_avg_yearly": 5.67,
            "eps_latest_yearly": 1.52,
            "eps_growth_yearly": 96.73
        },
        "20233": {
            "year_quarter": 20233,
            "year": 2023,
            "quarter": 3,
            "eps": 1.39,
            "eps_growth_year": -6.71,
            "eps_4q": 2.98,
            "eps_4q_growth_year": -61.36,
            "roe": 2.51,
            "roe_4q": 5.709999999999999,
            "gross_profit": 219181,
            "gross_margin": 26.61,
            "gross_margin_4q_avg": 26.1,
            "net_income": 168027,
            "net_income_4q": null,
            "revenue": 823560,
            "revenue_4q": null,
            "common_shares": 1284980,
            "book_valuer_per_share": 50.96,
            "book_valuer_per_share_4q_avg": 52.06,
            "equity": 6780806,
            "current_ratio": 501.38,
            "debt_ratio": 15.68,
            "inventory_turnover_ratio": 0.59,
            "account_receivable_turnover_ratio": 0.84,
            "reinvestment_rate": 11.93,
            "research_to_sale_ratio": 9.33,
            "price_fair": 199.33,
            "eps_avg_yearly": 5.7,
            "eps_latest_yearly": 5.56,
            "eps_growth_yearly": 108.18
        }
    },
    "months": {
        "2003-09": {
            "month": "2003-09",
            "price": "65.12",
            "revenue": 80990
        },
        "2003-10": {
            "month": "2003-10",
            "price": "61.08",
            "revenue": 73235
        },
        "2003-11": {
            "month": "2003-11",
            "price": "67.92",
            "revenue": 71377
        },
        "2003-12": {
            "month": "2003-12",
            "price": "77.10",
            "revenue": 71128
        },
        "2004-01": {
            "month": "2004-01",
            "price": "84.21",
            "revenue": 82206
        },
        "2004-02": {
            "month": "2004-02",
            "price": "84.62",
            "revenue": 90730
        },
        "2004-03": {
            "month": "2004-03",
            "price": "77.50",
            "revenue": 108773
        },
        "2004-04": {
            "month": "2004-04",
            "price": "104.32",
            "revenue": 111509
        },
        "2004-05": {
            "month": "2004-05",
            "price": "90.60",
            "revenue": 117235
        },
        "2004-06": {
            "month": "2004-06",
            "price": "81.14",
            "revenue": 116545
        },
        "2004-07": {
            "month": "2004-07",
            "price": "65.34",
            "revenue": 102618
        },
        "2004-08": {
            "month": "2004-08",
            "price": "68.82",
            "revenue": 89852
        },
        "2004-09": {
            "month": "2004-09",
            "price": "74.12",
            "revenue": 66081
        },
        "2004-10": {
            "month": "2004-10",
            "price": "57.25",
            "revenue": 65618
        },
        "2004-11": {
            "month": "2004-11",
            "price": "55.61",
            "revenue": 61500
        },
        "2004-12": {
            "month": "2004-12",
            "price": "56.89",
            "revenue": 78765
        },
        "2005-01": {
            "month": "2005-01",
            "price": "59.26",
            "revenue": 59635
        },
        "2005-02": {
            "month": "2005-02",
            "price": "67.15",
            "revenue": 49771
        },
        "2005-03": {
            "month": "2005-03",
            "price": "65.80",
            "revenue": 116788
        },
        "2005-04": {
            "month": "2005-04",
            "price": "64.70",
            "revenue": 78323
        },
        "2005-05": {
            "month": "2005-05",
            "price": "60.30",
            "revenue": 127149
        },
        "2005-06": {
            "month": "2005-06",
            "price": "63.20",
            "revenue": 91326
        },
        "2005-07": {
            "month": "2005-07",
            "price": "69.00",
            "revenue": 86001
        },
        "2005-08": {
            "month": "2005-08",
            "price": "55.31",
            "revenue": 89744
        },
        "2005-09": {
            "month": "2005-09",
            "price": "50.17",
            "revenue": 91071
        },
        "2005-10": {
            "month": "2005-10",
            "price": "47.42",
            "revenue": 95244
        },
        "2005-11": {
            "month": "2005-11",
            "price": "54.17",
            "revenue": 103418
        },
        "2005-12": {
            "month": "2005-12",
            "price": "68.50",
            "revenue": 102329
        },
        "2006-01": {
            "month": "2006-01",
            "price": "70.64",
            "revenue": 93299
        },
        "2006-02": {
            "month": "2006-02",
            "price": "67.76",
            "revenue": 90815
        },
        "2006-03": {
            "month": "2006-03",
            "price": "78.10",
            "revenue": 133285
        },
        "2006-04": {
            "month": "2006-04",
            "price": "85.72",
            "revenue": 120697
        },
        "2006-05": {
            "month": "2006-05",
            "price": "86.32",
            "revenue": 146328
        },
        "2006-06": {
            "month": "2006-06",
            "price": "74.75",
            "revenue": 141118
        },
        "2006-07": {
            "month": "2006-07",
            "price": "69.82",
            "revenue": 138015
        },
        "2006-08": {
            "month": "2006-08",
            "price": "69.43",
            "revenue": 155128
        },
        "2006-09": {
            "month": "2006-09",
            "price": "70.75",
            "revenue": 179567
        },
        "2006-10": {
            "month": "2006-10",
            "price": "72.20",
            "revenue": 149175
        },
        "2006-11": {
            "month": "2006-11",
            "price": "74.77",
            "revenue": 148377
        },
        "2006-12": {
            "month": "2006-12",
            "price": "80.18",
            "revenue": 141789
        },
        "2007-01": {
            "month": "2007-01",
            "price": "89.15",
            "revenue": 124882
        },
        "2007-02": {
            "month": "2007-02",
            "price": "99.30",
            "revenue": 106716
        },
        "2007-03": {
            "month": "2007-03",
            "price": "106.40",
            "revenue": 130782
        },
        "2007-04": {
            "month": "2007-04",
            "price": "102.38",
            "revenue": 126092
        },
        "2007-05": {
            "month": "2007-05",
            "price": "93.59",
            "revenue": 135836
        },
        "2007-06": {
            "month": "2007-06",
            "price": "104.23",
            "revenue": 130976
        },
        "2007-07": {
            "month": "2007-07",
            "price": "125.07",
            "revenue": 158119
        },
        "2007-08": {
            "month": "2007-08",
            "price": "116.15",
            "revenue": 180084
        },
        "2007-09": {
            "month": "2007-09",
            "price": "114.91",
            "revenue": 173657
        },
        "2007-10": {
            "month": "2007-10",
            "price": "98.36",
            "revenue": 194881
        },
        "2007-11": {
            "month": "2007-11",
            "price": "84.79",
            "revenue": 207907
        },
        "2007-12": {
            "month": "2007-12",
            "price": "83.70",
            "revenue": 187428
        },
        "2008-01": {
            "month": "2008-01",
            "price": "76.45",
            "revenue": 149781
        },
        "2008-02": {
            "month": "2008-02",
            "price": "70.52",
            "revenue": 139564
        },
        "2008-03": {
            "month": "2008-03",
            "price": "72.80",
            "revenue": 179447
        },
        "2008-04": {
            "month": "2008-04",
            "price": "87.73",
            "revenue": 196586
        },
        "2008-05": {
            "month": "2008-05",
            "price": "97.77",
            "revenue": 235430
        },
        "2008-06": {
            "month": "2008-06",
            "price": "91.35",
            "revenue": 178513
        },
        "2008-07": {
            "month": "2008-07",
            "price": "83.90",
            "revenue": 189048
        },
        "2008-08": {
            "month": "2008-08",
            "price": "79.38",
            "revenue": 194737
        },
        "2008-09": {
            "month": "2008-09",
            "price": "66.78",
            "revenue": 207516
        },
        "2008-10": {
            "month": "2008-10",
            "price": "55.23",
            "revenue": 178719
        },
        "2008-11": {
            "month": "2008-11",
            "price": "41.78",
            "revenue": 122802
        },
        "2008-12": {
            "month": "2008-12",
            "price": "34.38",
            "revenue": 82470
        },
        "2009-01": {
            "month": "2009-01",
            "price": "32.48",
            "revenue": 56012
        },
        "2009-02": {
            "month": "2009-02",
            "price": "37.36",
            "revenue": 79256
        },
        "2009-03": {
            "month": "2009-03",
            "price": "44.73",
            "revenue": 115744
        },
        "2009-04": {
            "month": "2009-04",
            "price": "50.50",
            "revenue": 131912
        },
        "2009-05": {
            "month": "2009-05",
            "price": "56.88",
            "revenue": 152880
        },
        "2009-06": {
            "month": "2009-06",
            "price": "55.51",
            "revenue": 188374
        },
        "2009-07": {
            "month": "2009-07",
            "price": "60.80",
            "revenue": 179366
        },
        "2009-08": {
            "month": "2009-08",
            "price": "61.81",
            "revenue": 183133
        },
        "2009-09": {
            "month": "2009-09",
            "price": "72.46",
            "revenue": 274094
        },
        "2009-10": {
            "month": "2009-10",
            "price": "78.16",
            "revenue": 249354
        },
        "2009-11": {
            "month": "2009-11",
            "price": "73.56",
            "revenue": 174316
        },
        "2009-12": {
            "month": "2009-12",
            "price": "78.11",
            "revenue": 200714
        },
        "2010-01": {
            "month": "2010-01",
            "price": "76.58",
            "revenue": 183504
        },
        "2010-02": {
            "month": "2010-02",
            "price": "68.91",
            "revenue": 172983
        },
        "2010-03": {
            "month": "2010-03",
            "price": "74.32",
            "revenue": 226153
        },
        "2010-04": {
            "month": "2010-04",
            "price": "78.38",
            "revenue": 226443
        },
        "2010-05": {
            "month": "2010-05",
            "price": "73.97",
            "revenue": 242576
        },
        "2010-06": {
            "month": "2010-06",
            "price": "71.06",
            "revenue": 274045
        },
        "2010-07": {
            "month": "2010-07",
            "price": "75.89",
            "revenue": 275422
        },
        "2010-08": {
            "month": "2010-08",
            "price": "73.80",
            "revenue": 298775
        },
        "2010-09": {
            "month": "2010-09",
            "price": "82.63",
            "revenue": 288552
        },
        "2010-10": {
            "month": "2010-10",
            "price": "83.95",
            "revenue": 269751
        },
        "2010-11": {
            "month": "2010-11",
            "price": "80.32",
            "revenue": 257312
        },
        "2010-12": {
            "month": "2010-12",
            "price": "84.20",
            "revenue": 233261
        },
        "2011-01": {
            "month": "2011-01",
            "price": "84.45",
            "revenue": 209741
        },
        "2011-02": {
            "month": "2011-02",
            "price": "85.79",
            "revenue": 223404
        },
        "2011-03": {
            "month": "2011-03",
            "price": "92.55",
            "revenue": 305271
        },
        "2011-04": {
            "month": "2011-04",
            "price": "97.47",
            "revenue": 274414
        },
        "2011-05": {
            "month": "2011-05",
            "price": "112.64",
            "revenue": 286889
        },
        "2011-06": {
            "month": "2011-06",
            "price": "104.04",
            "revenue": 250372
        },
        "2011-07": {
            "month": "2011-07",
            "price": "92.17",
            "revenue": 261800
        },
        "2011-08": {
            "month": "2011-08",
            "price": "71.46",
            "revenue": 223126
        },
        "2011-09": {
            "month": "2011-09",
            "price": "67.21",
            "revenue": 196323
        },
        "2011-10": {
            "month": "2011-10",
            "price": "67.76",
            "revenue": 195986
        },
        "2011-11": {
            "month": "2011-11",
            "price": "68.31",
            "revenue": 186312
        },
        "2011-12": {
            "month": "2011-12",
            "price": "57.70",
            "revenue": 178488
        },
        "2012-01": {
            "month": "2012-01",
            "price": "58.20",
            "revenue": 174200
        },
        "2012-02": {
            "month": "2012-02",
            "price": "76.55",
            "revenue": 204241
        },
        "2012-03": {
            "month": "2012-03",
            "price": "83.91",
            "revenue": 250809
        },
        "2012-04": {
            "month": "2012-04",
            "price": "80.92",
            "revenue": 260143
        },
        "2012-05": {
            "month": "2012-05",
            "price": "80.56",
            "revenue": 328400
        },
        "2012-06": {
            "month": "2012-06",
            "price": "79.69",
            "revenue": 294248
        },
        "2012-07": {
            "month": "2012-07",
            "price": "76.59",
            "revenue": 301154
        },
        "2012-08": {
            "month": "2012-08",
            "price": "73.52",
            "revenue": 253155
        },
        "2012-09": {
            "month": "2012-09",
            "price": "71.40",
            "revenue": 259524
        },
        "2012-10": {
            "month": "2012-10",
            "price": "66.80",
            "revenue": 275995
        },
        "2012-11": {
            "month": "2012-11",
            "price": "61.29",
            "revenue": 225034
        },
        "2012-12": {
            "month": "2012-12",
            "price": "64.91",
            "revenue": 209076
        },
        "2013-01": {
            "month": "2013-01",
            "price": "66.59",
            "revenue": 295724
        },
        "2013-02": {
            "month": "2013-02",
            "price": "69.58",
            "revenue": 269322
        },
        "2013-03": {
            "month": "2013-03",
            "price": "75.26",
            "revenue": 333157
        },
        "2013-04": {
            "month": "2013-04",
            "price": "74.40",
            "revenue": 354923
        },
        "2013-05": {
            "month": "2013-05",
            "price": "72.00",
            "revenue": 329201
        },
        "2013-06": {
            "month": "2013-06",
            "price": "67.88",
            "revenue": 303200
        },
        "2013-07": {
            "month": "2013-07",
            "price": "65.81",
            "revenue": 317121
        },
        "2013-08": {
            "month": "2013-08",
            "price": "63.92",
            "revenue": 290519
        },
        "2013-09": {
            "month": "2013-09",
            "price": "60.12",
            "revenue": 314162
        },
        "2013-10": {
            "month": "2013-10",
            "price": "59.73",
            "revenue": 282959
        },
        "2013-11": {
            "month": "2013-11",
            "price": "55.08",
            "revenue": 248507
        },
        "2013-12": {
            "month": "2013-12",
            "price": "58.65",
            "revenue": 306303
        },
        "2014-01": {
            "month": "2014-01",
            "price": "64.23",
            "revenue": 236332
        },
        "2014-02": {
            "month": "2014-02",
            "price": "63.41",
            "revenue": 263849
        },
        "2014-03": {
            "month": "2014-03",
            "price": "65.88",
            "revenue": 358378
        },
        "2014-04": {
            "month": "2014-04",
            "price": "66.47",
            "revenue": 330634
        },
        "2014-05": {
            "month": "2014-05",
            "price": "62.79",
            "revenue": 385422
        },
        "2014-06": {
            "month": "2014-06",
            "price": "64.61",
            "revenue": 379764
        },
        "2014-07": {
            "month": "2014-07",
            "price": "65.60",
            "revenue": 386149
        },
        "2014-08": {
            "month": "2014-08",
            "price": "65.80",
            "revenue": 389474
        },
        "2014-09": {
            "month": "2014-09",
            "price": "62.30",
            "revenue": 372114
        },
        "2014-10": {
            "month": "2014-10",
            "price": "59.15",
            "revenue": 341189
        },
        "2014-11": {
            "month": "2014-11",
            "price": "60.24",
            "revenue": 294073
        },
        "2014-12": {
            "month": "2014-12",
            "price": "61.35",
            "revenue": 318542
        },
        "2015-01": {
            "month": "2015-01",
            "price": "62.41",
            "revenue": 326195
        },
        "2015-02": {
            "month": "2015-02",
            "price": "64.75",
            "revenue": 262140
        },
        "2015-03": {
            "month": "2015-03",
            "price": "67.45",
            "revenue": 372819
        },
        "2015-04": {
            "month": "2015-04",
            "price": "66.99",
            "revenue": 284896
        },
        "2015-05": {
            "month": "2015-05",
            "price": "64.20",
            "revenue": 337338
        },
        "2015-06": {
            "month": "2015-06",
            "price": "59.26",
            "revenue": 318583
        },
        "2015-07": {
            "month": "2015-07",
            "price": "54.47",
            "revenue": 290761
        },
        "2015-08": {
            "month": "2015-08",
            "price": "48.69",
            "revenue": 320816
        },
        "2015-09": {
            "month": "2015-09",
            "price": "44.93",
            "revenue": 296012
        },
        "2015-10": {
            "month": "2015-10",
            "price": "46.77",
            "revenue": 307626
        },
        "2015-11": {
            "month": "2015-11",
            "price": "45.32",
            "revenue": 295503
        },
        "2015-12": {
            "month": "2015-12",
            "price": "46.65",
            "revenue": 302115
        },
        "2016-01": {
            "month": "2016-01",
            "price": "47.07",
            "revenue": 305475
        },
        "2016-02": {
            "month": "2016-02",
            "price": "47.70",
            "revenue": 273731
        },
        "2016-03": {
            "month": "2016-03",
            "price": "48.87",
            "revenue": 330029
        },
        "2016-04": {
            "month": "2016-04",
            "price": "46.38",
            "revenue": 297848
        },
        "2016-05": {
            "month": "2016-05",
            "price": "45.70",
            "revenue": 332091
        },
        "2016-06": {
            "month": "2016-06",
            "price": "46.93",
            "revenue": 301297
        },
        "2016-07": {
            "month": "2016-07",
            "price": "49.81",
            "revenue": 288167
        },
        "2016-08": {
            "month": "2016-08",
            "price": "50.15",
            "revenue": 323775
        },
        "2016-09": {
            "month": "2016-09",
            "price": "47.91",
            "revenue": 300973
        },
        "2016-10": {
            "month": "2016-10",
            "price": "46.42",
            "revenue": 312855
        },
        "2016-11": {
            "month": "2016-11",
            "price": "44.79",
            "revenue": 300971
        },
        "2016-12": {
            "month": "2016-12",
            "price": "46.99",
            "revenue": 262244
        },
        "2017-01": {
            "month": "2017-01",
            "price": "45.81",
            "revenue": 237811
        },
        "2017-02": {
            "month": "2017-02",
            "price": "46.17",
            "revenue": 250555
        },
        "2017-03": {
            "month": "2017-03",
            "price": "46.05",
            "revenue": 288530
        },
        "2017-04": {
            "month": "2017-04",
            "price": "45.24",
            "revenue": 274653
        },
        "2017-05": {
            "month": "2017-05",
            "price": "44.67",
            "revenue": 341300
        },
        "2017-06": {
            "month": "2017-06",
            "price": "44.78",
            "revenue": 331598
        },
        "2017-07": {
            "month": "2017-07",
            "price": "46.58",
            "revenue": 337511
        },
        "2017-08": {
            "month": "2017-08",
            "price": "51.86",
            "revenue": 326268
        },
        "2017-09": {
            "month": "2017-09",
            "price": "58.24",
            "revenue": 285966
        },
        "2017-10": {
            "month": "2017-10",
            "price": "58.31",
            "revenue": 313077
        },
        "2017-11": {
            "month": "2017-11",
            "price": "58.03",
            "revenue": 321782
        },
        "2017-12": {
            "month": "2017-12",
            "price": "57.31",
            "revenue": 361892
        },
        "2018-01": {
            "month": "2018-01",
            "price": "60.38",
            "revenue": 272747
        },
        "2018-02": {
            "month": "2018-02",
            "price": "56.17",
            "revenue": 247896
        },
        "2018-03": {
            "month": "2018-03",
            "price": "56.62",
            "revenue": 286338
        },
        "2018-04": {
            "month": "2018-04",
            "price": "60.08",
            "revenue": 281077
        },
        "2018-05": {
            "month": "2018-05",
            "price": "56.95",
            "revenue": 291218
        },
        "2018-06": {
            "month": "2018-06",
            "price": "55.78",
            "revenue": 261052
        },
        "2018-07": {
            "month": "2018-07",
            "price": "52.25",
            "revenue": 298078
        },
        "2018-08": {
            "month": "2018-08",
            "price": "50.85",
            "revenue": 303917
        },
        "2018-09": {
            "month": "2018-09",
            "price": "44.45",
            "revenue": 327824
        },
        "2018-10": {
            "month": "2018-10",
            "price": "40.94",
            "revenue": 334249
        },
        "2018-11": {
            "month": "2018-11",
            "price": "39.44",
            "revenue": 302875
        },
        "2018-12": {
            "month": "2018-12",
            "price": "40.37",
            "revenue": 282528
        },
        "2019-01": {
            "month": "2019-01",
            "price": "40.51",
            "revenue": 260469
        },
        "2019-02": {
            "month": "2019-02",
            "price": "42.63",
            "revenue": 203309
        },
        "2019-03": {
            "month": "2019-03",
            "price": "44.02",
            "revenue": 249193
        },
        "2019-04": {
            "month": "2019-04",
            "price": "46.21",
            "revenue": 247644
        },
        "2019-05": {
            "month": "2019-05",
            "price": "43.22",
            "revenue": 288350
        },
        "2019-06": {
            "month": "2019-06",
            "price": "42.66",
            "revenue": 288048
        },
        "2019-07": {
            "month": "2019-07",
            "price": "44.78",
            "revenue": 235873
        },
        "2019-08": {
            "month": "2019-08",
            "price": "44.55",
            "revenue": 242756
        },
        "2019-09": {
            "month": "2019-09",
            "price": "42.37",
            "revenue": 276315
        },
        "2019-10": {
            "month": "2019-10",
            "price": "41.33",
            "revenue": 314390
        },
        "2019-11": {
            "month": "2019-11",
            "price": "42.24",
            "revenue": 348674
        },
        "2019-12": {
            "month": "2019-12",
            "price": "48.24",
            "revenue": 284990
        },
        "2020-01": {
            "month": "2020-01",
            "price": "51.41",
            "revenue": 313995
        },
        "2020-02": {
            "month": "2020-02",
            "price": "50.71",
            "revenue": 267165
        },
        "2020-03": {
            "month": "2020-03",
            "price": "44.87",
            "revenue": 340647
        },
        "2020-04": {
            "month": "2020-04",
            "price": "47.40",
            "revenue": 287604
        },
        "2020-05": {
            "month": "2020-05",
            "price": "59.05",
            "revenue": 275914
        },
        "2020-06": {
            "month": "2020-06",
            "price": "62.16",
            "revenue": 264096
        },
        "2020-07": {
            "month": "2020-07",
            "price": "65.96",
            "revenue": 284633
        },
        "2020-08": {
            "month": "2020-08",
            "price": "63.08",
            "revenue": 260571
        },
        "2020-09": {
            "month": "2020-09",
            "price": "56.21",
            "revenue": 261086
        },
        "2020-10": {
            "month": "2020-10",
            "price": "53.19",
            "revenue": 294260
        },
        "2020-11": {
            "month": "2020-11",
            "price": "56.22",
            "revenue": 313373
        },
        "2020-12": {
            "month": "2020-12",
            "price": "60.99",
            "revenue": 338749
        },
        "2021-01": {
            "month": "2021-01",
            "price": "63.26",
            "revenue": 327493
        },
        "2021-02": {
            "month": "2021-02",
            "price": "62.25",
            "revenue": 355307
        },
        "2021-03": {
            "month": "2021-03",
            "price": "64.59",
            "revenue": 461723
        },
        "2021-04": {
            "month": "2021-04",
            "price": "75.32",
            "revenue": 508500
        },
        "2021-05": {
            "month": "2021-05",
            "price": "76.57",
            "revenue": 461820
        },
        "2021-06": {
            "month": "2021-06",
            "price": "82.26",
            "revenue": 467125
        },
        "2021-07": {
            "month": "2021-07",
            "price": "93.17",
            "revenue": 493273
        },
        "2021-08": {
            "month": "2021-08",
            "price": "90.65",
            "revenue": 439426
        },
        "2021-09": {
            "month": "2021-09",
            "price": "81.27",
            "revenue": 470253
        },
        "2021-10": {
            "month": "2021-10",
            "price": "80.16",
            "revenue": 436908
        },
        "2021-11": {
            "month": "2021-11",
            "price": "87.65",
            "revenue": 393114
        },
        "2021-12": {
            "month": "2021-12",
            "price": "83.47",
            "revenue": 408042
        },
        "2022-01": {
            "month": "2022-01",
            "price": "84.87",
            "revenue": 379086
        },
        "2022-02": {
            "month": "2022-02",
            "price": "83.50",
            "revenue": 422806
        },
        "2022-03": {
            "month": "2022-03",
            "price": "81.34",
            "revenue": 496190
        },
        "2022-04": {
            "month": "2022-04",
            "price": "77.19",
            "revenue": 435338
        },
        "2022-05": {
            "month": "2022-05",
            "price": "74.37",
            "revenue": 426722
        },
        "2022-06": {
            "month": "2022-06",
            "price": "71.62",
            "revenue": 455632
        },
        "2022-07": {
            "month": "2022-07",
            "price": "65.41",
            "revenue": 379044
        },
        "2022-08": {
            "month": "2022-08",
            "price": "68.57",
            "revenue": 338905
        },
        "2022-09": {
            "month": "2022-09",
            "price": "62.05",
            "revenue": 335600
        },
        "2022-10": {
            "month": "2022-10",
            "price": "55.55",
            "revenue": 320174
        },
        "2022-11": {
            "month": "2022-11",
            "price": "59.83",
            "revenue": 275827
        },
        "2022-12": {
            "month": "2022-12",
            "price": "59.17",
            "revenue": 334524
        },
        "2023-01": {
            "month": "2023-01",
            "price": "58.92",
            "revenue": 313829
        },
        "2023-02": {
            "month": "2023-02",
            "price": "62.40",
            "revenue": 255973
        },
        "2023-03": {
            "month": "2023-03",
            "price": "66.30",
            "revenue": 274793
        },
        "2023-04": {
            "month": "2023-04",
            "price": "66.36",
            "revenue": 290159
        },
        "2023-05": {
            "month": "2023-05",
            "price": "65.09",
            "revenue": 291304
        },
        "2023-06": {
            "month": "2023-06",
            "price": "66.64",
            "revenue": 288505
        },
        "2023-07": {
            "month": "2023-07",
            "price": "67.75",
            "revenue": 284706
        },
        "2023-08": {
            "month": "2023-08",
            "price": "62.80",
            "revenue": 243205
        },
        "2023-09": {
            "month": "2023-09",
            "price": "56.85",
            "revenue": 294524
        },
        "2023-10": {
            "month": "2023-10",
            "price": "57.91",
            "revenue": 287452
        },
        "2023-11": {
            "month": "2023-11",
            "price": "58.88",
            "revenue": 362330
        }
    }
}
