{
    "summary": {
        "stock_name": "普萊德",
        "stock_id": "6263",
        "category": "通信網路",
        "main_business": "自有品牌網路通訊設備製造商，主要銷售有交換器、寬頻網路、<br>光纖網路、監控、語音、無線網路、路由器及工業網路等。",
        "website_url": "http://www.planet.com.tw",
        "ceo": "陳清港",
        "pe_ratio": 15,
        "report_year_from": 2002,
        "report_year_to": 2023,
        "age": 21,
        "eps_negative_percentage": 0,
        "eps_growth_avg": {
            "last_all": 2.69,
            "last_2y": 13.8,
            "last_4y": 8.78,
            "last_8y": 9.93,
            "last_12y": 11.44,
            "last_16y": 3.99,
            "last_20y": null,
            "at_2006_last_3y": -9.26,
            "at_2007_last_3y": -11.4,
            "at_2008_last_3y": -16.41,
            "at_2009_last_3y": -20.21,
            "at_2010_last_3y": -20.58,
            "at_2011_last_3y": -21.8,
            "at_2012_last_3y": 4.77,
            "at_2013_last_3y": 14.86,
            "at_2014_last_3y": 27.34,
            "at_2015_last_3y": 32.19,
            "at_2016_last_3y": 14.05,
            "at_2017_last_3y": 11.35,
            "at_2018_last_3y": 4.58,
            "at_2019_last_3y": 3.95,
            "at_2020_last_3y": 0.1,
            "at_2021_last_3y": 1.93,
            "at_2022_last_3y": 11.39,
            "at_2023_last_3y": 11.39,
            "at_2006_last_all": -9.26,
            "at_2007_last_all": -8.98,
            "at_2008_last_all": -12.83,
            "at_2009_last_all": -13.56,
            "at_2010_last_all": -14.92,
            "at_2011_last_all": -14.68,
            "at_2012_last_all": -5.79,
            "at_2013_last_all": -3.23,
            "at_2014_last_all": -0.83,
            "at_2015_last_all": -0.26,
            "at_2016_last_all": -0.12,
            "at_2017_last_all": 0.66,
            "at_2018_last_all": 0.52,
            "at_2019_last_all": 0.73,
            "at_2020_last_all": -0.07,
            "at_2021_last_all": 0.93,
            "at_2022_last_all": 2.69,
            "at_2023_last_all": 2.69
        },
        "latest_eps": 8.12,
        "latest_price": 121.5,
        "latest_roe": 37.49,
        "latest_gross_margin": 45.19,
        "latest_equity": 1408879,
        "latest_revenue": 501150,
        "latest_gross_profit": 226464,
        "latest_net_income": 144876,
        "latest_debt_ratio": 36.05,
        "latest_current_ratio": 275.38,
        "latest_account_receivable_turnover_ratio": 4.75,
        "latest_inventory_turnover_ratio": 1.04,
        "latest_reinvestment_rate": 0.31,
        "latest_research_to_sale_ratio": 4.96
    },
    "eps_dividends": {
        "2001": {
            "cash": 0,
            "stock": 3,
            "eps": 0
        },
        "2002": {
            "cash": 0,
            "stock": 4.8,
            "eps": 6.72
        },
        "2003": {
            "cash": 2,
            "stock": 2.7,
            "eps": 6.77
        },
        "2004": {
            "cash": 2.8,
            "stock": 2,
            "eps": 5.95
        },
        "2005": {
            "cash": 2.7,
            "stock": 1.8,
            "eps": 5.79
        },
        "2006": {
            "cash": 2.9,
            "stock": 1.3,
            "eps": 4.46
        },
        "2007": {
            "cash": 2.8,
            "stock": 0.8,
            "eps": 4.11
        },
        "2008": {
            "cash": 2.8,
            "stock": 0.5,
            "eps": 2.79
        },
        "2009": {
            "cash": 2,
            "stock": 0.3,
            "eps": 2.29
        },
        "2010": {
            "cash": 1.7,
            "stock": 0.3,
            "eps": 1.73
        },
        "2011": {
            "cash": 1.5,
            "stock": 0,
            "eps": 1.51
        },
        "2012": {
            "cash": 1.4,
            "stock": 0,
            "eps": 2.63
        },
        "2013": {
            "cash": 2.1,
            "stock": 0.2,
            "eps": 3.22
        },
        "2014": {
            "cash": 2.6,
            "stock": 0.2,
            "eps": 4.04
        },
        "2015": {
            "cash": 3.3,
            "stock": 0.2,
            "eps": 4.31
        },
        "2016": {
            "cash": 3.8,
            "stock": 0,
            "eps": 4.38
        },
        "2017": {
            "cash": 3.9,
            "stock": 0,
            "eps": 4.89
        },
        "2018": {
            "cash": 4.3,
            "stock": 0,
            "eps": 4.81
        },
        "2019": {
            "cash": 4.3,
            "stock": 0,
            "eps": 5.01
        },
        "2020": {
            "cash": 4.5,
            "stock": 0,
            "eps": 4.32
        },
        "2021": {
            "cash": 4,
            "stock": 0,
            "eps": 5.14
        },
        "2022": {
            "cash": 4.7,
            "stock": 0,
            "eps": 7
        },
        "2023": {
            "cash": 6.4,
            "stock": 0,
            "eps": 4.13
        }
    },
    "dividends": {
        "2001-04-02": {
            "cash": 0,
            "stock": 3
        },
        "2002-04-24": {
            "cash": 0,
            "stock": 4.8
        },
        "2003-05-27": {
            "cash": 2,
            "stock": 2.7
        },
        "2004-03-03": {
            "cash": 2.8,
            "stock": 2
        },
        "2005-03-29": {
            "cash": 2.7,
            "stock": 1.8
        },
        "2006-03-24": {
            "cash": 2.9,
            "stock": 1.3
        },
        "2007-04-27": {
            "cash": 2.8,
            "stock": 0.8
        },
        "2008-04-25": {
            "cash": 2.8,
            "stock": 0.5
        },
        "2009-04-29": {
            "cash": 2,
            "stock": 0.3
        },
        "2010-04-27": {
            "cash": 1.7,
            "stock": 0.3
        },
        "2011-06-10": {
            "cash": 1.5,
            "stock": 0
        },
        "2012-06-12": {
            "cash": 1.4,
            "stock": 0
        },
        "2013-06-11": {
            "cash": 2.1,
            "stock": 0.2
        },
        "2014-09-24": {
            "cash": 2.6,
            "stock": 0.2
        },
        "2015-09-16": {
            "cash": 3.3,
            "stock": 0.2
        },
        "2016-09-06": {
            "cash": 3.8,
            "stock": 0
        },
        "2017-09-05": {
            "cash": 3.9,
            "stock": 0
        },
        "2018-09-05": {
            "cash": 4.3,
            "stock": 0
        },
        "2019-09-05": {
            "cash": 4.3,
            "stock": 0
        },
        "2020-09-04": {
            "cash": 4.5,
            "stock": 0
        },
        "2021-09-03": {
            "cash": 4,
            "stock": 0
        },
        "2022-08-26": {
            "cash": 4.7,
            "stock": 0
        },
        "2023-08-25": {
            "cash": 6.4,
            "stock": 0
        }
    },
    "prices": {
        "200101": "無",
        "200102": "無",
        "200103": "無",
        "200104": "無",
        "200105": "無",
        "200106": "無",
        "200107": "無",
        "200108": "無",
        "200109": "無",
        "200110": "無",
        "200111": "無",
        "200112": "無",
        "200201": "無",
        "200202": "無",
        "200203": "無",
        "200204": "無",
        "200205": "無",
        "200206": "無",
        "200207": "無",
        "200208": "無",
        "200209": "無",
        "200210": "無",
        "200211": "無",
        "200212": "無",
        "200301": "無",
        "200302": "無",
        "200303": "無",
        "200304": "無",
        "200305": "無",
        "200306": "無",
        "200307": "無",
        "200308": "無",
        "200309": "79.35",
        "200310": "78.27",
        "200311": "77.50",
        "200312": "81.35",
        "200401": "83.40",
        "200402": "91.80",
        "200403": "85.70",
        "200404": "83.11",
        "200405": "71.05",
        "200406": "76.67",
        "200407": "71.95",
        "200408": "66.95",
        "200409": "70.71",
        "200410": "67.92",
        "200411": "67.57",
        "200412": "68.63",
        "200501": "61.19",
        "200502": "62.00",
        "200503": "66.56",
        "200504": "66.02",
        "200505": "63.99",
        "200506": "65.07",
        "200507": "65.44",
        "200508": "52.85",
        "200509": "49.97",
        "200510": "48.16",
        "200511": "46.15",
        "200512": "48.09",
        "200601": "49.51",
        "200602": "47.18",
        "200603": "48.41",
        "200604": "53.44",
        "200605": "51.73",
        "200606": "45.34",
        "200607": "43.61",
        "200608": "36.23",
        "200609": "35.55",
        "200610": "36.81",
        "200611": "43.26",
        "200612": "48.95",
        "200701": "52.02",
        "200702": "48.68",
        "200703": "61.47",
        "200704": "62.62",
        "200705": "71.51",
        "200706": "77.28",
        "200707": "79.52",
        "200708": "68.03",
        "200709": "64.24",
        "200710": "57.97",
        "200711": "47.21",
        "200712": "43.24",
        "200801": "37.80",
        "200802": "37.80",
        "200803": "39.65",
        "200804": "43.44",
        "200805": "44.07",
        "200806": "38.77",
        "200807": "34.30",
        "200808": "34.09",
        "200809": "26.97",
        "200810": "21.76",
        "200811": "19.46",
        "200812": "18.56",
        "200901": "19.06",
        "200902": "18.36",
        "200903": "23.39",
        "200904": "25.42",
        "200905": "28.38",
        "200906": "27.38",
        "200907": "28.65",
        "200908": "28.56",
        "200909": "28.98",
        "200910": "32.77",
        "200911": "32.61",
        "200912": "35.16",
        "201001": "35.23",
        "201002": "33.73",
        "201003": "35.08",
        "201004": "35.34",
        "201005": "31.16",
        "201006": "30.32",
        "201007": "32.18",
        "201008": "32.85",
        "201009": "29.61",
        "201010": "30.25",
        "201011": "29.46",
        "201012": "31.54",
        "201101": "29.63",
        "201102": "28.46",
        "201103": "27.85",
        "201104": "27.52",
        "201105": "26.40",
        "201106": "25.59",
        "201107": "23.75",
        "201108": "20.68",
        "201109": "18.84",
        "201110": "17.89",
        "201111": "17.65",
        "201112": "16.90",
        "201201": "18.04",
        "201202": "21.24",
        "201203": "23.35",
        "201204": "22.24",
        "201205": "23.74",
        "201206": "24.45",
        "201207": "26.47",
        "201208": "25.91",
        "201209": "26.56",
        "201210": "25.06",
        "201211": "23.94",
        "201212": "24.88",
        "201301": "26.44",
        "201302": "26.23",
        "201303": "26.45",
        "201304": "30.15",
        "201305": "31.68",
        "201306": "31.42",
        "201307": "32.49",
        "201308": "34.08",
        "201309": "34.40",
        "201310": "33.88",
        "201311": "33.52",
        "201312": "36.52",
        "201401": "40.68",
        "201402": "45.69",
        "201403": "48.56",
        "201404": "51.20",
        "201405": "49.51",
        "201406": "47.68",
        "201407": "48.83",
        "201408": "47.52",
        "201409": "43.52",
        "201410": "40.85",
        "201411": "40.99",
        "201412": "42.50",
        "201501": "45.97",
        "201502": "46.31",
        "201503": "45.84",
        "201504": "49.39",
        "201505": "59.88",
        "201506": "56.48",
        "201507": "49.52",
        "201508": "41.48",
        "201509": "40.97",
        "201510": "44.48",
        "201511": "46.99",
        "201512": "44.53",
        "201601": "40.80",
        "201602": "42.87",
        "201603": "46.71",
        "201604": "46.64",
        "201605": "45.36",
        "201606": "46.86",
        "201607": "50.34",
        "201608": "48.68",
        "201609": "47.23",
        "201610": "46.23",
        "201611": "45.09",
        "201612": "46.65",
        "201701": "47.63",
        "201702": "49.66",
        "201703": "52.39",
        "201704": "52.88",
        "201705": "54.64",
        "201706": "55.00",
        "201707": "55.17",
        "201708": "54.76",
        "201709": "54.85",
        "201710": "55.62",
        "201711": "59.86",
        "201712": "61.13",
        "201801": "63.79",
        "201802": "60.49",
        "201803": "61.43",
        "201804": "61.67",
        "201805": "61.73",
        "201806": "62.71",
        "201807": "62.23",
        "201808": "59.35",
        "201809": "57.81",
        "201810": "55.39",
        "201811": "54.60",
        "201812": "56.62",
        "201901": "57.74",
        "201902": "60.55",
        "201903": "61.48",
        "201904": "63.00",
        "201905": "64.57",
        "201906": "63.98",
        "201907": "65.60",
        "201908": "65.04",
        "201909": "65.46",
        "201910": "64.38",
        "201911": "65.34",
        "201912": "64.91",
        "202001": "64.90",
        "202002": "63.74",
        "202003": "59.18",
        "202004": "60.34",
        "202005": "63.16",
        "202006": "65.27",
        "202007": "68.57",
        "202008": "63.98",
        "202009": "62.11",
        "202010": "61.70",
        "202011": "61.80",
        "202012": "62.69",
        "202101": "61.62",
        "202102": "61.93",
        "202103": "63.28",
        "202104": "65.58",
        "202105": "64.10",
        "202106": "66.70",
        "202107": "67.45",
        "202108": "65.16",
        "202109": "65.04",
        "202110": "65.85",
        "202111": "67.97",
        "202112": "68.76",
        "202201": "70.52",
        "202202": "72.93",
        "202203": "73.03",
        "202204": "74.50",
        "202205": "75.15",
        "202206": "75.97",
        "202207": "75.51",
        "202208": "78.55",
        "202209": "77.31",
        "202210": "73.94",
        "202211": "77.82",
        "202212": "85.80",
        "202301": "89.92",
        "202302": "88.63",
        "202303": "102.76",
        "202304": "121.26",
        "202305": "118.11",
        "202306": "123.45",
        "202307": "134.74",
        "202308": "125.09",
        "202309": "124.78",
        "202310": "122.39"
    },
    "quarters": {
        "20011": {
            "year_quarter": 20011,
            "year": 2001,
            "quarter": 1,
            "eps": null,
            "eps_growth_year": null,
            "eps_4q": null,
            "eps_4q_growth_year": null,
            "roe": null,
            "roe_4q": 0,
            "gross_profit": null,
            "gross_margin": null,
            "gross_margin_4q_avg": 0,
            "net_income": null,
            "net_income_4q": null,
            "revenue": null,
            "revenue_4q": null,
            "common_shares": null,
            "book_valuer_per_share": null,
            "book_valuer_per_share_4q_avg": 0,
            "equity": null,
            "current_ratio": null,
            "debt_ratio": null,
            "inventory_turnover_ratio": null,
            "account_receivable_turnover_ratio": null,
            "reinvestment_rate": null,
            "research_to_sale_ratio": null,
            "price_fair": 0,
            "eps_avg_yearly": 0,
            "eps_latest_yearly": 0,
            "eps_growth_yearly": 0
        },
        "20012": {
            "year_quarter": 20012,
            "year": 2001,
            "quarter": 2,
            "eps": null,
            "eps_growth_year": null,
            "eps_4q": null,
            "eps_4q_growth_year": null,
            "roe": null,
            "roe_4q": 0,
            "gross_profit": null,
            "gross_margin": null,
            "gross_margin_4q_avg": 0,
            "net_income": null,
            "net_income_4q": null,
            "revenue": null,
            "revenue_4q": null,
            "common_shares": null,
            "book_valuer_per_share": null,
            "book_valuer_per_share_4q_avg": 0,
            "equity": null,
            "current_ratio": null,
            "debt_ratio": null,
            "inventory_turnover_ratio": null,
            "account_receivable_turnover_ratio": null,
            "reinvestment_rate": null,
            "research_to_sale_ratio": null,
            "price_fair": 0,
            "eps_avg_yearly": 0,
            "eps_latest_yearly": 0,
            "eps_growth_yearly": 0
        },
        "20013": {
            "year_quarter": 20013,
            "year": 2001,
            "quarter": 3,
            "eps": null,
            "eps_growth_year": null,
            "eps_4q": null,
            "eps_4q_growth_year": null,
            "roe": null,
            "roe_4q": 0,
            "gross_profit": null,
            "gross_margin": null,
            "gross_margin_4q_avg": 0,
            "net_income": null,
            "net_income_4q": null,
            "revenue": null,
            "revenue_4q": null,
            "common_shares": null,
            "book_valuer_per_share": null,
            "book_valuer_per_share_4q_avg": 0,
            "equity": null,
            "current_ratio": null,
            "debt_ratio": null,
            "inventory_turnover_ratio": null,
            "account_receivable_turnover_ratio": null,
            "reinvestment_rate": null,
            "research_to_sale_ratio": null,
            "price_fair": 0,
            "eps_avg_yearly": 0,
            "eps_latest_yearly": 0,
            "eps_growth_yearly": 0
        },
        "20014": {
            "year_quarter": 20014,
            "year": 2001,
            "quarter": 4,
            "eps": null,
            "eps_growth_year": null,
            "eps_4q": null,
            "eps_4q_growth_year": null,
            "roe": null,
            "roe_4q": 0,
            "gross_profit": null,
            "gross_margin": null,
            "gross_margin_4q_avg": 0,
            "net_income": null,
            "net_income_4q": null,
            "revenue": null,
            "revenue_4q": null,
            "common_shares": 143400,
            "book_valuer_per_share": 16.16,
            "book_valuer_per_share_4q_avg": 4.04,
            "equity": 231730,
            "current_ratio": 316.13,
            "debt_ratio": 30.28,
            "inventory_turnover_ratio": null,
            "account_receivable_turnover_ratio": null,
            "reinvestment_rate": null,
            "research_to_sale_ratio": null,
            "price_fair": 0,
            "eps_avg_yearly": 0,
            "eps_latest_yearly": 0,
            "eps_growth_yearly": 0
        },
        "20021": {
            "year_quarter": 20021,
            "year": 2002,
            "quarter": 1,
            "eps": 1.81,
            "eps_growth_year": null,
            "eps_4q": null,
            "eps_4q_growth_year": null,
            "roe": 10.61,
            "roe_4q": 10.61,
            "gross_profit": 43534,
            "gross_margin": 22.47,
            "gross_margin_4q_avg": 5.62,
            "net_income": 25952,
            "net_income_4q": null,
            "revenue": 193767,
            "revenue_4q": null,
            "common_shares": 143400,
            "book_valuer_per_share": 17.97,
            "book_valuer_per_share_4q_avg": 8.53,
            "equity": 257682,
            "current_ratio": 263.85,
            "debt_ratio": 36.25,
            "inventory_turnover_ratio": 4.25,
            "account_receivable_turnover_ratio": null,
            "reinvestment_rate": null,
            "research_to_sale_ratio": null,
            "price_fair": 0,
            "eps_avg_yearly": 0,
            "eps_latest_yearly": 0,
            "eps_growth_yearly": 0
        },
        "20022": {
            "year_quarter": 20022,
            "year": 2002,
            "quarter": 2,
            "eps": 1.3,
            "eps_growth_year": null,
            "eps_4q": null,
            "eps_4q_growth_year": null,
            "roe": 10.38,
            "roe_4q": 20.990000000000002,
            "gross_profit": 49737,
            "gross_margin": 24.32,
            "gross_margin_4q_avg": 11.7,
            "net_income": 28094,
            "net_income_4q": null,
            "revenue": 204514,
            "revenue_4q": null,
            "common_shares": 143400,
            "book_valuer_per_share": 19.77,
            "book_valuer_per_share_4q_avg": 13.48,
            "equity": 283436,
            "current_ratio": 336.56,
            "debt_ratio": 28.45,
            "inventory_turnover_ratio": 3.54,
            "account_receivable_turnover_ratio": null,
            "reinvestment_rate": null,
            "research_to_sale_ratio": null,
            "price_fair": 15.6,
            "eps_avg_yearly": 5.2,
            "eps_latest_yearly": 5.2,
            "eps_growth_yearly": -112.71
        },
        "20023": {
            "year_quarter": 20023,
            "year": 2002,
            "quarter": 3,
            "eps": 1.75,
            "eps_growth_year": null,
            "eps_4q": null,
            "eps_4q_growth_year": null,
            "roe": 12.55,
            "roe_4q": 33.54,
            "gross_profit": 57916,
            "gross_margin": 26.08,
            "gross_margin_4q_avg": 18.22,
            "net_income": 37948,
            "net_income_4q": null,
            "revenue": 222055,
            "revenue_4q": null,
            "common_shares": 216600,
            "book_valuer_per_share": 14.84,
            "book_valuer_per_share_4q_avg": 17.19,
            "equity": 321384,
            "current_ratio": 322.49,
            "debt_ratio": 29.8,
            "inventory_turnover_ratio": 3.55,
            "account_receivable_turnover_ratio": null,
            "reinvestment_rate": null,
            "research_to_sale_ratio": null,
            "price_fair": 139.55,
            "eps_avg_yearly": 6.1,
            "eps_latest_yearly": 7,
            "eps_growth_yearly": 12.88
        },
        "20024": {
            "year_quarter": 20024,
            "year": 2002,
            "quarter": 4,
            "eps": 1.86,
            "eps_growth_year": null,
            "eps_4q": 6.11,
            "eps_4q_growth_year": null,
            "roe": 11.79,
            "roe_4q": 45.33,
            "gross_profit": 64525,
            "gross_margin": 25.98,
            "gross_margin_4q_avg": 24.71,
            "net_income": 40255,
            "net_income_4q": null,
            "revenue": 248358,
            "revenue_4q": null,
            "common_shares": 216600,
            "book_valuer_per_share": 16.7,
            "book_valuer_per_share_4q_avg": 17.32,
            "equity": 361639,
            "current_ratio": 352.39,
            "debt_ratio": 27.68,
            "inventory_turnover_ratio": 4.15,
            "account_receivable_turnover_ratio": null,
            "reinvestment_rate": null,
            "research_to_sale_ratio": null,
            "price_fair": 176.54,
            "eps_avg_yearly": 6.55,
            "eps_latest_yearly": 7.44,
            "eps_growth_yearly": 16.97
        },
        "20031": {
            "year_quarter": 20031,
            "year": 2003,
            "quarter": 1,
            "eps": 1.56,
            "eps_growth_year": -13.81,
            "eps_4q": 6.48,
            "eps_4q_growth_year": null,
            "roe": 8.9,
            "roe_4q": 43.62,
            "gross_profit": 53710,
            "gross_margin": 25.71,
            "gross_margin_4q_avg": 25.52,
            "net_income": 33696,
            "net_income_4q": null,
            "revenue": 208883,
            "revenue_4q": null,
            "common_shares": 216600,
            "book_valuer_per_share": 18.25,
            "book_valuer_per_share_4q_avg": 17.39,
            "equity": 395335,
            "current_ratio": 380.43,
            "debt_ratio": 25.71,
            "inventory_turnover_ratio": 4.03,
            "account_receivable_turnover_ratio": null,
            "reinvestment_rate": null,
            "research_to_sale_ratio": null,
            "price_fair": 19.41,
            "eps_avg_yearly": 6.47,
            "eps_latest_yearly": 6.24,
            "eps_growth_yearly": -3.4
        },
        "20032": {
            "year_quarter": 20032,
            "year": 2003,
            "quarter": 2,
            "eps": 1.83,
            "eps_growth_year": 40.77,
            "eps_4q": 6.99,
            "eps_4q_growth_year": null,
            "roe": 10.13,
            "roe_4q": 43.370000000000005,
            "gross_profit": 63839,
            "gross_margin": 27.28,
            "gross_margin_4q_avg": 26.26,
            "net_income": 39693,
            "net_income_4q": null,
            "revenue": 234049,
            "revenue_4q": null,
            "common_shares": 216600,
            "book_valuer_per_share": 17.93,
            "book_valuer_per_share_4q_avg": 16.93,
            "equity": 388294,
            "current_ratio": 288.02,
            "debt_ratio": 33.81,
            "inventory_turnover_ratio": 4.61,
            "account_receivable_turnover_ratio": null,
            "reinvestment_rate": null,
            "research_to_sale_ratio": null,
            "price_fair": 140.25,
            "eps_avg_yearly": 6.64,
            "eps_latest_yearly": 7.32,
            "eps_growth_yearly": 11.12
        },
        "20033": {
            "year_quarter": 20033,
            "year": 2003,
            "quarter": 3,
            "eps": 1.39,
            "eps_growth_year": -20.57,
            "eps_4q": 5.44,
            "eps_4q_growth_year": null,
            "roe": 9.58,
            "roe_4q": 40.4,
            "gross_profit": 69817,
            "gross_margin": 27.15,
            "gross_margin_4q_avg": 26.53,
            "net_income": 39051,
            "net_income_4q": null,
            "revenue": 257135,
            "revenue_4q": null,
            "common_shares": 280000,
            "book_valuer_per_share": 15.26,
            "book_valuer_per_share_4q_avg": 17.04,
            "equity": 427345,
            "current_ratio": 370.65,
            "debt_ratio": 26.27,
            "inventory_turnover_ratio": 4.72,
            "account_receivable_turnover_ratio": null,
            "reinvestment_rate": null,
            "research_to_sale_ratio": null,
            "price_fair": 19.38,
            "eps_avg_yearly": 6.46,
            "eps_latest_yearly": 5.56,
            "eps_growth_yearly": -6.76
        },
        "20034": {
            "year_quarter": 20034,
            "year": 2003,
            "quarter": 4,
            "eps": 1.99,
            "eps_growth_year": 6.99,
            "eps_4q": 6,
            "eps_4q_growth_year": -1.74,
            "roe": 12.24,
            "roe_4q": 40.85,
            "gross_profit": 84361,
            "gross_margin": 28,
            "gross_margin_4q_avg": 27.04,
            "net_income": 55741,
            "net_income_4q": null,
            "revenue": 301300,
            "revenue_4q": null,
            "common_shares": 280000,
            "book_valuer_per_share": 17.25,
            "book_valuer_per_share_4q_avg": 17.17,
            "equity": 483086,
            "current_ratio": 369.67,
            "debt_ratio": 26.48,
            "inventory_turnover_ratio": 4.89,
            "account_receivable_turnover_ratio": null,
            "reinvestment_rate": null,
            "research_to_sale_ratio": null,
            "price_fair": 192.7,
            "eps_avg_yearly": 6.67,
            "eps_latest_yearly": 7.96,
            "eps_growth_yearly": 18.87
        },
        "20041": {
            "year_quarter": 20041,
            "year": 2004,
            "quarter": 1,
            "eps": 1.52,
            "eps_growth_year": -2.56,
            "eps_4q": 6.34,
            "eps_4q_growth_year": -2.21,
            "roe": 8.41,
            "roe_4q": 40.36,
            "gross_profit": 72138,
            "gross_margin": 27.89,
            "gross_margin_4q_avg": 27.58,
            "net_income": 42427,
            "net_income_4q": null,
            "revenue": 258676,
            "revenue_4q": null,
            "common_shares": 280000,
            "book_valuer_per_share": 18.77,
            "book_valuer_per_share_4q_avg": 17.3,
            "equity": 525513,
            "current_ratio": 376.79,
            "debt_ratio": 25.52,
            "inventory_turnover_ratio": 3.64,
            "account_receivable_turnover_ratio": null,
            "reinvestment_rate": null,
            "research_to_sale_ratio": null,
            "price_fair": 97.04,
            "eps_avg_yearly": 6.6,
            "eps_latest_yearly": 6.08,
            "eps_growth_yearly": 4.7
        },
        "20042": {
            "year_quarter": 20042,
            "year": 2004,
            "quarter": 2,
            "eps": 1.85,
            "eps_growth_year": 1.09,
            "eps_4q": 6.75,
            "eps_4q_growth_year": -3.42,
            "roe": 10.17,
            "roe_4q": 40.4,
            "gross_profit": 84874,
            "gross_margin": 28.51,
            "gross_margin_4q_avg": 27.89,
            "net_income": 51807,
            "net_income_4q": null,
            "revenue": 297651,
            "revenue_4q": null,
            "common_shares": 280000,
            "book_valuer_per_share": 17.63,
            "book_valuer_per_share_4q_avg": 17.23,
            "equity": 493568,
            "current_ratio": 287.77,
            "debt_ratio": 33.35,
            "inventory_turnover_ratio": 3.56,
            "account_receivable_turnover_ratio": null,
            "reinvestment_rate": null,
            "research_to_sale_ratio": null,
            "price_fair": 159.4,
            "eps_avg_yearly": 6.69,
            "eps_latest_yearly": 7.4,
            "eps_growth_yearly": 13.83
        },
        "20043": {
            "year_quarter": 20043,
            "year": 2004,
            "quarter": 3,
            "eps": 1.55,
            "eps_growth_year": 11.51,
            "eps_4q": 5.93,
            "eps_4q_growth_year": 9.13,
            "roe": 10.2,
            "roe_4q": 41.019999999999996,
            "gross_profit": 83717,
            "gross_margin": 28.98,
            "gross_margin_4q_avg": 28.35,
            "net_income": 53059,
            "net_income_4q": null,
            "revenue": 288873,
            "revenue_4q": null,
            "common_shares": 342000,
            "book_valuer_per_share": 15.98,
            "book_valuer_per_share_4q_avg": 17.41,
            "equity": 546627,
            "current_ratio": 366.48,
            "debt_ratio": 26.25,
            "inventory_turnover_ratio": 3.08,
            "account_receivable_turnover_ratio": null,
            "reinvestment_rate": null,
            "research_to_sale_ratio": null,
            "price_fair": 105.98,
            "eps_avg_yearly": 6.64,
            "eps_latest_yearly": 6.2,
            "eps_growth_yearly": 5.96
        },
        "20044": {
            "year_quarter": 20044,
            "year": 2004,
            "quarter": 4,
            "eps": 1.03,
            "eps_growth_year": -48.24,
            "eps_4q": 5.33,
            "eps_4q_growth_year": -11.17,
            "roe": 6.25,
            "roe_4q": 35.03,
            "gross_profit": 75300,
            "gross_margin": 28.27,
            "gross_margin_4q_avg": 28.41,
            "net_income": 35254,
            "net_income_4q": null,
            "revenue": 266340,
            "revenue_4q": null,
            "common_shares": 342000,
            "book_valuer_per_share": 17.01,
            "book_valuer_per_share_4q_avg": 17.35,
            "equity": 581881,
            "current_ratio": 421.1,
            "debt_ratio": 22.93,
            "inventory_turnover_ratio": 2.58,
            "account_receivable_turnover_ratio": null,
            "reinvestment_rate": null,
            "research_to_sale_ratio": null,
            "price_fair": 19.23,
            "eps_avg_yearly": 6.41,
            "eps_latest_yearly": 4.12,
            "eps_growth_yearly": -6.78
        },
        "20051": {
            "year_quarter": 20051,
            "year": 2005,
            "quarter": 1,
            "eps": 1.28,
            "eps_growth_year": -15.79,
            "eps_4q": 5.37,
            "eps_4q_growth_year": -15.23,
            "roe": 7.25,
            "roe_4q": 33.87,
            "gross_profit": 80127,
            "gross_margin": 28.9,
            "gross_margin_4q_avg": 28.67,
            "net_income": 43822,
            "net_income_4q": null,
            "revenue": 277294,
            "revenue_4q": null,
            "common_shares": 343430,
            "book_valuer_per_share": 18.26,
            "book_valuer_per_share_4q_avg": 17.22,
            "equity": 627133,
            "current_ratio": 438.19,
            "debt_ratio": 21.93,
            "inventory_turnover_ratio": 2.41,
            "account_receivable_turnover_ratio": null,
            "reinvestment_rate": null,
            "research_to_sale_ratio": null,
            "price_fair": 74.85,
            "eps_avg_yearly": 6.3,
            "eps_latest_yearly": 5.12,
            "eps_growth_yearly": 1.87
        },
        "20052": {
            "year_quarter": 20052,
            "year": 2005,
            "quarter": 2,
            "eps": 1.35,
            "eps_growth_year": -27.03,
            "eps_4q": 5.21,
            "eps_4q_growth_year": -22.8,
            "roe": 7.69,
            "roe_4q": 31.39,
            "gross_profit": 87860,
            "gross_margin": 28.99,
            "gross_margin_4q_avg": 28.79,
            "net_income": 46199,
            "net_income_4q": null,
            "revenue": 303029,
            "revenue_4q": null,
            "common_shares": 343430,
            "book_valuer_per_share": 16.72,
            "book_valuer_per_share_4q_avg": 16.99,
            "equity": 574287,
            "current_ratio": 316.53,
            "debt_ratio": 30.32,
            "inventory_turnover_ratio": 2.71,
            "account_receivable_turnover_ratio": null,
            "reinvestment_rate": null,
            "research_to_sale_ratio": null,
            "price_fair": 83.62,
            "eps_avg_yearly": 6.23,
            "eps_latest_yearly": 5.4,
            "eps_growth_yearly": 3.41
        },
        "20053": {
            "year_quarter": 20053,
            "year": 2005,
            "quarter": 3,
            "eps": 1.35,
            "eps_growth_year": -12.9,
            "eps_4q": 4.4,
            "eps_4q_growth_year": -25.86,
            "roe": 9.22,
            "roe_4q": 30.41,
            "gross_profit": 90758,
            "gross_margin": 29.87,
            "gross_margin_4q_avg": 29.01,
            "net_income": 55500,
            "net_income_4q": null,
            "revenue": 303888,
            "revenue_4q": null,
            "common_shares": 411250,
            "book_valuer_per_share": 15.31,
            "book_valuer_per_share_4q_avg": 16.83,
            "equity": 629787,
            "current_ratio": 396.21,
            "debt_ratio": 24.31,
            "inventory_turnover_ratio": 2.62,
            "account_receivable_turnover_ratio": null,
            "reinvestment_rate": null,
            "research_to_sale_ratio": null,
            "price_fair": 81.31,
            "eps_avg_yearly": 6.17,
            "eps_latest_yearly": 5.4,
            "eps_growth_yearly": 3.17
        },
        "20054": {
            "year_quarter": 20054,
            "year": 2005,
            "quarter": 4,
            "eps": 1.81,
            "eps_growth_year": 75.73,
            "eps_4q": 5.35,
            "eps_4q_growth_year": 0.34,
            "roe": 11.15,
            "roe_4q": 35.31,
            "gross_profit": 96841,
            "gross_margin": 32.77,
            "gross_margin_4q_avg": 30.13,
            "net_income": 74371,
            "net_income_4q": null,
            "revenue": 295552,
            "revenue_4q": null,
            "common_shares": 411250,
            "book_valuer_per_share": 17.12,
            "book_valuer_per_share_4q_avg": 16.85,
            "equity": 704158,
            "current_ratio": 507.98,
            "debt_ratio": 19.03,
            "inventory_turnover_ratio": 2.04,
            "account_receivable_turnover_ratio": null,
            "reinvestment_rate": 1.04,
            "research_to_sale_ratio": null,
            "price_fair": 137.68,
            "eps_avg_yearly": 6.25,
            "eps_latest_yearly": 7.24,
            "eps_growth_yearly": 12.04
        },
        "20061": {
            "year_quarter": 20061,
            "year": 2006,
            "quarter": 1,
            "eps": 1.16,
            "eps_growth_year": -9.38,
            "eps_4q": 5.45,
            "eps_4q_growth_year": 1.49,
            "roe": 6.53,
            "roe_4q": 34.589999999999996,
            "gross_profit": 78979,
            "gross_margin": 28.16,
            "gross_margin_4q_avg": 29.95,
            "net_income": 47575,
            "net_income_4q": null,
            "revenue": 280472,
            "revenue_4q": null,
            "common_shares": 411630,
            "book_valuer_per_share": 18.27,
            "book_valuer_per_share_4q_avg": 16.86,
            "equity": 752113,
            "current_ratio": 531.24,
            "debt_ratio": 18.14,
            "inventory_turnover_ratio": 1.84,
            "account_receivable_turnover_ratio": null,
            "reinvestment_rate": 0.53,
            "research_to_sale_ratio": null,
            "price_fair": 75.67,
            "eps_avg_yearly": 6.15,
            "eps_latest_yearly": 4.64,
            "eps_growth_yearly": 2.31
        },
        "20062": {
            "year_quarter": 20062,
            "year": 2006,
            "quarter": 2,
            "eps": 0.81,
            "eps_growth_year": -40,
            "eps_4q": 4.56,
            "eps_4q_growth_year": -12.42,
            "roe": 5.41,
            "roe_4q": 32.31,
            "gross_profit": 72052,
            "gross_margin": 27.65,
            "gross_margin_4q_avg": 29.61,
            "net_income": 38288,
            "net_income_4q": null,
            "revenue": 260618,
            "revenue_4q": null,
            "common_shares": 411630,
            "book_valuer_per_share": 16.1,
            "book_valuer_per_share_4q_avg": 16.7,
            "equity": 662693,
            "current_ratio": 319.26,
            "debt_ratio": 30.12,
            "inventory_turnover_ratio": 1.72,
            "account_receivable_turnover_ratio": null,
            "reinvestment_rate": 0.37,
            "research_to_sale_ratio": null,
            "price_fair": 71.16,
            "eps_avg_yearly": 6.02,
            "eps_latest_yearly": 3.24,
            "eps_growth_yearly": 1.81
        },
        "20063": {
            "year_quarter": 20063,
            "year": 2006,
            "quarter": 3,
            "eps": 1.16,
            "eps_growth_year": -14.07,
            "eps_4q": 4.56,
            "eps_4q_growth_year": 3.71,
            "roe": 7.92,
            "roe_4q": 31.009999999999998,
            "gross_profit": 85703,
            "gross_margin": 28.27,
            "gross_margin_4q_avg": 29.21,
            "net_income": 54665,
            "net_income_4q": null,
            "revenue": 303131,
            "revenue_4q": null,
            "common_shares": 471650,
            "book_valuer_per_share": 15.21,
            "book_valuer_per_share_4q_avg": 16.68,
            "equity": 717358,
            "current_ratio": 465.99,
            "debt_ratio": 20.64,
            "inventory_turnover_ratio": 1.84,
            "account_receivable_turnover_ratio": null,
            "reinvestment_rate": 0.36,
            "research_to_sale_ratio": null,
            "price_fair": 82.04,
            "eps_avg_yearly": 5.88,
            "eps_latest_yearly": 4.64,
            "eps_growth_yearly": 3.96
        },
        "20064": {
            "year_quarter": 20064,
            "year": 2006,
            "quarter": 4,
            "eps": 1.33,
            "eps_growth_year": -26.52,
            "eps_4q": 4.31,
            "eps_4q_growth_year": -19.44,
            "roe": 8.37,
            "roe_4q": 28.23,
            "gross_profit": 91151,
            "gross_margin": 30.04,
            "gross_margin_4q_avg": 28.53,
            "net_income": 62690,
            "net_income_4q": null,
            "revenue": 303472,
            "revenue_4q": null,
            "common_shares": 471650,
            "book_valuer_per_share": 16.54,
            "book_valuer_per_share_4q_avg": 16.53,
            "equity": 780048,
            "current_ratio": 530.08,
            "debt_ratio": 18.26,
            "inventory_turnover_ratio": 1.63,
            "account_receivable_turnover_ratio": null,
            "reinvestment_rate": 0.24,
            "research_to_sale_ratio": null,
            "price_fair": 92.2,
            "eps_avg_yearly": 5.74,
            "eps_latest_yearly": 5.32,
            "eps_growth_yearly": 6.06
        },
        "20071": {
            "year_quarter": 20071,
            "year": 2007,
            "quarter": 1,
            "eps": 1.18,
            "eps_growth_year": 1.72,
            "eps_4q": 4.48,
            "eps_4q_growth_year": -17.93,
            "roe": 6.9,
            "roe_4q": 28.599999999999998,
            "gross_profit": 86751,
            "gross_margin": 28.81,
            "gross_margin_4q_avg": 28.69,
            "net_income": 55736,
            "net_income_4q": null,
            "revenue": 301074,
            "revenue_4q": null,
            "common_shares": 471650,
            "book_valuer_per_share": 17.72,
            "book_valuer_per_share_4q_avg": 16.39,
            "equity": 835784,
            "current_ratio": 492.66,
            "debt_ratio": 19.64,
            "inventory_turnover_ratio": 1.6,
            "account_receivable_turnover_ratio": null,
            "reinvestment_rate": 0.21,
            "research_to_sale_ratio": null,
            "price_fair": 97.52,
            "eps_avg_yearly": 5.65,
            "eps_latest_yearly": 4.72,
            "eps_growth_yearly": 7.27
        },
        "20072": {
            "year_quarter": 20072,
            "year": 2007,
            "quarter": 2,
            "eps": 1.1,
            "eps_growth_year": 35.8,
            "eps_4q": 4.47,
            "eps_4q_growth_year": -2.13,
            "roe": 7.12,
            "roe_4q": 30.310000000000002,
            "gross_profit": 95853,
            "gross_margin": 29.38,
            "gross_margin_4q_avg": 29.13,
            "net_income": 56553,
            "net_income_4q": null,
            "revenue": 326214,
            "revenue_4q": null,
            "common_shares": 471930,
            "book_valuer_per_share": 15.97,
            "book_valuer_per_share_4q_avg": 16.36,
            "equity": 753475,
            "current_ratio": 335.12,
            "debt_ratio": 28.82,
            "inventory_turnover_ratio": 1.54,
            "account_receivable_turnover_ratio": null,
            "reinvestment_rate": -0.09,
            "research_to_sale_ratio": null,
            "price_fair": 61.46,
            "eps_avg_yearly": 5.47,
            "eps_latest_yearly": 4.4,
            "eps_growth_yearly": 1.25
        },
        "20073": {
            "year_quarter": 20073,
            "year": 2007,
            "quarter": 3,
            "eps": 0.98,
            "eps_growth_year": -15.52,
            "eps_4q": 4.38,
            "eps_4q_growth_year": -4,
            "roe": 6.48,
            "roe_4q": 28.869999999999997,
            "gross_profit": 80477,
            "gross_margin": 27.96,
            "gross_margin_4q_avg": 29.05,
            "net_income": 50469,
            "net_income_4q": null,
            "revenue": 287842,
            "revenue_4q": null,
            "common_shares": 516400,
            "book_valuer_per_share": 15.57,
            "book_valuer_per_share_4q_avg": 16.45,
            "equity": 803945,
            "current_ratio": 589,
            "debt_ratio": 16.43,
            "inventory_turnover_ratio": 1.3,
            "account_receivable_turnover_ratio": null,
            "reinvestment_rate": -0.32,
            "research_to_sale_ratio": null,
            "price_fair": 77.92,
            "eps_avg_yearly": 5.36,
            "eps_latest_yearly": 3.92,
            "eps_growth_yearly": 4.53
        },
        "20074": {
            "year_quarter": 20074,
            "year": 2007,
            "quarter": 4,
            "eps": 0.85,
            "eps_growth_year": -36.09,
            "eps_4q": 3.99,
            "eps_4q_growth_year": -7.46,
            "roe": 5.34,
            "roe_4q": 25.840000000000003,
            "gross_profit": 77125,
            "gross_margin": 28.59,
            "gross_margin_4q_avg": 28.69,
            "net_income": 44060,
            "net_income_4q": null,
            "revenue": 269725,
            "revenue_4q": null,
            "common_shares": 516760,
            "book_valuer_per_share": 16.41,
            "book_valuer_per_share_4q_avg": 16.42,
            "equity": 847786,
            "current_ratio": 702.06,
            "debt_ratio": 13.94,
            "inventory_turnover_ratio": 1.29,
            "account_receivable_turnover_ratio": null,
            "reinvestment_rate": -0.37,
            "research_to_sale_ratio": null,
            "price_fair": 15.23,
            "eps_avg_yearly": 5.08,
            "eps_latest_yearly": 3.4,
            "eps_growth_yearly": -9.58
        },
        "20081": {
            "year_quarter": 20081,
            "year": 2008,
            "quarter": 1,
            "eps": 0.82,
            "eps_growth_year": -30.51,
            "eps_4q": 3.74,
            "eps_4q_growth_year": -16.4,
            "roe": 4.88,
            "roe_4q": 23.82,
            "gross_profit": 82217,
            "gross_margin": 28.47,
            "gross_margin_4q_avg": 28.6,
            "net_income": 42406,
            "net_income_4q": null,
            "revenue": 288743,
            "revenue_4q": null,
            "common_shares": 516760,
            "book_valuer_per_share": 17.23,
            "book_valuer_per_share_4q_avg": 16.3,
            "equity": 890191,
            "current_ratio": 663.65,
            "debt_ratio": 14.76,
            "inventory_turnover_ratio": 1.48,
            "account_receivable_turnover_ratio": null,
            "reinvestment_rate": -0.41,
            "research_to_sale_ratio": null,
            "price_fair": 14.71,
            "eps_avg_yearly": 4.9,
            "eps_latest_yearly": 3.28,
            "eps_growth_yearly": -4.56
        },
        "20082": {
            "year_quarter": 20082,
            "year": 2008,
            "quarter": 2,
            "eps": 0.55,
            "eps_growth_year": -50,
            "eps_4q": 3.05,
            "eps_4q_growth_year": -31.7,
            "roe": 3.63,
            "roe_4q": 20.33,
            "gross_profit": 69554,
            "gross_margin": 27.07,
            "gross_margin_4q_avg": 28.02,
            "net_income": 30115,
            "net_income_4q": null,
            "revenue": 256909,
            "revenue_4q": null,
            "common_shares": 516760,
            "book_valuer_per_share": 14.89,
            "book_valuer_per_share_4q_avg": 16.03,
            "equity": 769472,
            "current_ratio": 346.45,
            "debt_ratio": 28.2,
            "inventory_turnover_ratio": 1.35,
            "account_receivable_turnover_ratio": null,
            "reinvestment_rate": -0.54,
            "research_to_sale_ratio": null,
            "price_fair": 13.73,
            "eps_avg_yearly": 4.58,
            "eps_latest_yearly": 2.2,
            "eps_growth_yearly": -18.21
        },
        "20083": {
            "year_quarter": 20083,
            "year": 2008,
            "quarter": 3,
            "eps": 0.78,
            "eps_growth_year": -20.41,
            "eps_4q": 2.89,
            "eps_4q_growth_year": -33.88,
            "roe": 5.44,
            "roe_4q": 19.29,
            "gross_profit": 75609,
            "gross_margin": 28.12,
            "gross_margin_4q_avg": 28.06,
            "net_income": 43003,
            "net_income_4q": null,
            "revenue": 268881,
            "revenue_4q": null,
            "common_shares": 551300,
            "book_valuer_per_share": 14.74,
            "book_valuer_per_share_4q_avg": 15.82,
            "equity": 812475,
            "current_ratio": 357.48,
            "debt_ratio": 27.47,
            "inventory_turnover_ratio": 1.32,
            "account_receivable_turnover_ratio": null,
            "reinvestment_rate": -0.54,
            "research_to_sale_ratio": null,
            "price_fair": 13.16,
            "eps_avg_yearly": 4.39,
            "eps_latest_yearly": 3.12,
            "eps_growth_yearly": -3.71
        },
        "20084": {
            "year_quarter": 20084,
            "year": 2008,
            "quarter": 4,
            "eps": 0.64,
            "eps_growth_year": -24.71,
            "eps_4q": 2.73,
            "eps_4q_growth_year": -31.69,
            "roe": 4.28,
            "roe_4q": 18.23,
            "gross_profit": 67040,
            "gross_margin": 29.05,
            "gross_margin_4q_avg": 28.18,
            "net_income": 35455,
            "net_income_4q": null,
            "revenue": 230748,
            "revenue_4q": null,
            "common_shares": 551300,
            "book_valuer_per_share": 15.28,
            "book_valuer_per_share_4q_avg": 15.54,
            "equity": 842620,
            "current_ratio": 745.53,
            "debt_ratio": 13.11,
            "inventory_turnover_ratio": 1.17,
            "account_receivable_turnover_ratio": 6.3,
            "reinvestment_rate": -0.63,
            "research_to_sale_ratio": null,
            "price_fair": 42.88,
            "eps_avg_yearly": 4.29,
            "eps_latest_yearly": 2.56,
            "eps_growth_yearly": 0.19
        },
        "20091": {
            "year_quarter": 20091,
            "year": 2009,
            "quarter": 1,
            "eps": 0.62,
            "eps_growth_year": -24.39,
            "eps_4q": 2.62,
            "eps_4q_growth_year": -30.09,
            "roe": 3.92,
            "roe_4q": 17.27,
            "gross_profit": 61745,
            "gross_margin": 30.69,
            "gross_margin_4q_avg": 28.73,
            "net_income": 33728,
            "net_income_4q": null,
            "revenue": 201201,
            "revenue_4q": null,
            "common_shares": 548200,
            "book_valuer_per_share": 15.99,
            "book_valuer_per_share_4q_avg": 15.23,
            "equity": 876348,
            "current_ratio": 886.72,
            "debt_ratio": 11.05,
            "inventory_turnover_ratio": 1.16,
            "account_receivable_turnover_ratio": 2.88,
            "reinvestment_rate": -1.07,
            "research_to_sale_ratio": null,
            "price_fair": 12.37,
            "eps_avg_yearly": 4.12,
            "eps_latest_yearly": 2.48,
            "eps_growth_yearly": -6.66
        },
        "20092": {
            "year_quarter": 20092,
            "year": 2009,
            "quarter": 2,
            "eps": 0.37,
            "eps_growth_year": -32.73,
            "eps_4q": 2.35,
            "eps_4q_growth_year": -22.83,
            "roe": 2.51,
            "roe_4q": 16.150000000000002,
            "gross_profit": 54011,
            "gross_margin": 29.09,
            "gross_margin_4q_avg": 29.24,
            "net_income": 20917,
            "net_income_4q": null,
            "revenue": 185691,
            "revenue_4q": null,
            "common_shares": 548200,
            "book_valuer_per_share": 14.37,
            "book_valuer_per_share_4q_avg": 15.1,
            "equity": 787625,
            "current_ratio": 438.34,
            "debt_ratio": 22.32,
            "inventory_turnover_ratio": 1.22,
            "account_receivable_turnover_ratio": 3.26,
            "reinvestment_rate": -0.94,
            "research_to_sale_ratio": null,
            "price_fair": 11.63,
            "eps_avg_yearly": 3.88,
            "eps_latest_yearly": 1.48,
            "eps_growth_yearly": -18.1
        },
        "20093": {
            "year_quarter": 20093,
            "year": 2009,
            "quarter": 3,
            "eps": 0.48,
            "eps_growth_year": -38.46,
            "eps_4q": 2.06,
            "eps_4q_growth_year": -28.69,
            "roe": 3.41,
            "roe_4q": 14.120000000000001,
            "gross_profit": 58353,
            "gross_margin": 29.69,
            "gross_margin_4q_avg": 29.63,
            "net_income": 27303,
            "net_income_4q": null,
            "revenue": 196558,
            "revenue_4q": null,
            "common_shares": 564646,
            "book_valuer_per_share": 14.43,
            "book_valuer_per_share_4q_avg": 15.02,
            "equity": 814928,
            "current_ratio": 696.97,
            "debt_ratio": 14.04,
            "inventory_turnover_ratio": 1.35,
            "account_receivable_turnover_ratio": 3.62,
            "reinvestment_rate": -1,
            "research_to_sale_ratio": null,
            "price_fair": 10.98,
            "eps_avg_yearly": 3.66,
            "eps_latest_yearly": 1.92,
            "eps_growth_yearly": -10.67
        },
        "20094": {
            "year_quarter": 20094,
            "year": 2009,
            "quarter": 4,
            "eps": 0.82,
            "eps_growth_year": 28.12,
            "eps_4q": 2.27,
            "eps_4q_growth_year": -16.57,
            "roe": 5.54,
            "roe_4q": 15.379999999999999,
            "gross_profit": 72578,
            "gross_margin": 29.61,
            "gross_margin_4q_avg": 29.77,
            "net_income": 46431,
            "net_income_4q": null,
            "revenue": 245125,
            "revenue_4q": null,
            "common_shares": 564646,
            "book_valuer_per_share": 15.25,
            "book_valuer_per_share_4q_avg": 15.01,
            "equity": 861359,
            "current_ratio": 665.3,
            "debt_ratio": 14.71,
            "inventory_turnover_ratio": 1.88,
            "account_receivable_turnover_ratio": 6.45,
            "reinvestment_rate": 0.86,
            "research_to_sale_ratio": null,
            "price_fair": 10.24,
            "eps_avg_yearly": 3.41,
            "eps_latest_yearly": 3.28,
            "eps_growth_yearly": -1.48
        },
        "20101": {
            "year_quarter": 20101,
            "year": 2010,
            "quarter": 1,
            "eps": 0.38,
            "eps_growth_year": -38.71,
            "eps_4q": 2.06,
            "eps_4q_growth_year": -21.38,
            "roe": 2.47,
            "roe_4q": 13.93,
            "gross_profit": 50559,
            "gross_margin": 29.09,
            "gross_margin_4q_avg": 29.37,
            "net_income": 21514,
            "net_income_4q": null,
            "revenue": 173785,
            "revenue_4q": null,
            "common_shares": 564696,
            "book_valuer_per_share": 15.64,
            "book_valuer_per_share_4q_avg": 14.92,
            "equity": 883199,
            "current_ratio": 755.15,
            "debt_ratio": 12.95,
            "inventory_turnover_ratio": 1.18,
            "account_receivable_turnover_ratio": 2.86,
            "reinvestment_rate": 1.07,
            "research_to_sale_ratio": 6.31,
            "price_fair": 9.65,
            "eps_avg_yearly": 3.22,
            "eps_latest_yearly": 1.52,
            "eps_growth_yearly": -5.92
        },
        "20102": {
            "year_quarter": 20102,
            "year": 2010,
            "quarter": 2,
            "eps": 0.44,
            "eps_growth_year": 19.41,
            "eps_4q": 2.08,
            "eps_4q_growth_year": -11.71,
            "roe": 3.03,
            "roe_4q": 14.45,
            "gross_profit": 69695,
            "gross_margin": 28.81,
            "gross_margin_4q_avg": 29.3,
            "net_income": 25707,
            "net_income_4q": null,
            "revenue": 241875,
            "revenue_4q": null,
            "common_shares": 564896,
            "book_valuer_per_share": 14.4,
            "book_valuer_per_share_4q_avg": 14.93,
            "equity": 813365,
            "current_ratio": 372.68,
            "debt_ratio": 26.27,
            "inventory_turnover_ratio": 1.3,
            "account_receivable_turnover_ratio": 3.75,
            "reinvestment_rate": 1.2,
            "research_to_sale_ratio": 4.73,
            "price_fair": 48.67,
            "eps_avg_yearly": 3.13,
            "eps_latest_yearly": 1.76,
            "eps_growth_yearly": 5.57
        },
        "20103": {
            "year_quarter": 20103,
            "year": 2010,
            "quarter": 3,
            "eps": 0.59,
            "eps_growth_year": 23.3,
            "eps_4q": 2.2,
            "eps_4q_growth_year": 6.66,
            "roe": 4.15,
            "roe_4q": 15.190000000000001,
            "gross_profit": 70292,
            "gross_margin": 28.73,
            "gross_margin_4q_avg": 29.06,
            "net_income": 34435,
            "net_income_4q": null,
            "revenue": 244670,
            "revenue_4q": null,
            "common_shares": 581843,
            "book_valuer_per_share": 14.57,
            "book_valuer_per_share_4q_avg": 14.97,
            "equity": 847799,
            "current_ratio": 571,
            "debt_ratio": 17.08,
            "inventory_turnover_ratio": 1.13,
            "account_receivable_turnover_ratio": 3.21,
            "reinvestment_rate": 1.61,
            "research_to_sale_ratio": 4.42,
            "price_fair": 39.65,
            "eps_avg_yearly": 2.98,
            "eps_latest_yearly": 2.36,
            "eps_growth_yearly": 3.29
        },
        "20104": {
            "year_quarter": 20104,
            "year": 2010,
            "quarter": 4,
            "eps": 0.32,
            "eps_growth_year": -61.07,
            "eps_4q": 1.72,
            "eps_4q_growth_year": -24.24,
            "roe": 2.17,
            "roe_4q": 11.82,
            "gross_profit": 51051,
            "gross_margin": 25.12,
            "gross_margin_4q_avg": 27.94,
            "net_income": 18572,
            "net_income_4q": null,
            "revenue": 203201,
            "revenue_4q": null,
            "common_shares": 581843,
            "book_valuer_per_share": 14.89,
            "book_valuer_per_share_4q_avg": 14.88,
            "equity": 866372,
            "current_ratio": 834.91,
            "debt_ratio": 11.7,
            "inventory_turnover_ratio": 1,
            "account_receivable_turnover_ratio": 3.68,
            "reinvestment_rate": 1.38,
            "research_to_sale_ratio": 4.73,
            "price_fair": 8.19,
            "eps_avg_yearly": 2.73,
            "eps_latest_yearly": 1.28,
            "eps_growth_yearly": -11.81
        },
        "20111": {
            "year_quarter": 20111,
            "year": 2011,
            "quarter": 1,
            "eps": 0.23,
            "eps_growth_year": -39.47,
            "eps_4q": 1.58,
            "eps_4q_growth_year": -22.98,
            "roe": 1.54,
            "roe_4q": 10.89,
            "gross_profit": 40669,
            "gross_margin": 24.2,
            "gross_margin_4q_avg": 26.72,
            "net_income": 13447,
            "net_income_4q": null,
            "revenue": 168060,
            "revenue_4q": null,
            "common_shares": 581843,
            "book_valuer_per_share": 15.12,
            "book_valuer_per_share_4q_avg": 14.75,
            "equity": 879819,
            "current_ratio": 828.46,
            "debt_ratio": 11.81,
            "inventory_turnover_ratio": 0.96,
            "account_receivable_turnover_ratio": 4.26,
            "reinvestment_rate": 1.35,
            "research_to_sale_ratio": 6.15,
            "price_fair": 7.48,
            "eps_avg_yearly": 2.49,
            "eps_latest_yearly": 0.92,
            "eps_growth_yearly": -16.02
        },
        "20112": {
            "year_quarter": 20112,
            "year": 2011,
            "quarter": 2,
            "eps": 0.27,
            "eps_growth_year": -39.93,
            "eps_4q": 1.41,
            "eps_4q_growth_year": -32.29,
            "roe": 1.83,
            "roe_4q": 9.690000000000001,
            "gross_profit": 52196,
            "gross_margin": 26.31,
            "gross_margin_4q_avg": 26.09,
            "net_income": 15443,
            "net_income_4q": null,
            "revenue": 198402,
            "revenue_4q": null,
            "common_shares": 581843,
            "book_valuer_per_share": 13.89,
            "book_valuer_per_share_4q_avg": 14.62,
            "equity": 807985,
            "current_ratio": 449.84,
            "debt_ratio": 21.76,
            "inventory_turnover_ratio": 1.14,
            "account_receivable_turnover_ratio": 4.83,
            "reinvestment_rate": 0.8,
            "research_to_sale_ratio": 5.17,
            "price_fair": 6.86,
            "eps_avg_yearly": 2.29,
            "eps_latest_yearly": 1.08,
            "eps_growth_yearly": -9.98
        },
        "20113": {
            "year_quarter": 20113,
            "year": 2011,
            "quarter": 3,
            "eps": 0.38,
            "eps_growth_year": -36.36,
            "eps_4q": 1.19,
            "eps_4q_growth_year": -45.84,
            "roe": 2.68,
            "roe_4q": 8.219999999999999,
            "gross_profit": 63769,
            "gross_margin": 27.25,
            "gross_margin_4q_avg": 25.72,
            "net_income": 21914,
            "net_income_4q": null,
            "revenue": 233993,
            "revenue_4q": null,
            "common_shares": 581843,
            "book_valuer_per_share": 14.26,
            "book_valuer_per_share_4q_avg": 14.54,
            "equity": 829899,
            "current_ratio": 644.83,
            "debt_ratio": 15.18,
            "inventory_turnover_ratio": 1.29,
            "account_receivable_turnover_ratio": 5.42,
            "reinvestment_rate": 0.87,
            "research_to_sale_ratio": 4.54,
            "price_fair": 27.61,
            "eps_avg_yearly": 2.14,
            "eps_latest_yearly": 1.52,
            "eps_growth_yearly": 2.93
        },
        "20114": {
            "year_quarter": 20114,
            "year": 2011,
            "quarter": 4,
            "eps": 0.63,
            "eps_growth_year": 98.79,
            "eps_4q": 1.51,
            "eps_4q_growth_year": -12.48,
            "roe": 4.35,
            "roe_4q": 10.399999999999999,
            "gross_profit": 77465,
            "gross_margin": 29.96,
            "gross_margin_4q_avg": 26.93,
            "net_income": 36920,
            "net_income_4q": null,
            "revenue": 258570,
            "revenue_4q": null,
            "common_shares": 581843,
            "book_valuer_per_share": 14.9,
            "book_valuer_per_share_4q_avg": 14.54,
            "equity": 866819,
            "current_ratio": 653.67,
            "debt_ratio": 15.03,
            "inventory_turnover_ratio": 1.36,
            "account_receivable_turnover_ratio": 5.61,
            "reinvestment_rate": 0.71,
            "research_to_sale_ratio": 4.3,
            "price_fair": 68.01,
            "eps_avg_yearly": 2.08,
            "eps_latest_yearly": 2.52,
            "eps_growth_yearly": 22.7
        },
        "20121": {
            "year_quarter": 20121,
            "year": 2012,
            "quarter": 1,
            "eps": 0.55,
            "eps_growth_year": 139.13,
            "eps_4q": 1.82,
            "eps_4q_growth_year": 15.1,
            "roe": 3.6,
            "roe_4q": 12.459999999999999,
            "gross_profit": 61500,
            "gross_margin": 29.87,
            "gross_margin_4q_avg": 28.35,
            "net_income": 31798,
            "net_income_4q": null,
            "revenue": 205868,
            "revenue_4q": null,
            "common_shares": 581843,
            "book_valuer_per_share": 15.44,
            "book_valuer_per_share_4q_avg": 14.62,
            "equity": 898617,
            "current_ratio": 682.12,
            "debt_ratio": 14.43,
            "inventory_turnover_ratio": 1.07,
            "account_receivable_turnover_ratio": 4.83,
            "reinvestment_rate": 0.72,
            "research_to_sale_ratio": 5.41,
            "price_fair": 61.19,
            "eps_avg_yearly": 2.01,
            "eps_latest_yearly": 2.2,
            "eps_growth_yearly": 20.4
        },
        "20122": {
            "year_quarter": 20122,
            "year": 2012,
            "quarter": 2,
            "eps": 0.67,
            "eps_growth_year": 150.59,
            "eps_4q": 2.22,
            "eps_4q_growth_year": 57.92,
            "roe": 4.41,
            "roe_4q": 15.04,
            "gross_profit": 76420,
            "gross_margin": 28.81,
            "gross_margin_4q_avg": 28.97,
            "net_income": 38699,
            "net_income_4q": null,
            "revenue": 265273,
            "revenue_4q": null,
            "common_shares": 581843,
            "book_valuer_per_share": 14.71,
            "book_valuer_per_share_4q_avg": 14.83,
            "equity": 855858,
            "current_ratio": 407.27,
            "debt_ratio": 24.15,
            "inventory_turnover_ratio": 1.33,
            "account_receivable_turnover_ratio": 6.67,
            "reinvestment_rate": 0.75,
            "research_to_sale_ratio": 5.18,
            "price_fair": 71.49,
            "eps_avg_yearly": 2.04,
            "eps_latest_yearly": 2.68,
            "eps_growth_yearly": 34.09
        },
        "20123": {
            "year_quarter": 20123,
            "year": 2012,
            "quarter": 3,
            "eps": 0.65,
            "eps_growth_year": 73.77,
            "eps_4q": 2.5,
            "eps_4q_growth_year": 109.72,
            "roe": 4.35,
            "roe_4q": 16.71,
            "gross_profit": 79758,
            "gross_margin": 30.05,
            "gross_margin_4q_avg": 29.67,
            "net_income": 38080,
            "net_income_4q": null,
            "revenue": 265427,
            "revenue_4q": null,
            "common_shares": 581843,
            "book_valuer_per_share": 15.36,
            "book_valuer_per_share_4q_avg": 15.1,
            "equity": 893938,
            "current_ratio": 602.53,
            "debt_ratio": 16.26,
            "inventory_turnover_ratio": 1.23,
            "account_receivable_turnover_ratio": 5.75,
            "reinvestment_rate": 1.76,
            "research_to_sale_ratio": 4.33,
            "price_fair": 66.11,
            "eps_avg_yearly": 2.01,
            "eps_latest_yearly": 2.6,
            "eps_growth_yearly": 22.89
        },
        "20124": {
            "year_quarter": 20124,
            "year": 2012,
            "quarter": 4,
            "eps": 0.76,
            "eps_growth_year": 19.05,
            "eps_4q": 2.62,
            "eps_4q_growth_year": 73.87,
            "roe": 4.8,
            "roe_4q": 17.16,
            "gross_profit": 78126,
            "gross_margin": 29.54,
            "gross_margin_4q_avg": 29.57,
            "net_income": 43953,
            "net_income_4q": null,
            "revenue": 264512,
            "revenue_4q": null,
            "common_shares": 581843,
            "book_valuer_per_share": 16.11,
            "book_valuer_per_share_4q_avg": 15.41,
            "equity": 937098,
            "current_ratio": 680.29,
            "debt_ratio": 14.48,
            "inventory_turnover_ratio": 1.39,
            "account_receivable_turnover_ratio": 5.15,
            "reinvestment_rate": 1.92,
            "research_to_sale_ratio": 4.3,
            "price_fair": 71.4,
            "eps_avg_yearly": 2.04,
            "eps_latest_yearly": 3.04,
            "eps_growth_yearly": 31.61
        },
        "20131": {
            "year_quarter": 20131,
            "year": 2013,
            "quarter": 1,
            "eps": 0.61,
            "eps_growth_year": 10.91,
            "eps_4q": 2.68,
            "eps_4q_growth_year": 47.16,
            "roe": 3.71,
            "roe_4q": 17.27,
            "gross_profit": 66134,
            "gross_margin": 31.15,
            "gross_margin_4q_avg": 29.89,
            "net_income": 35365,
            "net_income_4q": null,
            "revenue": 212288,
            "revenue_4q": null,
            "common_shares": 581843,
            "book_valuer_per_share": 16.66,
            "book_valuer_per_share_4q_avg": 15.71,
            "equity": 969524,
            "current_ratio": 633.29,
            "debt_ratio": 15.78,
            "inventory_turnover_ratio": 1.08,
            "account_receivable_turnover_ratio": 4.32,
            "reinvestment_rate": 1.25,
            "research_to_sale_ratio": 5.73,
            "price_fair": 71.31,
            "eps_avg_yearly": 2.04,
            "eps_latest_yearly": 2.44,
            "eps_growth_yearly": 27.45
        },
        "20132": {
            "year_quarter": 20132,
            "year": 2013,
            "quarter": 2,
            "eps": 0.86,
            "eps_growth_year": 29.3,
            "eps_4q": 2.82,
            "eps_4q_growth_year": 27.03,
            "roe": 5.37,
            "roe_4q": 18.229999999999997,
            "gross_profit": 86165,
            "gross_margin": 32.39,
            "gross_margin_4q_avg": 30.78,
            "net_income": 50172,
            "net_income_4q": null,
            "revenue": 266028,
            "revenue_4q": null,
            "common_shares": 581843,
            "book_valuer_per_share": 15.43,
            "book_valuer_per_share_4q_avg": 15.89,
            "equity": 897509,
            "current_ratio": 385.96,
            "debt_ratio": 25.66,
            "inventory_turnover_ratio": 1.18,
            "account_receivable_turnover_ratio": 5.96,
            "reinvestment_rate": 1.76,
            "research_to_sale_ratio": 4.48,
            "price_fair": 75.6,
            "eps_avg_yearly": 2.16,
            "eps_latest_yearly": 3.44,
            "eps_growth_yearly": 47.78
        },
        "20133": {
            "year_quarter": 20133,
            "year": 2013,
            "quarter": 3,
            "eps": 0.79,
            "eps_growth_year": 20.71,
            "eps_4q": 2.96,
            "eps_4q_growth_year": 18.26,
            "roe": 5.09,
            "roe_4q": 18.970000000000002,
            "gross_profit": 91740,
            "gross_margin": 32.28,
            "gross_margin_4q_avg": 31.34,
            "net_income": 47130,
            "net_income_4q": null,
            "revenue": 284177,
            "revenue_4q": null,
            "common_shares": 593480,
            "book_valuer_per_share": 15.97,
            "book_valuer_per_share_4q_avg": 16.04,
            "equity": 953814,
            "current_ratio": 561.57,
            "debt_ratio": 17.76,
            "inventory_turnover_ratio": 1.28,
            "account_receivable_turnover_ratio": 5.8,
            "reinvestment_rate": 1.67,
            "research_to_sale_ratio": 4.52,
            "price_fair": 78.31,
            "eps_avg_yearly": 2.24,
            "eps_latest_yearly": 3.16,
            "eps_growth_yearly": 38.31
        },
        "20134": {
            "year_quarter": 20134,
            "year": 2013,
            "quarter": 4,
            "eps": 0.96,
            "eps_growth_year": 27.26,
            "eps_4q": 3.17,
            "eps_4q_growth_year": 20.91,
            "roe": 5.85,
            "roe_4q": 20.02,
            "gross_profit": 98574,
            "gross_margin": 32.12,
            "gross_margin_4q_avg": 31.99,
            "net_income": 57749,
            "net_income_4q": null,
            "revenue": 306870,
            "revenue_4q": null,
            "common_shares": 597240,
            "book_valuer_per_share": 16.96,
            "book_valuer_per_share_4q_avg": 16.26,
            "equity": 1019154,
            "current_ratio": 530.15,
            "debt_ratio": 18.83,
            "inventory_turnover_ratio": 1.32,
            "account_receivable_turnover_ratio": 5.25,
            "reinvestment_rate": -0.57,
            "research_to_sale_ratio": 4.3,
            "price_fair": 79.54,
            "eps_avg_yearly": 2.27,
            "eps_latest_yearly": 3.84,
            "eps_growth_yearly": 25.98
        },
        "20141": {
            "year_quarter": 20141,
            "year": 2014,
            "quarter": 1,
            "eps": 0.89,
            "eps_growth_year": 45.9,
            "eps_4q": 3.47,
            "eps_4q_growth_year": 29.19,
            "roe": 5.08,
            "roe_4q": 21.39,
            "gross_profit": 102120,
            "gross_margin": 34.03,
            "gross_margin_4q_avg": 32.71,
            "net_income": 53168,
            "net_income_4q": null,
            "revenue": 300062,
            "revenue_4q": null,
            "common_shares": 600740,
            "book_valuer_per_share": 17.85,
            "book_valuer_per_share_4q_avg": 16.55,
            "equity": 1072322,
            "current_ratio": 526.99,
            "debt_ratio": 18.93,
            "inventory_turnover_ratio": 1.1,
            "account_receivable_turnover_ratio": 4.76,
            "reinvestment_rate": -0.48,
            "research_to_sale_ratio": 4.66,
            "price_fair": 84,
            "eps_avg_yearly": 2.4,
            "eps_latest_yearly": 3.56,
            "eps_growth_yearly": 37.58
        },
        "20142": {
            "year_quarter": 20142,
            "year": 2014,
            "quarter": 2,
            "eps": 1.02,
            "eps_growth_year": 18.6,
            "eps_4q": 3.58,
            "eps_4q_growth_year": 26.62,
            "roe": 5.96,
            "roe_4q": 21.98,
            "gross_profit": 106515,
            "gross_margin": 33.76,
            "gross_margin_4q_avg": 33.05,
            "net_income": 61023,
            "net_income_4q": null,
            "revenue": 315537,
            "revenue_4q": null,
            "common_shares": 600740,
            "book_valuer_per_share": 16.27,
            "book_valuer_per_share_4q_avg": 16.76,
            "equity": 977153,
            "current_ratio": 364.5,
            "debt_ratio": 27.19,
            "inventory_turnover_ratio": 1.1,
            "account_receivable_turnover_ratio": 5.25,
            "reinvestment_rate": -0.17,
            "research_to_sale_ratio": 4.22,
            "price_fair": 89.08,
            "eps_avg_yearly": 2.55,
            "eps_latest_yearly": 4.08,
            "eps_growth_yearly": 37.28
        },
        "20143": {
            "year_quarter": 20143,
            "year": 2014,
            "quarter": 3,
            "eps": 0.91,
            "eps_growth_year": 15.19,
            "eps_4q": 3.71,
            "eps_4q_growth_year": 25.61,
            "roe": 5.54,
            "roe_4q": 22.43,
            "gross_profit": 103184,
            "gross_margin": 33.35,
            "gross_margin_4q_avg": 33.32,
            "net_income": 55676,
            "net_income_4q": null,
            "revenue": 309400,
            "revenue_4q": null,
            "common_shares": 612755,
            "book_valuer_per_share": 16.86,
            "book_valuer_per_share_4q_avg": 16.99,
            "equity": 1032829,
            "current_ratio": 542.83,
            "debt_ratio": 18.36,
            "inventory_turnover_ratio": 1.09,
            "account_receivable_turnover_ratio": 4.88,
            "reinvestment_rate": -0.39,
            "research_to_sale_ratio": 4.74,
            "price_fair": 91.88,
            "eps_avg_yearly": 2.63,
            "eps_latest_yearly": 3.64,
            "eps_growth_yearly": 26.06
        },
        "20144": {
            "year_quarter": 20144,
            "year": 2014,
            "quarter": 4,
            "eps": 1.22,
            "eps_growth_year": 27.35,
            "eps_4q": 4,
            "eps_4q_growth_year": 26.08,
            "roe": 7.01,
            "roe_4q": 23.590000000000003,
            "gross_profit": 127451,
            "gross_margin": 35.81,
            "gross_margin_4q_avg": 34.24,
            "net_income": 75015,
            "net_income_4q": null,
            "revenue": 355888,
            "revenue_4q": null,
            "common_shares": 612755,
            "book_valuer_per_share": 18.08,
            "book_valuer_per_share_4q_avg": 17.27,
            "equity": 1107974,
            "current_ratio": 528.05,
            "debt_ratio": 18.86,
            "inventory_turnover_ratio": 1.15,
            "account_receivable_turnover_ratio": 4.59,
            "reinvestment_rate": -0.4,
            "research_to_sale_ratio": 4.25,
            "price_fair": 99.75,
            "eps_avg_yearly": 2.85,
            "eps_latest_yearly": 4.88,
            "eps_growth_yearly": 46.02
        },
        "20151": {
            "year_quarter": 20151,
            "year": 2015,
            "quarter": 1,
            "eps": 1.03,
            "eps_growth_year": 15.73,
            "eps_4q": 4.16,
            "eps_4q_growth_year": 19.92,
            "roe": 5.53,
            "roe_4q": 24.04,
            "gross_profit": 112407,
            "gross_margin": 36.77,
            "gross_margin_4q_avg": 34.92,
            "net_income": 62976,
            "net_income_4q": null,
            "revenue": 305668,
            "revenue_4q": null,
            "common_shares": 612755,
            "book_valuer_per_share": 19.11,
            "book_valuer_per_share_4q_avg": 17.58,
            "equity": 1170950,
            "current_ratio": 578.94,
            "debt_ratio": 17.24,
            "inventory_turnover_ratio": 0.96,
            "account_receivable_turnover_ratio": 4.19,
            "reinvestment_rate": -0.27,
            "research_to_sale_ratio": 4.81,
            "price_fair": 106.75,
            "eps_avg_yearly": 3.05,
            "eps_latest_yearly": 4.12,
            "eps_growth_yearly": 49.16
        },
        "20152": {
            "year_quarter": 20152,
            "year": 2015,
            "quarter": 2,
            "eps": 1.1,
            "eps_growth_year": 7.84,
            "eps_4q": 4.17,
            "eps_4q_growth_year": 16.71,
            "roe": 6.08,
            "roe_4q": 24.159999999999997,
            "gross_profit": 118140,
            "gross_margin": 35.14,
            "gross_margin_4q_avg": 35.27,
            "net_income": 67126,
            "net_income_4q": null,
            "revenue": 336244,
            "revenue_4q": null,
            "common_shares": 612755,
            "book_valuer_per_share": 16.91,
            "book_valuer_per_share_4q_avg": 17.74,
            "equity": 1035867,
            "current_ratio": 328.94,
            "debt_ratio": 30.16,
            "inventory_turnover_ratio": 1.06,
            "account_receivable_turnover_ratio": 5.68,
            "reinvestment_rate": 0.01,
            "research_to_sale_ratio": 4.58,
            "price_fair": 114.01,
            "eps_avg_yearly": 3.26,
            "eps_latest_yearly": 4.4,
            "eps_growth_yearly": 46.51
        },
        "20153": {
            "year_quarter": 20153,
            "year": 2015,
            "quarter": 3,
            "eps": 1.07,
            "eps_growth_year": 17.58,
            "eps_4q": 4.35,
            "eps_4q_growth_year": 17.1,
            "roe": 6.24,
            "roe_4q": 24.86,
            "gross_profit": 112637,
            "gross_margin": 37.08,
            "gross_margin_4q_avg": 36.2,
            "net_income": 66752,
            "net_income_4q": null,
            "revenue": 303803,
            "revenue_4q": null,
            "common_shares": 625010,
            "book_valuer_per_share": 17.64,
            "book_valuer_per_share_4q_avg": 17.94,
            "equity": 1102619,
            "current_ratio": 574.51,
            "debt_ratio": 17.38,
            "inventory_turnover_ratio": 0.89,
            "account_receivable_turnover_ratio": 4.6,
            "reinvestment_rate": 0.31,
            "research_to_sale_ratio": 4.77,
            "price_fair": 120.05,
            "eps_avg_yearly": 3.43,
            "eps_latest_yearly": 4.28,
            "eps_growth_yearly": 35.64
        },
        "20154": {
            "year_quarter": 20154,
            "year": 2015,
            "quarter": 4,
            "eps": 1.11,
            "eps_growth_year": -9.59,
            "eps_4q": 4.26,
            "eps_4q_growth_year": 6.51,
            "roe": 6.09,
            "roe_4q": 23.94,
            "gross_profit": 124797,
            "gross_margin": 39.03,
            "gross_margin_4q_avg": 37.01,
            "net_income": 69181,
            "net_income_4q": null,
            "revenue": 319748,
            "revenue_4q": null,
            "common_shares": 625010,
            "book_valuer_per_share": 18.73,
            "book_valuer_per_share_4q_avg": 18.1,
            "equity": 1170368,
            "current_ratio": 632.81,
            "debt_ratio": 15.87,
            "inventory_turnover_ratio": 0.91,
            "account_receivable_turnover_ratio": 4.75,
            "reinvestment_rate": 0.97,
            "research_to_sale_ratio": 4.9,
            "price_fair": 106.96,
            "eps_avg_yearly": 3.55,
            "eps_latest_yearly": 4.44,
            "eps_growth_yearly": 20.13
        },
        "20161": {
            "year_quarter": 20161,
            "year": 2016,
            "quarter": 1,
            "eps": 1.02,
            "eps_growth_year": -0.97,
            "eps_4q": 4.27,
            "eps_4q_growth_year": 2.65,
            "roe": 5.29,
            "roe_4q": 23.699999999999996,
            "gross_profit": 119500,
            "gross_margin": 39.81,
            "gross_margin_4q_avg": 37.77,
            "net_income": 63616,
            "net_income_4q": null,
            "revenue": 300205,
            "revenue_4q": null,
            "common_shares": 625010,
            "book_valuer_per_share": 19.74,
            "book_valuer_per_share_4q_avg": 18.26,
            "equity": 1233984,
            "current_ratio": 646.55,
            "debt_ratio": 15.55,
            "inventory_turnover_ratio": 0.86,
            "account_receivable_turnover_ratio": 4.52,
            "reinvestment_rate": 0.86,
            "research_to_sale_ratio": 4.83,
            "price_fair": 114.71,
            "eps_avg_yearly": 3.67,
            "eps_latest_yearly": 4.08,
            "eps_growth_yearly": 21.28
        },
        "20162": {
            "year_quarter": 20162,
            "year": 2016,
            "quarter": 2,
            "eps": 1.23,
            "eps_growth_year": 11.82,
            "eps_4q": 4.43,
            "eps_4q_growth_year": 6.08,
            "roe": 6.68,
            "roe_4q": 24.299999999999997,
            "gross_profit": 129892,
            "gross_margin": 38.88,
            "gross_margin_4q_avg": 38.7,
            "net_income": 77095,
            "net_income_4q": null,
            "revenue": 334094,
            "revenue_4q": null,
            "common_shares": 625010,
            "book_valuer_per_share": 17.18,
            "book_valuer_per_share_4q_avg": 18.32,
            "equity": 1073576,
            "current_ratio": 323.87,
            "debt_ratio": 30.66,
            "inventory_turnover_ratio": 0.97,
            "account_receivable_turnover_ratio": 4.4,
            "reinvestment_rate": 0.65,
            "research_to_sale_ratio": 4.55,
            "price_fair": 117.91,
            "eps_avg_yearly": 3.81,
            "eps_latest_yearly": 4.92,
            "eps_growth_yearly": 20.97
        },
        "20163": {
            "year_quarter": 20163,
            "year": 2016,
            "quarter": 3,
            "eps": 0.94,
            "eps_growth_year": -12.15,
            "eps_4q": 4.3,
            "eps_4q_growth_year": -1.19,
            "roe": 5.33,
            "roe_4q": 23.39,
            "gross_profit": 115230,
            "gross_margin": 38.09,
            "gross_margin_4q_avg": 38.95,
            "net_income": 58743,
            "net_income_4q": null,
            "revenue": 302507,
            "revenue_4q": null,
            "common_shares": 625010,
            "book_valuer_per_share": 18.12,
            "book_valuer_per_share_4q_avg": 18.44,
            "equity": 1132319,
            "current_ratio": 564.7,
            "debt_ratio": 17.76,
            "inventory_turnover_ratio": 0.86,
            "account_receivable_turnover_ratio": 4.21,
            "reinvestment_rate": 0.07,
            "research_to_sale_ratio": 4.91,
            "price_fair": 100.18,
            "eps_avg_yearly": 3.88,
            "eps_latest_yearly": 3.76,
            "eps_growth_yearly": 15.82
        },
        "20164": {
            "year_quarter": 20164,
            "year": 2016,
            "quarter": 4,
            "eps": 1.19,
            "eps_growth_year": 7.83,
            "eps_4q": 4.38,
            "eps_4q_growth_year": 3.01,
            "roe": 6.38,
            "roe_4q": 23.68,
            "gross_profit": 135011,
            "gross_margin": 39.39,
            "gross_margin_4q_avg": 39.04,
            "net_income": 74601,
            "net_income_4q": null,
            "revenue": 342725,
            "revenue_4q": null,
            "common_shares": 625010,
            "book_valuer_per_share": 19.3,
            "book_valuer_per_share_4q_avg": 18.59,
            "equity": 1206492,
            "current_ratio": 523.2,
            "debt_ratio": 19.19,
            "inventory_turnover_ratio": 0.93,
            "account_receivable_turnover_ratio": 5.27,
            "reinvestment_rate": -0.07,
            "research_to_sale_ratio": 4.89,
            "price_fair": 112.6,
            "eps_avg_yearly": 3.99,
            "eps_latest_yearly": 4.76,
            "eps_growth_yearly": 18.24
        },
        "20171": {
            "year_quarter": 20171,
            "year": 2017,
            "quarter": 1,
            "eps": 1.05,
            "eps_growth_year": 2.94,
            "eps_4q": 4.42,
            "eps_4q_growth_year": 3.61,
            "roe": 5.32,
            "roe_4q": 23.71,
            "gross_profit": 124010,
            "gross_margin": 38.22,
            "gross_margin_4q_avg": 38.65,
            "net_income": 65876,
            "net_income_4q": null,
            "revenue": 324486,
            "revenue_4q": null,
            "common_shares": 625010,
            "book_valuer_per_share": 20.36,
            "book_valuer_per_share_4q_avg": 18.74,
            "equity": 1272368,
            "current_ratio": 575.61,
            "debt_ratio": 17.5,
            "inventory_turnover_ratio": 0.9,
            "account_receivable_turnover_ratio": 4.73,
            "reinvestment_rate": 0.14,
            "research_to_sale_ratio": 4.85,
            "price_fair": 123.87,
            "eps_avg_yearly": 4.1,
            "eps_latest_yearly": 4.2,
            "eps_growth_yearly": 20.23
        },
        "20172": {
            "year_quarter": 20172,
            "year": 2017,
            "quarter": 2,
            "eps": 1.16,
            "eps_growth_year": -5.69,
            "eps_4q": 4.35,
            "eps_4q_growth_year": -1.7,
            "roe": 6.13,
            "roe_4q": 23.159999999999997,
            "gross_profit": 121501,
            "gross_margin": 37.82,
            "gross_margin_4q_avg": 38.38,
            "net_income": 72724,
            "net_income_4q": null,
            "revenue": 321234,
            "revenue_4q": null,
            "common_shares": 625010,
            "book_valuer_per_share": 17.62,
            "book_valuer_per_share_4q_avg": 18.85,
            "equity": 1101338,
            "current_ratio": 314.34,
            "debt_ratio": 31.74,
            "inventory_turnover_ratio": 0.87,
            "account_receivable_turnover_ratio": 5.01,
            "reinvestment_rate": -0.59,
            "research_to_sale_ratio": 5.01,
            "price_fair": 94.32,
            "eps_avg_yearly": 4.17,
            "eps_latest_yearly": 4.64,
            "eps_growth_yearly": 12.6
        },
        "20173": {
            "year_quarter": 20173,
            "year": 2017,
            "quarter": 3,
            "eps": 1.24,
            "eps_growth_year": 31.91,
            "eps_4q": 4.65,
            "eps_4q_growth_year": 8.26,
            "roe": 6.81,
            "roe_4q": 24.639999999999997,
            "gross_profit": 133548,
            "gross_margin": 38.36,
            "gross_margin_4q_avg": 38.45,
            "net_income": 77622,
            "net_income_4q": null,
            "revenue": 348100,
            "revenue_4q": null,
            "common_shares": 625010,
            "book_valuer_per_share": 18.87,
            "book_valuer_per_share_4q_avg": 19.04,
            "equity": 1179140,
            "current_ratio": 491.08,
            "debt_ratio": 20.47,
            "inventory_turnover_ratio": 0.89,
            "account_receivable_turnover_ratio": 5.73,
            "reinvestment_rate": -0.38,
            "research_to_sale_ratio": 4.82,
            "price_fair": 112.97,
            "eps_avg_yearly": 4.29,
            "eps_latest_yearly": 4.96,
            "eps_growth_yearly": 16.36
        },
        "20174": {
            "year_quarter": 20174,
            "year": 2017,
            "quarter": 4,
            "eps": 1.44,
            "eps_growth_year": 20.86,
            "eps_4q": 4.9,
            "eps_4q_growth_year": 11.8,
            "roe": 7.37,
            "roe_4q": 25.63,
            "gross_profit": 143589,
            "gross_margin": 39.1,
            "gross_margin_4q_avg": 38.38,
            "net_income": 90164,
            "net_income_4q": null,
            "revenue": 367270,
            "revenue_4q": null,
            "common_shares": 625010,
            "book_valuer_per_share": 20.3,
            "book_valuer_per_share_4q_avg": 19.29,
            "equity": 1268688,
            "current_ratio": 584.8,
            "debt_ratio": 17.3,
            "inventory_turnover_ratio": 0.94,
            "account_receivable_turnover_ratio": 5.07,
            "reinvestment_rate": -0.53,
            "research_to_sale_ratio": 4.65,
            "price_fair": 110.2,
            "eps_avg_yearly": 4.41,
            "eps_latest_yearly": 5.76,
            "eps_growth_yearly": 15.02
        },
        "20181": {
            "year_quarter": 20181,
            "year": 2018,
            "quarter": 1,
            "eps": 1.02,
            "eps_growth_year": -2.86,
            "eps_4q": 4.87,
            "eps_4q_growth_year": 10.22,
            "roe": 4.92,
            "roe_4q": 25.229999999999997,
            "gross_profit": 117753,
            "gross_margin": 37.96,
            "gross_margin_4q_avg": 38.31,
            "net_income": 64053,
            "net_income_4q": null,
            "revenue": 310163,
            "revenue_4q": null,
            "common_shares": 625010,
            "book_valuer_per_share": 21.32,
            "book_valuer_per_share_4q_avg": 19.53,
            "equity": 1332741,
            "current_ratio": 586.58,
            "debt_ratio": 17.25,
            "inventory_turnover_ratio": 0.85,
            "account_receivable_turnover_ratio": 4.2,
            "reinvestment_rate": -0.59,
            "research_to_sale_ratio": 5.49,
            "price_fair": 86.74,
            "eps_avg_yearly": 4.44,
            "eps_latest_yearly": 4.08,
            "eps_growth_yearly": 9.55
        },
        "20182": {
            "year_quarter": 20182,
            "year": 2018,
            "quarter": 2,
            "eps": 1.1,
            "eps_growth_year": -5.17,
            "eps_4q": 4.81,
            "eps_4q_growth_year": 10.5,
            "roe": 5.57,
            "roe_4q": 24.669999999999998,
            "gross_profit": 121763,
            "gross_margin": 38.2,
            "gross_margin_4q_avg": 38.41,
            "net_income": 68659,
            "net_income_4q": null,
            "revenue": 318793,
            "revenue_4q": null,
            "common_shares": 625010,
            "book_valuer_per_share": 18.12,
            "book_valuer_per_share_4q_avg": 19.65,
            "equity": 1132805,
            "current_ratio": 305.75,
            "debt_ratio": 32.68,
            "inventory_turnover_ratio": 0.87,
            "account_receivable_turnover_ratio": 4.8,
            "reinvestment_rate": -0.72,
            "research_to_sale_ratio": 5.34,
            "price_fair": 79.6,
            "eps_avg_yearly": 4.46,
            "eps_latest_yearly": 4.4,
            "eps_growth_yearly": 7.86
        },
        "20183": {
            "year_quarter": 20183,
            "year": 2018,
            "quarter": 3,
            "eps": 1.31,
            "eps_growth_year": 5.65,
            "eps_4q": 4.87,
            "eps_4q_growth_year": 4.76,
            "roe": 6.97,
            "roe_4q": 24.830000000000002,
            "gross_profit": 145316,
            "gross_margin": 39.68,
            "gross_margin_4q_avg": 38.74,
            "net_income": 81780,
            "net_income_4q": null,
            "revenue": 366242,
            "revenue_4q": null,
            "common_shares": 625010,
            "book_valuer_per_share": 19.43,
            "book_valuer_per_share_4q_avg": 19.79,
            "equity": 1214585,
            "current_ratio": 551.77,
            "debt_ratio": 18.31,
            "inventory_turnover_ratio": 0.95,
            "account_receivable_turnover_ratio": 5.1,
            "reinvestment_rate": -0.85,
            "research_to_sale_ratio": 4.99,
            "price_fair": 115.42,
            "eps_avg_yearly": 4.56,
            "eps_latest_yearly": 5.24,
            "eps_growth_yearly": 15.33
        },
        "20184": {
            "year_quarter": 20184,
            "year": 2018,
            "quarter": 4,
            "eps": 1.38,
            "eps_growth_year": -4.01,
            "eps_4q": 4.82,
            "eps_4q_growth_year": -1.74,
            "roe": 6.88,
            "roe_4q": 24.340000000000003,
            "gross_profit": 148446,
            "gross_margin": 39.87,
            "gross_margin_4q_avg": 38.93,
            "net_income": 86548,
            "net_income_4q": null,
            "revenue": 372340,
            "revenue_4q": null,
            "common_shares": 625010,
            "book_valuer_per_share": 20.82,
            "book_valuer_per_share_4q_avg": 19.92,
            "equity": 1301192,
            "current_ratio": 558.87,
            "debt_ratio": 18.05,
            "inventory_turnover_ratio": 0.93,
            "account_receivable_turnover_ratio": 4.24,
            "reinvestment_rate": -0.71,
            "research_to_sale_ratio": 4.6,
            "price_fair": 83.42,
            "eps_avg_yearly": 4.6,
            "eps_latest_yearly": 5.52,
            "eps_growth_yearly": 8.14
        },
        "20191": {
            "year_quarter": 20191,
            "year": 2019,
            "quarter": 1,
            "eps": 1.14,
            "eps_growth_year": 11.76,
            "eps_4q": 4.93,
            "eps_4q_growth_year": 1.11,
            "roe": 5.31,
            "roe_4q": 24.73,
            "gross_profit": 130572,
            "gross_margin": 40.53,
            "gross_margin_4q_avg": 39.57,
            "net_income": 70968,
            "net_income_4q": null,
            "revenue": 322169,
            "revenue_4q": null,
            "common_shares": 625010,
            "book_valuer_per_share": 21.95,
            "book_valuer_per_share_4q_avg": 20.08,
            "equity": 1372152,
            "current_ratio": 542.56,
            "debt_ratio": 19.56,
            "inventory_turnover_ratio": 0.81,
            "account_receivable_turnover_ratio": 3.45,
            "reinvestment_rate": -0.69,
            "research_to_sale_ratio": 5.74,
            "price_fair": 81.82,
            "eps_avg_yearly": 4.63,
            "eps_latest_yearly": 4.56,
            "eps_growth_yearly": 7.69
        },
        "20192": {
            "year_quarter": 20192,
            "year": 2019,
            "quarter": 2,
            "eps": 1.19,
            "eps_growth_year": 8.18,
            "eps_4q": 5.02,
            "eps_4q_growth_year": 4.44,
            "roe": 5.85,
            "roe_4q": 25.009999999999998,
            "gross_profit": 131994,
            "gross_margin": 41.05,
            "gross_margin_4q_avg": 40.28,
            "net_income": 74544,
            "net_income_4q": null,
            "revenue": 321532,
            "revenue_4q": null,
            "common_shares": 625010,
            "book_valuer_per_share": 18.85,
            "book_valuer_per_share_4q_avg": 20.26,
            "equity": 1177942,
            "current_ratio": 311.22,
            "debt_ratio": 32.55,
            "inventory_turnover_ratio": 0.84,
            "account_receivable_turnover_ratio": 4.01,
            "reinvestment_rate": -0.63,
            "research_to_sale_ratio": 6,
            "price_fair": 79.42,
            "eps_avg_yearly": 4.65,
            "eps_latest_yearly": 4.76,
            "eps_growth_yearly": 7.09
        },
        "20193": {
            "year_quarter": 20193,
            "year": 2019,
            "quarter": 3,
            "eps": 1.23,
            "eps_growth_year": -6.11,
            "eps_4q": 4.94,
            "eps_4q_growth_year": 1.38,
            "roe": 6.31,
            "roe_4q": 24.349999999999998,
            "gross_profit": 134911,
            "gross_margin": 41.11,
            "gross_margin_4q_avg": 40.64,
            "net_income": 76810,
            "net_income_4q": null,
            "revenue": 328142,
            "revenue_4q": null,
            "common_shares": 625010,
            "book_valuer_per_share": 20.08,
            "book_valuer_per_share_4q_avg": 20.43,
            "equity": 1254752,
            "current_ratio": 465.61,
            "debt_ratio": 22.26,
            "inventory_turnover_ratio": 0.87,
            "account_receivable_turnover_ratio": 4.47,
            "reinvestment_rate": -0.79,
            "research_to_sale_ratio": 5.55,
            "price_fair": 87.24,
            "eps_avg_yearly": 4.69,
            "eps_latest_yearly": 4.92,
            "eps_growth_yearly": 8.61
        },
        "20194": {
            "year_quarter": 20194,
            "year": 2019,
            "quarter": 4,
            "eps": 1.45,
            "eps_growth_year": 4.6,
            "eps_4q": 5.01,
            "eps_4q_growth_year": 3.92,
            "roe": 6.96,
            "roe_4q": 24.429999999999996,
            "gross_profit": 152613,
            "gross_margin": 40.57,
            "gross_margin_4q_avg": 40.82,
            "net_income": 90530,
            "net_income_4q": null,
            "revenue": 376189,
            "revenue_4q": null,
            "common_shares": 625010,
            "book_valuer_per_share": 21.52,
            "book_valuer_per_share_4q_avg": 20.6,
            "equity": 1345074,
            "current_ratio": 564.55,
            "debt_ratio": 18.57,
            "inventory_turnover_ratio": 0.99,
            "account_receivable_turnover_ratio": 4.92,
            "reinvestment_rate": -1.15,
            "research_to_sale_ratio": 4.22,
            "price_fair": 105.7,
            "eps_avg_yearly": 4.77,
            "eps_latest_yearly": 5.8,
            "eps_growth_yearly": 12.15
        },
        "20201": {
            "year_quarter": 20201,
            "year": 2020,
            "quarter": 1,
            "eps": 1.03,
            "eps_growth_year": -9.65,
            "eps_4q": 4.9,
            "eps_4q_growth_year": -0.56,
            "roe": 4.67,
            "roe_4q": 23.79,
            "gross_profit": 121667,
            "gross_margin": 41.07,
            "gross_margin_4q_avg": 40.95,
            "net_income": 64342,
            "net_income_4q": null,
            "revenue": 296231,
            "revenue_4q": null,
            "common_shares": 625010,
            "book_valuer_per_share": 22.55,
            "book_valuer_per_share_4q_avg": 20.75,
            "equity": 1409416,
            "current_ratio": 588.54,
            "debt_ratio": 17.79,
            "inventory_turnover_ratio": 0.76,
            "account_receivable_turnover_ratio": 4.1,
            "reinvestment_rate": -1.06,
            "research_to_sale_ratio": 6.27,
            "price_fair": 80.85,
            "eps_avg_yearly": 4.78,
            "eps_latest_yearly": 4.12,
            "eps_growth_yearly": 6.93
        },
        "20202": {
            "year_quarter": 20202,
            "year": 2020,
            "quarter": 2,
            "eps": 0.87,
            "eps_growth_year": -26.89,
            "eps_4q": 4.57,
            "eps_4q_growth_year": -8.91,
            "roe": 4.18,
            "roe_4q": 22.119999999999997,
            "gross_profit": 106189,
            "gross_margin": 40.57,
            "gross_margin_4q_avg": 40.83,
            "net_income": 54182,
            "net_income_4q": null,
            "revenue": 261731,
            "revenue_4q": null,
            "common_shares": 625010,
            "book_valuer_per_share": 18.92,
            "book_valuer_per_share_4q_avg": 20.77,
            "equity": 1182344,
            "current_ratio": 321.97,
            "debt_ratio": 31.42,
            "inventory_turnover_ratio": 0.64,
            "account_receivable_turnover_ratio": 3.87,
            "reinvestment_rate": -1,
            "research_to_sale_ratio": 6.81,
            "price_fair": 14.06,
            "eps_avg_yearly": 4.69,
            "eps_latest_yearly": 3.48,
            "eps_growth_yearly": -2.1
        },
        "20203": {
            "year_quarter": 20203,
            "year": 2020,
            "quarter": 3,
            "eps": 1.07,
            "eps_growth_year": -13.01,
            "eps_4q": 4.42,
            "eps_4q_growth_year": -10.58,
            "roe": 5.52,
            "roe_4q": 21.33,
            "gross_profit": 121773,
            "gross_margin": 39.92,
            "gross_margin_4q_avg": 40.53,
            "net_income": 67143,
            "net_income_4q": null,
            "revenue": 305032,
            "revenue_4q": null,
            "common_shares": 625010,
            "book_valuer_per_share": 19.99,
            "book_valuer_per_share_4q_avg": 20.75,
            "equity": 1249487,
            "current_ratio": 542.24,
            "debt_ratio": 20.21,
            "inventory_turnover_ratio": 0.76,
            "account_receivable_turnover_ratio": 4.22,
            "reinvestment_rate": -0.87,
            "research_to_sale_ratio": 5.78,
            "price_fair": 92.2,
            "eps_avg_yearly": 4.72,
            "eps_latest_yearly": 4.28,
            "eps_growth_yearly": 9.54
        },
        "20204": {
            "year_quarter": 20204,
            "year": 2020,
            "quarter": 4,
            "eps": 1.35,
            "eps_growth_year": -6.49,
            "eps_4q": 4.33,
            "eps_4q_growth_year": -13.6,
            "roe": 6.55,
            "roe_4q": 20.92,
            "gross_profit": 143848,
            "gross_margin": 39.51,
            "gross_margin_4q_avg": 40.27,
            "net_income": 84652,
            "net_income_4q": null,
            "revenue": 364111,
            "revenue_4q": null,
            "common_shares": 625010,
            "book_valuer_per_share": 21.34,
            "book_valuer_per_share_4q_avg": 20.7,
            "equity": 1333890,
            "current_ratio": 548.98,
            "debt_ratio": 19.67,
            "inventory_turnover_ratio": 1.03,
            "account_receivable_turnover_ratio": 4.42,
            "reinvestment_rate": -0.73,
            "research_to_sale_ratio": 4.69,
            "price_fair": 92.47,
            "eps_avg_yearly": 4.76,
            "eps_latest_yearly": 5.4,
            "eps_growth_yearly": 9.44
        },
        "20211": {
            "year_quarter": 20211,
            "year": 2021,
            "quarter": 1,
            "eps": 1.02,
            "eps_growth_year": -0.97,
            "eps_4q": 4.32,
            "eps_4q_growth_year": -11.9,
            "roe": 4.67,
            "roe_4q": 20.919999999999998,
            "gross_profit": 124349,
            "gross_margin": 39.93,
            "gross_margin_4q_avg": 39.98,
            "net_income": 63817,
            "net_income_4q": null,
            "revenue": 311430,
            "revenue_4q": null,
            "common_shares": 625010,
            "book_valuer_per_share": 22.36,
            "book_valuer_per_share_4q_avg": 20.65,
            "equity": 1397707,
            "current_ratio": 545.47,
            "debt_ratio": 19.49,
            "inventory_turnover_ratio": 0.94,
            "account_receivable_turnover_ratio": 3.62,
            "reinvestment_rate": -0.61,
            "research_to_sale_ratio": 6.18,
            "price_fair": 77.27,
            "eps_avg_yearly": 4.75,
            "eps_latest_yearly": 4.08,
            "eps_growth_yearly": 6.27
        },
        "20212": {
            "year_quarter": 20212,
            "year": 2021,
            "quarter": 2,
            "eps": 1.33,
            "eps_growth_year": 52.87,
            "eps_4q": 4.78,
            "eps_4q_growth_year": 4.48,
            "roe": 6.32,
            "roe_4q": 23.06,
            "gross_profit": 143217,
            "gross_margin": 40.48,
            "gross_margin_4q_avg": 39.96,
            "net_income": 83049,
            "net_income_4q": null,
            "revenue": 353759,
            "revenue_4q": null,
            "common_shares": 625010,
            "book_valuer_per_share": 19.69,
            "book_valuer_per_share_4q_avg": 20.85,
            "equity": 1230752,
            "current_ratio": 321.06,
            "debt_ratio": 31.61,
            "inventory_turnover_ratio": 1.05,
            "account_receivable_turnover_ratio": 4.24,
            "reinvestment_rate": -0.21,
            "research_to_sale_ratio": 5.62,
            "price_fair": 101.82,
            "eps_avg_yearly": 4.79,
            "eps_latest_yearly": 5.32,
            "eps_growth_yearly": 11.25
        },
        "20213": {
            "year_quarter": 20213,
            "year": 2021,
            "quarter": 3,
            "eps": 1.27,
            "eps_growth_year": 18.69,
            "eps_4q": 4.97,
            "eps_4q_growth_year": 12.47,
            "roe": 6.23,
            "roe_4q": 23.77,
            "gross_profit": 140308,
            "gross_margin": 39.88,
            "gross_margin_4q_avg": 39.95,
            "net_income": 79127,
            "net_income_4q": null,
            "revenue": 351845,
            "revenue_4q": null,
            "common_shares": 625010,
            "book_valuer_per_share": 20.96,
            "book_valuer_per_share_4q_avg": 21.09,
            "equity": 1309879,
            "current_ratio": 470.23,
            "debt_ratio": 21.93,
            "inventory_turnover_ratio": 1,
            "account_receivable_turnover_ratio": 3.85,
            "reinvestment_rate": -0.35,
            "research_to_sale_ratio": 5.56,
            "price_fair": 88.29,
            "eps_avg_yearly": 4.8,
            "eps_latest_yearly": 5.08,
            "eps_growth_yearly": 8.39
        },
        "20214": {
            "year_quarter": 20214,
            "year": 2021,
            "quarter": 4,
            "eps": 1.52,
            "eps_growth_year": 12.41,
            "eps_4q": 5.14,
            "eps_4q_growth_year": 18.8,
            "roe": 7.01,
            "roe_4q": 24.230000000000004,
            "gross_profit": 161416,
            "gross_margin": 39.36,
            "gross_margin_4q_avg": 39.91,
            "net_income": 95157,
            "net_income_4q": null,
            "revenue": 410063,
            "revenue_4q": null,
            "common_shares": 625010,
            "book_valuer_per_share": 22.48,
            "book_valuer_per_share_4q_avg": 21.37,
            "equity": 1405064,
            "current_ratio": 490.3,
            "debt_ratio": 20.82,
            "inventory_turnover_ratio": 1.14,
            "account_receivable_turnover_ratio": 4.02,
            "reinvestment_rate": -0.24,
            "research_to_sale_ratio": 5.11,
            "price_fair": 92.94,
            "eps_avg_yearly": 4.82,
            "eps_latest_yearly": 6.08,
            "eps_growth_yearly": 9.28
        },
        "20221": {
            "year_quarter": 20221,
            "year": 2022,
            "quarter": 1,
            "eps": 1.25,
            "eps_growth_year": 22.55,
            "eps_4q": 5.37,
            "eps_4q_growth_year": 24.42,
            "roe": 5.42,
            "roe_4q": 24.98,
            "gross_profit": 138910,
            "gross_margin": 38.41,
            "gross_margin_4q_avg": 39.53,
            "net_income": 78349,
            "net_income_4q": null,
            "revenue": 361609,
            "revenue_4q": null,
            "common_shares": 625010,
            "book_valuer_per_share": 23.73,
            "book_valuer_per_share_4q_avg": 21.72,
            "equity": 1483413,
            "current_ratio": 473.18,
            "debt_ratio": 21.32,
            "inventory_turnover_ratio": 1.03,
            "account_receivable_turnover_ratio": 3.44,
            "reinvestment_rate": 0.05,
            "research_to_sale_ratio": 5.66,
            "price_fair": 107.96,
            "eps_avg_yearly": 4.88,
            "eps_latest_yearly": 5,
            "eps_growth_yearly": 12.13
        },
        "20222": {
            "year_quarter": 20222,
            "year": 2022,
            "quarter": 2,
            "eps": 1.76,
            "eps_growth_year": 32.33,
            "eps_4q": 5.8,
            "eps_4q_growth_year": 21.42,
            "roe": 7.9,
            "roe_4q": 26.56,
            "gross_profit": 180254,
            "gross_margin": 41.53,
            "gross_margin_4q_avg": 39.8,
            "net_income": 109992,
            "net_income_4q": null,
            "revenue": 433998,
            "revenue_4q": null,
            "common_shares": 625010,
            "book_valuer_per_share": 20.79,
            "book_valuer_per_share_4q_avg": 21.99,
            "equity": 1299650,
            "current_ratio": 288.59,
            "debt_ratio": 34.37,
            "inventory_turnover_ratio": 1.09,
            "account_receivable_turnover_ratio": 4,
            "reinvestment_rate": 0.01,
            "research_to_sale_ratio": 5.02,
            "price_fair": 153.16,
            "eps_avg_yearly": 5.04,
            "eps_latest_yearly": 7.04,
            "eps_growth_yearly": 20.37
        },
        "20223": {
            "year_quarter": 20223,
            "year": 2022,
            "quarter": 3,
            "eps": 1.77,
            "eps_growth_year": 39.37,
            "eps_4q": 6.31,
            "eps_4q_growth_year": 26.97,
            "roe": 8.19,
            "roe_4q": 28.519999999999996,
            "gross_profit": 182918,
            "gross_margin": 43.54,
            "gross_margin_4q_avg": 40.71,
            "net_income": 110924,
            "net_income_4q": null,
            "revenue": 420130,
            "revenue_4q": null,
            "common_shares": 625010,
            "book_valuer_per_share": 22.57,
            "book_valuer_per_share_4q_avg": 22.39,
            "equity": 1410574,
            "current_ratio": 453.3,
            "debt_ratio": 22,
            "inventory_turnover_ratio": 0.98,
            "account_receivable_turnover_ratio": 4.21,
            "reinvestment_rate": 0.1,
            "research_to_sale_ratio": 5.19,
            "price_fair": 132.77,
            "eps_avg_yearly": 5.16,
            "eps_latest_yearly": 7.08,
            "eps_growth_yearly": 15.74
        },
        "20224": {
            "year_quarter": 20224,
            "year": 2022,
            "quarter": 4,
            "eps": 2.22,
            "eps_growth_year": 46.07,
            "eps_4q": 7.01,
            "eps_4q_growth_year": 36.47,
            "roe": 9.39,
            "roe_4q": 30.9,
            "gross_profit": 223496,
            "gross_margin": 44.32,
            "gross_margin_4q_avg": 41.95,
            "net_income": 138998,
            "net_income_4q": null,
            "revenue": 504294,
            "revenue_4q": null,
            "common_shares": 625010,
            "book_valuer_per_share": 24.82,
            "book_valuer_per_share_4q_avg": 22.98,
            "equity": 1551046,
            "current_ratio": 447.27,
            "debt_ratio": 22.25,
            "inventory_turnover_ratio": 1.15,
            "account_receivable_turnover_ratio": 5.16,
            "reinvestment_rate": 0.1,
            "research_to_sale_ratio": 4.66,
            "price_fair": 165.12,
            "eps_avg_yearly": 5.37,
            "eps_latest_yearly": 8.88,
            "eps_growth_yearly": 20.76
        },
        "20231": {
            "year_quarter": 20231,
            "year": 2023,
            "quarter": 1,
            "eps": 1.81,
            "eps_growth_year": 44.8,
            "eps_4q": 7.57,
            "eps_4q_growth_year": 40.87,
            "roe": 7.03,
            "roe_4q": 32.51,
            "gross_profit": 187040,
            "gross_margin": 42.92,
            "gross_margin_4q_avg": 43.08,
            "net_income": 112963,
            "net_income_4q": null,
            "revenue": 435767,
            "revenue_4q": null,
            "common_shares": 625010,
            "book_valuer_per_share": 26.62,
            "book_valuer_per_share_4q_avg": 23.7,
            "equity": 1664009,
            "current_ratio": 468.97,
            "debt_ratio": 21.23,
            "inventory_turnover_ratio": 0.97,
            "account_receivable_turnover_ratio": 4,
            "reinvestment_rate": 0.34,
            "research_to_sale_ratio": 5.48,
            "price_fair": 168.78,
            "eps_avg_yearly": 5.54,
            "eps_latest_yearly": 7.24,
            "eps_growth_yearly": 20.49
        },
        "20232": {
            "year_quarter": 20232,
            "year": 2023,
            "quarter": 2,
            "eps": 2.32,
            "eps_growth_year": 31.82,
            "eps_4q": 8.12,
            "eps_4q_growth_year": 40.02,
            "roe": 9.43,
            "roe_4q": 34.04,
            "gross_profit": 226464,
            "gross_margin": 45.19,
            "gross_margin_4q_avg": 43.99,
            "net_income": 144876,
            "net_income_4q": null,
            "revenue": 501150,
            "revenue_4q": null,
            "common_shares": 625010,
            "book_valuer_per_share": 22.54,
            "book_valuer_per_share_4q_avg": 24.14,
            "equity": 1408879,
            "current_ratio": 275.38,
            "debt_ratio": 36.05,
            "inventory_turnover_ratio": 1.04,
            "account_receivable_turnover_ratio": 4.75,
            "reinvestment_rate": 0.31,
            "research_to_sale_ratio": 4.96,
            "price_fair": 203.61,
            "eps_avg_yearly": 5.82,
            "eps_latest_yearly": 9.28,
            "eps_growth_yearly": 26.44
        }
    },
    "months": {
        "2003-09": {
            "month": "2003-09",
            "price": "79.35",
            "revenue": 97199
        },
        "2003-10": {
            "month": "2003-10",
            "price": "78.27",
            "revenue": 106575
        },
        "2003-11": {
            "month": "2003-11",
            "price": "77.50",
            "revenue": 100659
        },
        "2003-12": {
            "month": "2003-12",
            "price": "81.35",
            "revenue": 94066
        },
        "2004-01": {
            "month": "2004-01",
            "price": "83.40",
            "revenue": 72194
        },
        "2004-02": {
            "month": "2004-02",
            "price": "91.80",
            "revenue": 84501
        },
        "2004-03": {
            "month": "2004-03",
            "price": "85.70",
            "revenue": 101980
        },
        "2004-04": {
            "month": "2004-04",
            "price": "83.11",
            "revenue": 106068
        },
        "2004-05": {
            "month": "2004-05",
            "price": "71.05",
            "revenue": 106977
        },
        "2004-06": {
            "month": "2004-06",
            "price": "76.67",
            "revenue": 84606
        },
        "2004-07": {
            "month": "2004-07",
            "price": "71.95",
            "revenue": 91162
        },
        "2004-08": {
            "month": "2004-08",
            "price": "66.95",
            "revenue": 94236
        },
        "2004-09": {
            "month": "2004-09",
            "price": "70.71",
            "revenue": 103475
        },
        "2004-10": {
            "month": "2004-10",
            "price": "67.92",
            "revenue": 106662
        },
        "2004-11": {
            "month": "2004-11",
            "price": "67.57",
            "revenue": 104842
        },
        "2004-12": {
            "month": "2004-12",
            "price": "68.63",
            "revenue": 54835
        },
        "2005-01": {
            "month": "2005-01",
            "price": "61.19",
            "revenue": 88492
        },
        "2005-02": {
            "month": "2005-02",
            "price": "62.00",
            "revenue": 72921
        },
        "2005-03": {
            "month": "2005-03",
            "price": "66.56",
            "revenue": 115881
        },
        "2005-04": {
            "month": "2005-04",
            "price": "66.02",
            "revenue": 114648
        },
        "2005-05": {
            "month": "2005-05",
            "price": "63.99",
            "revenue": 103460
        },
        "2005-06": {
            "month": "2005-06",
            "price": "65.07",
            "revenue": 84922
        },
        "2005-07": {
            "month": "2005-07",
            "price": "65.44",
            "revenue": 88174
        },
        "2005-08": {
            "month": "2005-08",
            "price": "52.85",
            "revenue": 97711
        },
        "2005-09": {
            "month": "2005-09",
            "price": "49.97",
            "revenue": 118004
        },
        "2005-10": {
            "month": "2005-10",
            "price": "48.16",
            "revenue": 109282
        },
        "2005-11": {
            "month": "2005-11",
            "price": "46.15",
            "revenue": 108066
        },
        "2005-12": {
            "month": "2005-12",
            "price": "48.09",
            "revenue": 78203
        },
        "2006-01": {
            "month": "2006-01",
            "price": "49.51",
            "revenue": 82003
        },
        "2006-02": {
            "month": "2006-02",
            "price": "47.18",
            "revenue": 89699
        },
        "2006-03": {
            "month": "2006-03",
            "price": "48.41",
            "revenue": 108770
        },
        "2006-04": {
            "month": "2006-04",
            "price": "53.44",
            "revenue": 96872
        },
        "2006-05": {
            "month": "2006-05",
            "price": "51.73",
            "revenue": 91584
        },
        "2006-06": {
            "month": "2006-06",
            "price": "45.34",
            "revenue": 72163
        },
        "2006-07": {
            "month": "2006-07",
            "price": "43.61",
            "revenue": 88141
        },
        "2006-08": {
            "month": "2006-08",
            "price": "36.23",
            "revenue": 104034
        },
        "2006-09": {
            "month": "2006-09",
            "price": "35.55",
            "revenue": 110956
        },
        "2006-10": {
            "month": "2006-10",
            "price": "36.81",
            "revenue": 102409
        },
        "2006-11": {
            "month": "2006-11",
            "price": "43.26",
            "revenue": 106900
        },
        "2006-12": {
            "month": "2006-12",
            "price": "48.95",
            "revenue": 94163
        },
        "2007-01": {
            "month": "2007-01",
            "price": "52.02",
            "revenue": 96887
        },
        "2007-02": {
            "month": "2007-02",
            "price": "48.68",
            "revenue": 84486
        },
        "2007-03": {
            "month": "2007-03",
            "price": "61.47",
            "revenue": 119701
        },
        "2007-04": {
            "month": "2007-04",
            "price": "62.62",
            "revenue": 117014
        },
        "2007-05": {
            "month": "2007-05",
            "price": "71.51",
            "revenue": 120351
        },
        "2007-06": {
            "month": "2007-06",
            "price": "77.28",
            "revenue": 88848
        },
        "2007-07": {
            "month": "2007-07",
            "price": "79.52",
            "revenue": 95731
        },
        "2007-08": {
            "month": "2007-08",
            "price": "68.03",
            "revenue": 104442
        },
        "2007-09": {
            "month": "2007-09",
            "price": "64.24",
            "revenue": 87669
        },
        "2007-10": {
            "month": "2007-10",
            "price": "57.97",
            "revenue": 91619
        },
        "2007-11": {
            "month": "2007-11",
            "price": "47.21",
            "revenue": 108028
        },
        "2007-12": {
            "month": "2007-12",
            "price": "43.24",
            "revenue": 70077
        },
        "2008-01": {
            "month": "2008-01",
            "price": "37.80",
            "revenue": 100559
        },
        "2008-02": {
            "month": "2008-02",
            "price": "37.80",
            "revenue": 86123
        },
        "2008-03": {
            "month": "2008-03",
            "price": "39.65",
            "revenue": 102013
        },
        "2008-04": {
            "month": "2008-04",
            "price": "43.44",
            "revenue": 98690
        },
        "2008-05": {
            "month": "2008-05",
            "price": "44.07",
            "revenue": 83107
        },
        "2008-06": {
            "month": "2008-06",
            "price": "38.77",
            "revenue": 75109
        },
        "2008-07": {
            "month": "2008-07",
            "price": "34.30",
            "revenue": 93072
        },
        "2008-08": {
            "month": "2008-08",
            "price": "34.09",
            "revenue": 80129
        },
        "2008-09": {
            "month": "2008-09",
            "price": "26.97",
            "revenue": 95678
        },
        "2008-10": {
            "month": "2008-10",
            "price": "21.76",
            "revenue": 93228
        },
        "2008-11": {
            "month": "2008-11",
            "price": "19.46",
            "revenue": 77069
        },
        "2008-12": {
            "month": "2008-12",
            "price": "18.56",
            "revenue": 60443
        },
        "2009-01": {
            "month": "2009-01",
            "price": "19.06",
            "revenue": 50567
        },
        "2009-02": {
            "month": "2009-02",
            "price": "18.36",
            "revenue": 88013
        },
        "2009-03": {
            "month": "2009-03",
            "price": "23.39",
            "revenue": 62616
        },
        "2009-04": {
            "month": "2009-04",
            "price": "25.42",
            "revenue": 64059
        },
        "2009-05": {
            "month": "2009-05",
            "price": "28.38",
            "revenue": 61356
        },
        "2009-06": {
            "month": "2009-06",
            "price": "27.38",
            "revenue": 60275
        },
        "2009-07": {
            "month": "2009-07",
            "price": "28.65",
            "revenue": 61512
        },
        "2009-08": {
            "month": "2009-08",
            "price": "28.56",
            "revenue": 66759
        },
        "2009-09": {
            "month": "2009-09",
            "price": "28.98",
            "revenue": 68287
        },
        "2009-10": {
            "month": "2009-10",
            "price": "32.77",
            "revenue": 73313
        },
        "2009-11": {
            "month": "2009-11",
            "price": "32.61",
            "revenue": 78119
        },
        "2009-12": {
            "month": "2009-12",
            "price": "35.16",
            "revenue": 93691
        },
        "2010-01": {
            "month": "2010-01",
            "price": "35.23",
            "revenue": 61783
        },
        "2010-02": {
            "month": "2010-02",
            "price": "33.73",
            "revenue": 50290
        },
        "2010-03": {
            "month": "2010-03",
            "price": "35.08",
            "revenue": 61710
        },
        "2010-04": {
            "month": "2010-04",
            "price": "35.34",
            "revenue": 78628
        },
        "2010-05": {
            "month": "2010-05",
            "price": "31.16",
            "revenue": 75505
        },
        "2010-06": {
            "month": "2010-06",
            "price": "30.32",
            "revenue": 87743
        },
        "2010-07": {
            "month": "2010-07",
            "price": "32.18",
            "revenue": 81295
        },
        "2010-08": {
            "month": "2010-08",
            "price": "32.85",
            "revenue": 87690
        },
        "2010-09": {
            "month": "2010-09",
            "price": "29.61",
            "revenue": 75683
        },
        "2010-10": {
            "month": "2010-10",
            "price": "30.25",
            "revenue": 82389
        },
        "2010-11": {
            "month": "2010-11",
            "price": "29.46",
            "revenue": 59362
        },
        "2010-12": {
            "month": "2010-12",
            "price": "31.54",
            "revenue": 61436
        },
        "2011-01": {
            "month": "2011-01",
            "price": "29.63",
            "revenue": 50760
        },
        "2011-02": {
            "month": "2011-02",
            "price": "28.46",
            "revenue": 47124
        },
        "2011-03": {
            "month": "2011-03",
            "price": "27.85",
            "revenue": 70176
        },
        "2011-04": {
            "month": "2011-04",
            "price": "27.52",
            "revenue": 65228
        },
        "2011-05": {
            "month": "2011-05",
            "price": "26.40",
            "revenue": 60052
        },
        "2011-06": {
            "month": "2011-06",
            "price": "25.59",
            "revenue": 73117
        },
        "2011-07": {
            "month": "2011-07",
            "price": "23.75",
            "revenue": 74099
        },
        "2011-08": {
            "month": "2011-08",
            "price": "20.68",
            "revenue": 78739
        },
        "2011-09": {
            "month": "2011-09",
            "price": "18.84",
            "revenue": 80951
        },
        "2011-10": {
            "month": "2011-10",
            "price": "17.89",
            "revenue": 83068
        },
        "2011-11": {
            "month": "2011-11",
            "price": "17.65",
            "revenue": 83188
        },
        "2011-12": {
            "month": "2011-12",
            "price": "16.90",
            "revenue": 92497
        },
        "2012-01": {
            "month": "2012-01",
            "price": "18.04",
            "revenue": 55881
        },
        "2012-02": {
            "month": "2012-02",
            "price": "21.24",
            "revenue": 71099
        },
        "2012-03": {
            "month": "2012-03",
            "price": "23.35",
            "revenue": 78883
        },
        "2012-04": {
            "month": "2012-04",
            "price": "22.24",
            "revenue": 84388
        },
        "2012-05": {
            "month": "2012-05",
            "price": "23.74",
            "revenue": 91322
        },
        "2012-06": {
            "month": "2012-06",
            "price": "24.45",
            "revenue": 89470
        },
        "2012-07": {
            "month": "2012-07",
            "price": "26.47",
            "revenue": 85158
        },
        "2012-08": {
            "month": "2012-08",
            "price": "25.91",
            "revenue": 91326
        },
        "2012-09": {
            "month": "2012-09",
            "price": "26.56",
            "revenue": 88913
        },
        "2012-10": {
            "month": "2012-10",
            "price": "25.06",
            "revenue": 83283
        },
        "2012-11": {
            "month": "2012-11",
            "price": "23.94",
            "revenue": 90378
        },
        "2012-12": {
            "month": "2012-12",
            "price": "24.88",
            "revenue": 90844
        },
        "2013-01": {
            "month": "2013-01",
            "price": "26.44",
            "revenue": 70294
        },
        "2013-02": {
            "month": "2013-02",
            "price": "26.23",
            "revenue": 60379
        },
        "2013-03": {
            "month": "2013-03",
            "price": "26.45",
            "revenue": 81615
        },
        "2013-04": {
            "month": "2013-04",
            "price": "30.15",
            "revenue": 81784
        },
        "2013-05": {
            "month": "2013-05",
            "price": "31.68",
            "revenue": 92069
        },
        "2013-06": {
            "month": "2013-06",
            "price": "31.42",
            "revenue": 92175
        },
        "2013-07": {
            "month": "2013-07",
            "price": "32.49",
            "revenue": 95571
        },
        "2013-08": {
            "month": "2013-08",
            "price": "34.08",
            "revenue": 96514
        },
        "2013-09": {
            "month": "2013-09",
            "price": "34.40",
            "revenue": 92092
        },
        "2013-10": {
            "month": "2013-10",
            "price": "33.88",
            "revenue": 90017
        },
        "2013-11": {
            "month": "2013-11",
            "price": "33.52",
            "revenue": 95646
        },
        "2013-12": {
            "month": "2013-12",
            "price": "36.52",
            "revenue": 121207
        },
        "2014-01": {
            "month": "2014-01",
            "price": "40.68",
            "revenue": 102045
        },
        "2014-02": {
            "month": "2014-02",
            "price": "45.69",
            "revenue": 91205
        },
        "2014-03": {
            "month": "2014-03",
            "price": "48.56",
            "revenue": 106812
        },
        "2014-04": {
            "month": "2014-04",
            "price": "51.20",
            "revenue": 100308
        },
        "2014-05": {
            "month": "2014-05",
            "price": "49.51",
            "revenue": 101562
        },
        "2014-06": {
            "month": "2014-06",
            "price": "47.68",
            "revenue": 113667
        },
        "2014-07": {
            "month": "2014-07",
            "price": "48.83",
            "revenue": 100577
        },
        "2014-08": {
            "month": "2014-08",
            "price": "47.52",
            "revenue": 100671
        },
        "2014-09": {
            "month": "2014-09",
            "price": "43.52",
            "revenue": 108152
        },
        "2014-10": {
            "month": "2014-10",
            "price": "40.85",
            "revenue": 108618
        },
        "2014-11": {
            "month": "2014-11",
            "price": "40.99",
            "revenue": 110198
        },
        "2014-12": {
            "month": "2014-12",
            "price": "42.50",
            "revenue": 137072
        },
        "2015-01": {
            "month": "2015-01",
            "price": "45.97",
            "revenue": 104068
        },
        "2015-02": {
            "month": "2015-02",
            "price": "46.31",
            "revenue": 84178
        },
        "2015-03": {
            "month": "2015-03",
            "price": "45.84",
            "revenue": 117422
        },
        "2015-04": {
            "month": "2015-04",
            "price": "49.39",
            "revenue": 126537
        },
        "2015-05": {
            "month": "2015-05",
            "price": "59.88",
            "revenue": 108064
        },
        "2015-06": {
            "month": "2015-06",
            "price": "56.48",
            "revenue": 101643
        },
        "2015-07": {
            "month": "2015-07",
            "price": "49.52",
            "revenue": 101962
        },
        "2015-08": {
            "month": "2015-08",
            "price": "41.48",
            "revenue": 93420
        },
        "2015-09": {
            "month": "2015-09",
            "price": "40.97",
            "revenue": 108421
        },
        "2015-10": {
            "month": "2015-10",
            "price": "44.48",
            "revenue": 110019
        },
        "2015-11": {
            "month": "2015-11",
            "price": "46.99",
            "revenue": 107519
        },
        "2015-12": {
            "month": "2015-12",
            "price": "44.53",
            "revenue": 102210
        },
        "2016-01": {
            "month": "2016-01",
            "price": "40.80",
            "revenue": 105132
        },
        "2016-02": {
            "month": "2016-02",
            "price": "42.87",
            "revenue": 89211
        },
        "2016-03": {
            "month": "2016-03",
            "price": "46.71",
            "revenue": 105862
        },
        "2016-04": {
            "month": "2016-04",
            "price": "46.64",
            "revenue": 102264
        },
        "2016-05": {
            "month": "2016-05",
            "price": "45.36",
            "revenue": 120377
        },
        "2016-06": {
            "month": "2016-06",
            "price": "46.86",
            "revenue": 111453
        },
        "2016-07": {
            "month": "2016-07",
            "price": "50.34",
            "revenue": 100145
        },
        "2016-08": {
            "month": "2016-08",
            "price": "48.68",
            "revenue": 102345
        },
        "2016-09": {
            "month": "2016-09",
            "price": "47.23",
            "revenue": 100017
        },
        "2016-10": {
            "month": "2016-10",
            "price": "46.23",
            "revenue": 103083
        },
        "2016-11": {
            "month": "2016-11",
            "price": "45.09",
            "revenue": 116028
        },
        "2016-12": {
            "month": "2016-12",
            "price": "46.65",
            "revenue": 123614
        },
        "2017-01": {
            "month": "2017-01",
            "price": "47.63",
            "revenue": 112276
        },
        "2017-02": {
            "month": "2017-02",
            "price": "49.66",
            "revenue": 98153
        },
        "2017-03": {
            "month": "2017-03",
            "price": "52.39",
            "revenue": 114057
        },
        "2017-04": {
            "month": "2017-04",
            "price": "52.88",
            "revenue": 103354
        },
        "2017-05": {
            "month": "2017-05",
            "price": "54.64",
            "revenue": 106238
        },
        "2017-06": {
            "month": "2017-06",
            "price": "55.00",
            "revenue": 111642
        },
        "2017-07": {
            "month": "2017-07",
            "price": "55.17",
            "revenue": 121304
        },
        "2017-08": {
            "month": "2017-08",
            "price": "54.76",
            "revenue": 110349
        },
        "2017-09": {
            "month": "2017-09",
            "price": "54.85",
            "revenue": 116447
        },
        "2017-10": {
            "month": "2017-10",
            "price": "55.62",
            "revenue": 120193
        },
        "2017-11": {
            "month": "2017-11",
            "price": "59.86",
            "revenue": 133338
        },
        "2017-12": {
            "month": "2017-12",
            "price": "61.13",
            "revenue": 113739
        },
        "2018-01": {
            "month": "2018-01",
            "price": "63.79",
            "revenue": 111035
        },
        "2018-02": {
            "month": "2018-02",
            "price": "60.49",
            "revenue": 93712
        },
        "2018-03": {
            "month": "2018-03",
            "price": "61.43",
            "revenue": 105416
        },
        "2018-04": {
            "month": "2018-04",
            "price": "61.67",
            "revenue": 100338
        },
        "2018-05": {
            "month": "2018-05",
            "price": "61.73",
            "revenue": 108226
        },
        "2018-06": {
            "month": "2018-06",
            "price": "62.71",
            "revenue": 110229
        },
        "2018-07": {
            "month": "2018-07",
            "price": "62.23",
            "revenue": 104509
        },
        "2018-08": {
            "month": "2018-08",
            "price": "59.35",
            "revenue": 134861
        },
        "2018-09": {
            "month": "2018-09",
            "price": "57.81",
            "revenue": 126872
        },
        "2018-10": {
            "month": "2018-10",
            "price": "55.39",
            "revenue": 118508
        },
        "2018-11": {
            "month": "2018-11",
            "price": "54.60",
            "revenue": 139761
        },
        "2018-12": {
            "month": "2018-12",
            "price": "56.62",
            "revenue": 114071
        },
        "2019-01": {
            "month": "2019-01",
            "price": "57.74",
            "revenue": 123949
        },
        "2019-02": {
            "month": "2019-02",
            "price": "60.55",
            "revenue": 80071
        },
        "2019-03": {
            "month": "2019-03",
            "price": "61.48",
            "revenue": 118149
        },
        "2019-04": {
            "month": "2019-04",
            "price": "63.00",
            "revenue": 110250
        },
        "2019-05": {
            "month": "2019-05",
            "price": "64.57",
            "revenue": 108641
        },
        "2019-06": {
            "month": "2019-06",
            "price": "63.98",
            "revenue": 102641
        },
        "2019-07": {
            "month": "2019-07",
            "price": "65.60",
            "revenue": 118348
        },
        "2019-08": {
            "month": "2019-08",
            "price": "65.04",
            "revenue": 113298
        },
        "2019-09": {
            "month": "2019-09",
            "price": "65.46",
            "revenue": 96496
        },
        "2019-10": {
            "month": "2019-10",
            "price": "64.38",
            "revenue": 137288
        },
        "2019-11": {
            "month": "2019-11",
            "price": "65.34",
            "revenue": 121737
        },
        "2019-12": {
            "month": "2019-12",
            "price": "64.91",
            "revenue": 117164
        },
        "2020-01": {
            "month": "2020-01",
            "price": "64.90",
            "revenue": 95550
        },
        "2020-02": {
            "month": "2020-02",
            "price": "63.74",
            "revenue": 103945
        },
        "2020-03": {
            "month": "2020-03",
            "price": "59.18",
            "revenue": 96736
        },
        "2020-04": {
            "month": "2020-04",
            "price": "60.34",
            "revenue": 75808
        },
        "2020-05": {
            "month": "2020-05",
            "price": "63.16",
            "revenue": 90890
        },
        "2020-06": {
            "month": "2020-06",
            "price": "65.27",
            "revenue": 95033
        },
        "2020-07": {
            "month": "2020-07",
            "price": "68.57",
            "revenue": 109766
        },
        "2020-08": {
            "month": "2020-08",
            "price": "63.98",
            "revenue": 94788
        },
        "2020-09": {
            "month": "2020-09",
            "price": "62.11",
            "revenue": 100478
        },
        "2020-10": {
            "month": "2020-10",
            "price": "61.70",
            "revenue": 114033
        },
        "2020-11": {
            "month": "2020-11",
            "price": "61.80",
            "revenue": 120547
        },
        "2020-12": {
            "month": "2020-12",
            "price": "62.69",
            "revenue": 129531
        },
        "2021-01": {
            "month": "2021-01",
            "price": "61.62",
            "revenue": 93284
        },
        "2021-02": {
            "month": "2021-02",
            "price": "61.93",
            "revenue": 98077
        },
        "2021-03": {
            "month": "2021-03",
            "price": "63.28",
            "revenue": 120069
        },
        "2021-04": {
            "month": "2021-04",
            "price": "65.58",
            "revenue": 120896
        },
        "2021-05": {
            "month": "2021-05",
            "price": "64.10",
            "revenue": 123572
        },
        "2021-06": {
            "month": "2021-06",
            "price": "66.70",
            "revenue": 109291
        },
        "2021-07": {
            "month": "2021-07",
            "price": "67.45",
            "revenue": 113934
        },
        "2021-08": {
            "month": "2021-08",
            "price": "65.16",
            "revenue": 114931
        },
        "2021-09": {
            "month": "2021-09",
            "price": "65.04",
            "revenue": 122980
        },
        "2021-10": {
            "month": "2021-10",
            "price": "65.85",
            "revenue": 130772
        },
        "2021-11": {
            "month": "2021-11",
            "price": "67.97",
            "revenue": 134930
        },
        "2021-12": {
            "month": "2021-12",
            "price": "68.76",
            "revenue": 144361
        },
        "2022-01": {
            "month": "2022-01",
            "price": "70.52",
            "revenue": 124291
        },
        "2022-02": {
            "month": "2022-02",
            "price": "72.93",
            "revenue": 106127
        },
        "2022-03": {
            "month": "2022-03",
            "price": "73.03",
            "revenue": 131191
        },
        "2022-04": {
            "month": "2022-04",
            "price": "74.50",
            "revenue": 132837
        },
        "2022-05": {
            "month": "2022-05",
            "price": "75.15",
            "revenue": 141466
        },
        "2022-06": {
            "month": "2022-06",
            "price": "75.97",
            "revenue": 159695
        },
        "2022-07": {
            "month": "2022-07",
            "price": "75.51",
            "revenue": 148972
        },
        "2022-08": {
            "month": "2022-08",
            "price": "78.55",
            "revenue": 129222
        },
        "2022-09": {
            "month": "2022-09",
            "price": "77.31",
            "revenue": 141936
        },
        "2022-10": {
            "month": "2022-10",
            "price": "73.94",
            "revenue": 154809
        },
        "2022-11": {
            "month": "2022-11",
            "price": "77.82",
            "revenue": 182008
        },
        "2022-12": {
            "month": "2022-12",
            "price": "85.80",
            "revenue": 167477
        },
        "2023-01": {
            "month": "2023-01",
            "price": "89.92",
            "revenue": 90392
        },
        "2023-02": {
            "month": "2023-02",
            "price": "88.63",
            "revenue": 168681
        },
        "2023-03": {
            "month": "2023-03",
            "price": "102.76",
            "revenue": 176694
        },
        "2023-04": {
            "month": "2023-04",
            "price": "121.26",
            "revenue": 141341
        },
        "2023-05": {
            "month": "2023-05",
            "price": "118.11",
            "revenue": 191281
        },
        "2023-06": {
            "month": "2023-06",
            "price": "123.45",
            "revenue": 168528
        },
        "2023-07": {
            "month": "2023-07",
            "price": "134.74",
            "revenue": 146468
        },
        "2023-08": {
            "month": "2023-08",
            "price": "125.09",
            "revenue": 142575
        },
        "2023-09": {
            "month": "2023-09",
            "price": "124.78",
            "revenue": 156443
        }
    }
}
