{
    "summary": {
        "stock_name": "富裔",
        "stock_id": "6264",
        "category": "建材營造",
        "main_business": "興建商業大樓,國民住宅及廠辦之出租及出售.<br>電話自動總機、電話總機、電話交換機之製造加工裝配買賣維護.<br>生物科技產品之研發及買賣.",
        "website_url": "http://www.kingland.com.tw",
        "ceo": "祝文定",
        "pe_ratio": -4,
        "report_year_from": 2001,
        "report_year_to": 2023,
        "age": 22,
        "eps_negative_percentage": 62,
        "eps_growth_avg": {
            "last_all": -20.78,
            "last_2y": null,
            "last_4y": -60,
            "last_8y": -73.33,
            "last_12y": -4,
            "last_16y": -20,
            "last_20y": null,
            "at_2006_last_3y": null,
            "at_2007_last_3y": -48.73,
            "at_2008_last_3y": -82.31,
            "at_2009_last_3y": -100,
            "at_2010_last_3y": null,
            "at_2011_last_3y": null,
            "at_2012_last_3y": 100,
            "at_2013_last_3y": 100,
            "at_2014_last_3y": 33.33,
            "at_2015_last_3y": 33.33,
            "at_2016_last_3y": 0,
            "at_2017_last_3y": -100,
            "at_2018_last_3y": -20,
            "at_2019_last_3y": -60,
            "at_2020_last_3y": -60,
            "at_2021_last_3y": -60,
            "at_2022_last_3y": -100,
            "at_2023_last_3y": -100,
            "at_2006_last_all": -48.73,
            "at_2007_last_all": -48.73,
            "at_2008_last_all": -48.73,
            "at_2009_last_all": -48.73,
            "at_2010_last_all": -48.73,
            "at_2011_last_all": -48.73,
            "at_2012_last_all": -11.55,
            "at_2013_last_all": 10.76,
            "at_2014_last_all": -7.7,
            "at_2015_last_all": -7.7,
            "at_2016_last_all": -7.7,
            "at_2017_last_all": -7.7,
            "at_2018_last_all": -9.46,
            "at_2019_last_all": -20.78,
            "at_2020_last_all": -20.78,
            "at_2021_last_all": -20.78,
            "at_2022_last_all": -20.78,
            "at_2023_last_all": -20.78
        },
        "latest_eps": -1.75,
        "latest_price": 7.7,
        "latest_roe": -29.19,
        "latest_gross_margin": 11.22,
        "latest_equity": 695315,
        "latest_revenue": 127103,
        "latest_gross_profit": 14258,
        "latest_net_income": -18712,
        "latest_debt_ratio": 78.83,
        "latest_current_ratio": 136.33,
        "latest_account_receivable_turnover_ratio": 10.05,
        "latest_inventory_turnover_ratio": 0.13,
        "latest_reinvestment_rate": null,
        "latest_research_to_sale_ratio": null
    },
    "eps_dividends": {
        "2001": {
            "cash": 0,
            "stock": 0,
            "eps": 0
        },
        "2002": {
            "cash": 0,
            "stock": 0.65,
            "eps": 0
        },
        "2003": {
            "cash": 0,
            "stock": 2.1,
            "eps": 7.71
        },
        "2004": {
            "cash": 0,
            "stock": 5.9,
            "eps": 9.13
        },
        "2005": {
            "cash": 6.3,
            "stock": 0,
            "eps": 3.23
        },
        "2006": {
            "cash": 0.5,
            "stock": 2,
            "eps": -0.05
        },
        "2007": {
            "cash": 0,
            "stock": 0,
            "eps": -1.37
        },
        "2008": {
            "cash": 0,
            "stock": 0,
            "eps": -1.37
        },
        "2009": {
            "cash": 0,
            "stock": 0,
            "eps": -1.69
        },
        "2010": {
            "cash": 0,
            "stock": 0,
            "eps": -0.16
        },
        "2011": {
            "cash": 0,
            "stock": 0,
            "eps": 0.07
        },
        "2012": {
            "cash": 0,
            "stock": 0,
            "eps": 0.16
        },
        "2013": {
            "cash": 0,
            "stock": 0,
            "eps": 0.4
        },
        "2014": {
            "cash": 0,
            "stock": 0,
            "eps": -0.94
        },
        "2015": {
            "cash": 0,
            "stock": 0,
            "eps": -0.89
        },
        "2016": {
            "cash": 0,
            "stock": 0,
            "eps": -0.22
        },
        "2017": {
            "cash": 0,
            "stock": 0,
            "eps": 0.05
        },
        "2018": {
            "cash": 0,
            "stock": 0,
            "eps": 0.04
        },
        "2019": {
            "cash": 0,
            "stock": 0,
            "eps": -0.57
        },
        "2020": {
            "cash": 0,
            "stock": 0,
            "eps": -0.59
        },
        "2021": {
            "cash": 0,
            "stock": 0,
            "eps": -0.19
        },
        "2022": {
            "cash": 0,
            "stock": 0,
            "eps": -1.87
        },
        "2023": {
            "cash": 0,
            "stock": 0,
            "eps": -0.17
        }
    },
    "dividends": {
        "2002-03-01": {
            "cash": 0,
            "stock": 0.65
        },
        "2003-06-19": {
            "cash": 0,
            "stock": 2.1
        },
        "2004-03-18": {
            "cash": 0,
            "stock": 5.9
        },
        "2005-03-08": {
            "cash": 6.3,
            "stock": 0
        },
        "2006-03-31": {
            "cash": 0.5,
            "stock": 2
        }
    },
    "prices": {
        "200101": "無",
        "200102": "無",
        "200103": "無",
        "200104": "無",
        "200105": "無",
        "200106": "無",
        "200107": "無",
        "200108": "無",
        "200109": "無",
        "200110": "無",
        "200111": "無",
        "200112": "無",
        "200201": "無",
        "200202": "無",
        "200203": "無",
        "200204": "無",
        "200205": "無",
        "200206": "無",
        "200207": "無",
        "200208": "無",
        "200209": "無",
        "200210": "無",
        "200211": "無",
        "200212": "無",
        "200301": "無",
        "200302": "無",
        "200303": "無",
        "200304": "無",
        "200305": "無",
        "200306": "無",
        "200307": "無",
        "200308": "無",
        "200309": "145.33",
        "200310": "136.13",
        "200311": "133.43",
        "200312": "128.20",
        "200401": "130.71",
        "200402": "121.75",
        "200403": "156.35",
        "200404": "174.64",
        "200405": "166.43",
        "200406": "111.76",
        "200407": "80.66",
        "200408": "77.58",
        "200409": "82.00",
        "200410": "73.70",
        "200411": "69.39",
        "200412": "71.72",
        "200501": "61.81",
        "200502": "58.69",
        "200503": "60.32",
        "200504": "54.59",
        "200505": "53.96",
        "200506": "55.00",
        "200507": "45.13",
        "200508": "37.05",
        "200509": "35.91",
        "200510": "35.00",
        "200511": "31.25",
        "200512": "32.89",
        "200601": "31.46",
        "200602": "28.22",
        "200603": "24.24",
        "200604": "25.76",
        "200605": "24.44",
        "200606": "19.52",
        "200607": "19.41",
        "200608": "14.85",
        "200609": "12.42",
        "200610": "13.01",
        "200611": "16.52",
        "200612": "16.58",
        "200701": "17.70",
        "200702": "15.60",
        "200703": "17.43",
        "200704": "17.45",
        "200705": "15.20",
        "200706": "17.00",
        "200707": "18.61",
        "200708": "14.89",
        "200709": "13.44",
        "200710": "13.99",
        "200711": "11.61",
        "200712": "10.21",
        "200801": "8.71",
        "200802": "8.22",
        "200803": "8.46",
        "200804": "9.69",
        "200805": "8.77",
        "200806": "7.49",
        "200807": "5.65",
        "200808": "5.35",
        "200809": "4.52",
        "200810": "3.83",
        "200811": "3.10",
        "200812": "3.36",
        "200901": "3.47",
        "200902": "3.14",
        "200903": "4.09",
        "200904": "4.42",
        "200905": "4.54",
        "200906": "6.78",
        "200907": "6.79",
        "200908": "7.43",
        "200909": "7.52",
        "200910": "8.21",
        "200911": "9.50",
        "200912": "12.73",
        "201001": "16.63",
        "201002": "16.61",
        "201003": "17.13",
        "201004": "14.66",
        "201005": "12.74",
        "201006": "13.24",
        "201007": "14.19",
        "201008": "16.38",
        "201009": "15.97",
        "201010": "15.04",
        "201011": "14.88",
        "201012": "15.23",
        "201101": "14.96",
        "201102": "19.91",
        "201103": "24.30",
        "201104": "22.98",
        "201105": "18.12",
        "201106": "18.87",
        "201107": "20.74",
        "201108": "17.75",
        "201109": "15.08",
        "201110": "13.42",
        "201111": "12.55",
        "201112": "11.10",
        "201201": "9.69",
        "201202": "12.34",
        "201203": "11.15",
        "201204": "9.85",
        "201205": "9.68",
        "201206": "9.75",
        "201207": "9.40",
        "201208": "9.07",
        "201209": "11.34",
        "201210": "11.54",
        "201211": "10.95",
        "201212": "11.77",
        "201301": "12.19",
        "201302": "12.07",
        "201303": "11.86",
        "201304": "12.00",
        "201305": "16.08",
        "201306": "14.74",
        "201307": "13.56",
        "201308": "13.20",
        "201309": "12.69",
        "201310": "12.76",
        "201311": "11.90",
        "201312": "11.87",
        "201401": "12.58",
        "201402": "12.90",
        "201403": "14.95",
        "201404": "13.82",
        "201405": "12.78",
        "201406": "12.12",
        "201407": "11.70",
        "201408": "11.23",
        "201409": "11.21",
        "201410": "10.64",
        "201411": "9.83",
        "201412": "9.54",
        "201501": "9.28",
        "201502": "9.73",
        "201503": "9.58",
        "201504": "9.05",
        "201505": "8.42",
        "201506": "7.61",
        "201507": "6.87",
        "201508": "5.73",
        "201509": "5.53",
        "201510": "6.57",
        "201511": "6.15",
        "201512": "5.95",
        "201601": "6.14",
        "201602": "7.73",
        "201603": "7.75",
        "201604": "8.07",
        "201605": "8.50",
        "201606": "9.70",
        "201607": "11.11",
        "201608": "10.76",
        "201609": "9.16",
        "201610": "9.07",
        "201611": "8.89",
        "201612": "7.90",
        "201701": "7.81",
        "201702": "7.83",
        "201703": "7.84",
        "201704": "7.82",
        "201705": "7.71",
        "201706": "7.49",
        "201707": "6.97",
        "201708": "6.67",
        "201709": "6.54",
        "201710": "6.34",
        "201711": "6.09",
        "201712": "6.07",
        "201801": "6.38",
        "201802": "7.61",
        "201803": "7.35",
        "201804": "6.97",
        "201805": "6.79",
        "201806": "6.61",
        "201807": "6.86",
        "201808": "7.13",
        "201809": "7.22",
        "201810": "6.64",
        "201811": "6.45",
        "201812": "6.20",
        "201901": "6.17",
        "201902": "6.11",
        "201903": "6.12",
        "201904": "6.17",
        "201905": "6.12",
        "201906": "6.09",
        "201907": "6.11",
        "201908": "6.06",
        "201909": "6.07",
        "201910": "6.04",
        "201911": "6.02",
        "201912": "6.03",
        "202001": "6.09",
        "202002": "5.99",
        "202003": "5.58",
        "202004": "5.20",
        "202005": "5.57",
        "202006": "5.77",
        "202007": "6.31",
        "202008": "6.81",
        "202009": "7.07",
        "202010": "7.33",
        "202011": "6.76",
        "202012": "6.81",
        "202101": "7.11",
        "202102": "7.06",
        "202103": "7.39",
        "202104": "9.02",
        "202105": "9.74",
        "202106": "9.54",
        "202107": "10.38",
        "202108": "9.30",
        "202109": "9.48",
        "202110": "9.07",
        "202111": "9.02",
        "202112": "8.85",
        "202201": "9.08",
        "202202": "9.08",
        "202203": "9.09",
        "202204": "8.67",
        "202205": "8.11",
        "202206": "8.72",
        "202207": "8.31",
        "202208": "8.47",
        "202209": "8.63",
        "202210": "8.15",
        "202211": "8.20",
        "202212": "8.23",
        "202301": "8.13",
        "202302": "8.18",
        "202303": "8.18",
        "202304": "7.83",
        "202305": "7.40",
        "202306": "7.70"
    },
    "quarters": {
        "20011": {
            "year_quarter": 20011,
            "year": 2001,
            "quarter": 1,
            "eps": null,
            "eps_growth_year": null,
            "eps_4q": null,
            "eps_4q_growth_year": null,
            "roe": null,
            "roe_4q": 0,
            "gross_profit": null,
            "gross_margin": null,
            "gross_margin_4q_avg": 0,
            "net_income": null,
            "revenue": null,
            "common_shares": null,
            "book_valuer_per_share": null,
            "book_valuer_per_share_4q_avg": 0,
            "equity": null,
            "current_ratio": null,
            "debt_ratio": null,
            "inventory_turnover_ratio": null,
            "account_receivable_turnover_ratio": null,
            "reinvestment_rate": null,
            "research_to_sale_ratio": null,
            "price_fair": 0,
            "eps_avg_yearly": 0,
            "eps_latest_yearly": 0,
            "eps_growth_yearly": 0
        },
        "20012": {
            "year_quarter": 20012,
            "year": 2001,
            "quarter": 2,
            "eps": null,
            "eps_growth_year": null,
            "eps_4q": null,
            "eps_4q_growth_year": null,
            "roe": null,
            "roe_4q": 0,
            "gross_profit": null,
            "gross_margin": null,
            "gross_margin_4q_avg": 0,
            "net_income": null,
            "revenue": null,
            "common_shares": null,
            "book_valuer_per_share": null,
            "book_valuer_per_share_4q_avg": 0,
            "equity": null,
            "current_ratio": null,
            "debt_ratio": null,
            "inventory_turnover_ratio": null,
            "account_receivable_turnover_ratio": null,
            "reinvestment_rate": null,
            "research_to_sale_ratio": null,
            "price_fair": 0,
            "eps_avg_yearly": 0,
            "eps_latest_yearly": 0,
            "eps_growth_yearly": 0
        },
        "20013": {
            "year_quarter": 20013,
            "year": 2001,
            "quarter": 3,
            "eps": null,
            "eps_growth_year": null,
            "eps_4q": null,
            "eps_4q_growth_year": null,
            "roe": null,
            "roe_4q": 0,
            "gross_profit": null,
            "gross_margin": null,
            "gross_margin_4q_avg": 0,
            "net_income": null,
            "revenue": null,
            "common_shares": null,
            "book_valuer_per_share": null,
            "book_valuer_per_share_4q_avg": 0,
            "equity": null,
            "current_ratio": null,
            "debt_ratio": null,
            "inventory_turnover_ratio": null,
            "account_receivable_turnover_ratio": null,
            "reinvestment_rate": null,
            "research_to_sale_ratio": null,
            "price_fair": 0,
            "eps_avg_yearly": 0,
            "eps_latest_yearly": 0,
            "eps_growth_yearly": 0
        },
        "20014": {
            "year_quarter": 20014,
            "year": 2001,
            "quarter": 4,
            "eps": null,
            "eps_growth_year": null,
            "eps_4q": null,
            "eps_4q_growth_year": null,
            "roe": null,
            "roe_4q": 0,
            "gross_profit": null,
            "gross_margin": null,
            "gross_margin_4q_avg": 0,
            "net_income": null,
            "revenue": null,
            "common_shares": 230000,
            "book_valuer_per_share": 11.01,
            "book_valuer_per_share_4q_avg": 2.75,
            "equity": 253118,
            "current_ratio": 624.07,
            "debt_ratio": 11.94,
            "inventory_turnover_ratio": null,
            "account_receivable_turnover_ratio": null,
            "reinvestment_rate": null,
            "research_to_sale_ratio": null,
            "price_fair": 0,
            "eps_avg_yearly": 0,
            "eps_latest_yearly": 0,
            "eps_growth_yearly": 0
        },
        "20021": {
            "year_quarter": 20021,
            "year": 2002,
            "quarter": 1,
            "eps": null,
            "eps_growth_year": null,
            "eps_4q": null,
            "eps_4q_growth_year": null,
            "roe": null,
            "roe_4q": 0,
            "gross_profit": null,
            "gross_margin": null,
            "gross_margin_4q_avg": 0,
            "net_income": null,
            "revenue": null,
            "common_shares": null,
            "book_valuer_per_share": null,
            "book_valuer_per_share_4q_avg": 2.75,
            "equity": null,
            "current_ratio": null,
            "debt_ratio": null,
            "inventory_turnover_ratio": null,
            "account_receivable_turnover_ratio": null,
            "reinvestment_rate": null,
            "research_to_sale_ratio": null,
            "price_fair": 0,
            "eps_avg_yearly": 0,
            "eps_latest_yearly": 0,
            "eps_growth_yearly": 0
        },
        "20022": {
            "year_quarter": 20022,
            "year": 2002,
            "quarter": 2,
            "eps": null,
            "eps_growth_year": null,
            "eps_4q": null,
            "eps_4q_growth_year": null,
            "roe": null,
            "roe_4q": 0,
            "gross_profit": null,
            "gross_margin": null,
            "gross_margin_4q_avg": 0,
            "net_income": null,
            "revenue": null,
            "common_shares": null,
            "book_valuer_per_share": null,
            "book_valuer_per_share_4q_avg": 2.75,
            "equity": null,
            "current_ratio": null,
            "debt_ratio": null,
            "inventory_turnover_ratio": null,
            "account_receivable_turnover_ratio": null,
            "reinvestment_rate": null,
            "research_to_sale_ratio": null,
            "price_fair": 0,
            "eps_avg_yearly": 0,
            "eps_latest_yearly": 0,
            "eps_growth_yearly": 0
        },
        "20023": {
            "year_quarter": 20023,
            "year": 2002,
            "quarter": 3,
            "eps": null,
            "eps_growth_year": null,
            "eps_4q": null,
            "eps_4q_growth_year": null,
            "roe": null,
            "roe_4q": 0,
            "gross_profit": null,
            "gross_margin": null,
            "gross_margin_4q_avg": 0,
            "net_income": null,
            "revenue": null,
            "common_shares": null,
            "book_valuer_per_share": null,
            "book_valuer_per_share_4q_avg": 2.75,
            "equity": null,
            "current_ratio": null,
            "debt_ratio": null,
            "inventory_turnover_ratio": null,
            "account_receivable_turnover_ratio": null,
            "reinvestment_rate": null,
            "research_to_sale_ratio": null,
            "price_fair": 0,
            "eps_avg_yearly": 0,
            "eps_latest_yearly": 0,
            "eps_growth_yearly": 0
        },
        "20024": {
            "year_quarter": 20024,
            "year": 2002,
            "quarter": 4,
            "eps": null,
            "eps_growth_year": null,
            "eps_4q": null,
            "eps_4q_growth_year": null,
            "roe": null,
            "roe_4q": 0,
            "gross_profit": null,
            "gross_margin": null,
            "gross_margin_4q_avg": 0,
            "net_income": null,
            "revenue": null,
            "common_shares": 244950,
            "book_valuer_per_share": 12.81,
            "book_valuer_per_share_4q_avg": 3.2,
            "equity": 313787,
            "current_ratio": 427.44,
            "debt_ratio": 15.28,
            "inventory_turnover_ratio": null,
            "account_receivable_turnover_ratio": null,
            "reinvestment_rate": null,
            "research_to_sale_ratio": null,
            "price_fair": 0,
            "eps_avg_yearly": 0,
            "eps_latest_yearly": 0,
            "eps_growth_yearly": 0
        },
        "20031": {
            "year_quarter": 20031,
            "year": 2003,
            "quarter": 1,
            "eps": 1.08,
            "eps_growth_year": null,
            "eps_4q": null,
            "eps_4q_growth_year": null,
            "roe": 8.1,
            "roe_4q": 8.1,
            "gross_profit": 60738,
            "gross_margin": 46.1,
            "gross_margin_4q_avg": 11.53,
            "net_income": 26477,
            "revenue": 131753,
            "common_shares": 244950,
            "book_valuer_per_share": 13.89,
            "book_valuer_per_share_4q_avg": 6.68,
            "equity": 340224,
            "current_ratio": 392.67,
            "debt_ratio": 16.82,
            "inventory_turnover_ratio": 2.18,
            "account_receivable_turnover_ratio": null,
            "reinvestment_rate": null,
            "research_to_sale_ratio": null,
            "price_fair": 0,
            "eps_avg_yearly": 0,
            "eps_latest_yearly": 0,
            "eps_growth_yearly": 0
        },
        "20032": {
            "year_quarter": 20032,
            "year": 2003,
            "quarter": 2,
            "eps": 1.65,
            "eps_growth_year": null,
            "eps_4q": null,
            "eps_4q_growth_year": null,
            "roe": 11.24,
            "roe_4q": 19.34,
            "gross_profit": 78477,
            "gross_margin": 38.44,
            "gross_margin_4q_avg": 21.14,
            "net_income": 40487,
            "revenue": 204133,
            "common_shares": 244950,
            "book_valuer_per_share": 15.51,
            "book_valuer_per_share_4q_avg": 10.55,
            "equity": 379913,
            "current_ratio": 474.73,
            "debt_ratio": 18.73,
            "inventory_turnover_ratio": 3.69,
            "account_receivable_turnover_ratio": null,
            "reinvestment_rate": null,
            "research_to_sale_ratio": null,
            "price_fair": 231,
            "eps_avg_yearly": 6.6,
            "eps_latest_yearly": 6.6,
            "eps_growth_yearly": 211.11
        },
        "20033": {
            "year_quarter": 20033,
            "year": 2003,
            "quarter": 3,
            "eps": 1.96,
            "eps_growth_year": null,
            "eps_4q": null,
            "eps_4q_growth_year": null,
            "roe": 14.48,
            "roe_4q": 33.82,
            "gross_profit": 92680,
            "gross_margin": 35.3,
            "gross_margin_4q_avg": 29.96,
            "net_income": 59298,
            "revenue": 262521,
            "common_shares": 301979,
            "book_valuer_per_share": 14.54,
            "book_valuer_per_share_4q_avg": 14.19,
            "equity": 439211,
            "current_ratio": 438.01,
            "debt_ratio": 20.49,
            "inventory_turnover_ratio": 4.73,
            "account_receivable_turnover_ratio": null,
            "reinvestment_rate": null,
            "research_to_sale_ratio": null,
            "price_fair": 252.7,
            "eps_avg_yearly": 7.22,
            "eps_latest_yearly": 7.84,
            "eps_growth_yearly": 143.13
        },
        "20034": {
            "year_quarter": 20034,
            "year": 2003,
            "quarter": 4,
            "eps": 3.02,
            "eps_growth_year": null,
            "eps_4q": 7.19,
            "eps_4q_growth_year": null,
            "roe": 18.85,
            "roe_4q": 52.67,
            "gross_profit": 113209,
            "gross_margin": 39.44,
            "gross_margin_4q_avg": 39.82,
            "net_income": 91346,
            "revenue": 287064,
            "common_shares": 301979,
            "book_valuer_per_share": 17.55,
            "book_valuer_per_share_4q_avg": 15.37,
            "equity": 530074,
            "current_ratio": 499.31,
            "debt_ratio": 18.29,
            "inventory_turnover_ratio": 4.44,
            "account_receivable_turnover_ratio": null,
            "reinvestment_rate": null,
            "research_to_sale_ratio": null,
            "price_fair": 309.4,
            "eps_avg_yearly": 8.84,
            "eps_latest_yearly": 12.08,
            "eps_growth_yearly": 167.53
        },
        "20041": {
            "year_quarter": 20041,
            "year": 2004,
            "quarter": 1,
            "eps": 2.82,
            "eps_growth_year": 161.11,
            "eps_4q": 9.14,
            "eps_4q_growth_year": null,
            "roe": 14.89,
            "roe_4q": 59.46,
            "gross_profit": 115353,
            "gross_margin": 38.91,
            "gross_margin_4q_avg": 38.02,
            "net_income": 85267,
            "revenue": 296431,
            "common_shares": 301979,
            "book_valuer_per_share": 20.38,
            "book_valuer_per_share_4q_avg": 17,
            "equity": 615341,
            "current_ratio": 525.98,
            "debt_ratio": 17.47,
            "inventory_turnover_ratio": 4.02,
            "account_receivable_turnover_ratio": null,
            "reinvestment_rate": null,
            "research_to_sale_ratio": null,
            "price_fair": 330.75,
            "eps_avg_yearly": 9.45,
            "eps_latest_yearly": 11.28,
            "eps_growth_yearly": 119.02
        },
        "20042": {
            "year_quarter": 20042,
            "year": 2004,
            "quarter": 2,
            "eps": 1.95,
            "eps_growth_year": 18.18,
            "eps_4q": 6.76,
            "eps_4q_growth_year": null,
            "roe": 14.51,
            "roe_4q": 62.730000000000004,
            "gross_profit": 112754,
            "gross_margin": 36.03,
            "gross_margin_4q_avg": 37.42,
            "net_income": 95653,
            "revenue": 312967,
            "common_shares": 489626,
            "book_valuer_per_share": 14.36,
            "book_valuer_per_share_4q_avg": 16.71,
            "equity": 703212,
            "current_ratio": 126.52,
            "debt_ratio": 41.05,
            "inventory_turnover_ratio": 3.79,
            "account_receivable_turnover_ratio": null,
            "reinvestment_rate": null,
            "research_to_sale_ratio": null,
            "price_fair": 319.2,
            "eps_avg_yearly": 9.12,
            "eps_latest_yearly": 7.8,
            "eps_growth_yearly": 70.54
        },
        "20043": {
            "year_quarter": 20043,
            "year": 2004,
            "quarter": 3,
            "eps": 2.15,
            "eps_growth_year": 9.69,
            "eps_4q": 7.72,
            "eps_4q_growth_year": null,
            "roe": 13.91,
            "roe_4q": 62.160000000000004,
            "gross_profit": 129475,
            "gross_margin": 36.29,
            "gross_margin_4q_avg": 37.67,
            "net_income": 105119,
            "revenue": 356764,
            "common_shares": 489626,
            "book_valuer_per_share": 16.51,
            "book_valuer_per_share_4q_avg": 17.2,
            "equity": 808500,
            "current_ratio": 148.61,
            "debt_ratio": 37.52,
            "inventory_turnover_ratio": 3.83,
            "account_receivable_turnover_ratio": null,
            "reinvestment_rate": null,
            "research_to_sale_ratio": null,
            "price_fair": 316.17,
            "eps_avg_yearly": 9.03,
            "eps_latest_yearly": 8.6,
            "eps_growth_yearly": 65.62
        },
        "20044": {
            "year_quarter": 20044,
            "year": 2004,
            "quarter": 4,
            "eps": 2.21,
            "eps_growth_year": -26.82,
            "eps_4q": 8.04,
            "eps_4q_growth_year": 11.76,
            "roe": 12.58,
            "roe_4q": 55.89,
            "gross_profit": 133816,
            "gross_margin": 39.51,
            "gross_margin_4q_avg": 37.69,
            "net_income": 108425,
            "revenue": 338729,
            "common_shares": 489626,
            "book_valuer_per_share": 18.69,
            "book_valuer_per_share_4q_avg": 17.49,
            "equity": 915091,
            "current_ratio": 254.4,
            "debt_ratio": 20.63,
            "inventory_turnover_ratio": 2.94,
            "account_receivable_turnover_ratio": null,
            "reinvestment_rate": null,
            "research_to_sale_ratio": null,
            "price_fair": 315.2,
            "eps_avg_yearly": 9.01,
            "eps_latest_yearly": 8.84,
            "eps_growth_yearly": 57.84
        },
        "20051": {
            "year_quarter": 20051,
            "year": 2005,
            "quarter": 1,
            "eps": 0.75,
            "eps_growth_year": -73.4,
            "eps_4q": 7.07,
            "eps_4q_growth_year": -22.65,
            "roe": 3.93,
            "roe_4q": 44.93,
            "gross_profit": 59040,
            "gross_margin": 32.96,
            "gross_margin_4q_avg": 36.2,
            "net_income": 36689,
            "revenue": 179109,
            "common_shares": 489626,
            "book_valuer_per_share": 19.44,
            "book_valuer_per_share_4q_avg": 17.25,
            "equity": 951655,
            "current_ratio": 287.97,
            "debt_ratio": 18.75,
            "inventory_turnover_ratio": 1.47,
            "account_receivable_turnover_ratio": null,
            "reinvestment_rate": null,
            "research_to_sale_ratio": null,
            "price_fair": 227.66,
            "eps_avg_yearly": 8.26,
            "eps_latest_yearly": 3,
            "eps_growth_yearly": 17.58
        },
        "20052": {
            "year_quarter": 20052,
            "year": 2005,
            "quarter": 2,
            "eps": 1.32,
            "eps_growth_year": -32.31,
            "eps_4q": 6.42,
            "eps_4q_growth_year": -5.01,
            "roe": 7.98,
            "roe_4q": 38.400000000000006,
            "gross_profit": 86245,
            "gross_margin": 46.47,
            "gross_margin_4q_avg": 38.81,
            "net_income": 64756,
            "revenue": 185599,
            "common_shares": 489626,
            "book_valuer_per_share": 13.73,
            "book_valuer_per_share_4q_avg": 17.09,
            "equity": 672104,
            "current_ratio": 124.25,
            "debt_ratio": 38.03,
            "inventory_turnover_ratio": 1.13,
            "account_receivable_turnover_ratio": null,
            "reinvestment_rate": null,
            "research_to_sale_ratio": null,
            "price_fair": 277.36,
            "eps_avg_yearly": 7.92,
            "eps_latest_yearly": 5.28,
            "eps_growth_yearly": 49.4
        },
        "20053": {
            "year_quarter": 20053,
            "year": 2005,
            "quarter": 3,
            "eps": 0.98,
            "eps_growth_year": -54.42,
            "eps_4q": 5.29,
            "eps_4q_growth_year": -31.51,
            "roe": 6.86,
            "roe_4q": 31.35,
            "gross_profit": 52070,
            "gross_margin": 38.05,
            "gross_margin_4q_avg": 39.25,
            "net_income": 47762,
            "revenue": 136832,
            "common_shares": 489626,
            "book_valuer_per_share": 14.73,
            "book_valuer_per_share_4q_avg": 16.65,
            "equity": 721041,
            "current_ratio": 282.87,
            "debt_ratio": 8.69,
            "inventory_turnover_ratio": 0.92,
            "account_receivable_turnover_ratio": null,
            "reinvestment_rate": null,
            "research_to_sale_ratio": null,
            "price_fair": 263.34,
            "eps_avg_yearly": 7.52,
            "eps_latest_yearly": 3.92,
            "eps_growth_yearly": 34.16
        },
        "20054": {
            "year_quarter": 20054,
            "year": 2005,
            "quarter": 4,
            "eps": 0.18,
            "eps_growth_year": -91.86,
            "eps_4q": 3.18,
            "eps_4q_growth_year": -60.4,
            "roe": 1.23,
            "roe_4q": 20,
            "gross_profit": 38492,
            "gross_margin": 35.63,
            "gross_margin_4q_avg": 38.28,
            "net_income": 8940,
            "revenue": 108022,
            "common_shares": 489626,
            "book_valuer_per_share": 14.9,
            "book_valuer_per_share_4q_avg": 15.7,
            "equity": 729784,
            "current_ratio": 334.72,
            "debt_ratio": 7.82,
            "inventory_turnover_ratio": 0.76,
            "account_receivable_turnover_ratio": null,
            "reinvestment_rate": null,
            "research_to_sale_ratio": null,
            "price_fair": 78.51,
            "eps_avg_yearly": 6.91,
            "eps_latest_yearly": 0.72,
            "eps_growth_yearly": 1.37
        },
        "20061": {
            "year_quarter": 20061,
            "year": 2006,
            "quarter": 1,
            "eps": 0.01,
            "eps_growth_year": -98.67,
            "eps_4q": 2.84,
            "eps_4q_growth_year": -59.82,
            "roe": 0.06,
            "roe_4q": 16.130000000000003,
            "gross_profit": 26683,
            "gross_margin": 28.93,
            "gross_margin_4q_avg": 37.27,
            "net_income": 429,
            "revenue": 92234,
            "common_shares": 489626,
            "book_valuer_per_share": 14.87,
            "book_valuer_per_share_4q_avg": 14.56,
            "equity": 728172,
            "current_ratio": 352.23,
            "debt_ratio": 7.23,
            "inventory_turnover_ratio": 0.74,
            "account_receivable_turnover_ratio": null,
            "reinvestment_rate": null,
            "research_to_sale_ratio": null,
            "price_fair": 19,
            "eps_avg_yearly": 6.33,
            "eps_latest_yearly": 0.04,
            "eps_growth_yearly": -30.23
        },
        "20062": {
            "year_quarter": 20062,
            "year": 2006,
            "quarter": 2,
            "eps": 0.16,
            "eps_growth_year": -87.88,
            "eps_4q": 1.36,
            "eps_4q_growth_year": -78.76,
            "roe": 1.06,
            "roe_4q": 9.21,
            "gross_profit": 35611,
            "gross_margin": 38.37,
            "gross_margin_4q_avg": 35.25,
            "net_income": 7595,
            "revenue": 92811,
            "common_shares": 489626,
            "book_valuer_per_share": 14.3,
            "book_valuer_per_share_4q_avg": 14.7,
            "equity": 700337,
            "current_ratio": 250.49,
            "debt_ratio": 9.9,
            "inventory_turnover_ratio": 0.67,
            "account_receivable_turnover_ratio": null,
            "reinvestment_rate": null,
            "research_to_sale_ratio": null,
            "price_fair": 206.34,
            "eps_avg_yearly": 5.9,
            "eps_latest_yearly": 0.64,
            "eps_growth_yearly": 433.64
        },
        "20063": {
            "year_quarter": 20063,
            "year": 2006,
            "quarter": 3,
            "eps": 0.09,
            "eps_growth_year": -90.82,
            "eps_4q": 0.36,
            "eps_4q_growth_year": -93.14,
            "roe": 0.8,
            "roe_4q": 3.1500000000000004,
            "gross_profit": 28095,
            "gross_margin": 33.55,
            "gross_margin_4q_avg": 34.12,
            "net_income": 5602,
            "revenue": 83733,
            "common_shares": 590351,
            "book_valuer_per_share": 11.99,
            "book_valuer_per_share_4q_avg": 14.02,
            "equity": 707914,
            "current_ratio": 307.75,
            "debt_ratio": 7.13,
            "inventory_turnover_ratio": 0.7,
            "account_receivable_turnover_ratio": null,
            "reinvestment_rate": null,
            "research_to_sale_ratio": null,
            "price_fair": 192.5,
            "eps_avg_yearly": 5.5,
            "eps_latest_yearly": 0.36,
            "eps_growth_yearly": 390.16
        },
        "20064": {
            "year_quarter": 20064,
            "year": 2006,
            "quarter": 4,
            "eps": -0.31,
            "eps_growth_year": -272.22,
            "eps_4q": -0.08,
            "eps_4q_growth_year": -102.51,
            "roe": -2.65,
            "roe_4q": -0.7299999999999998,
            "gross_profit": 24426,
            "gross_margin": 28.8,
            "gross_margin_4q_avg": 32.41,
            "net_income": -18479,
            "revenue": 84814,
            "common_shares": 590351,
            "book_valuer_per_share": 11.67,
            "book_valuer_per_share_4q_avg": 13.21,
            "equity": 689227,
            "current_ratio": 287.32,
            "debt_ratio": 7.76,
            "inventory_turnover_ratio": 0.85,
            "account_receivable_turnover_ratio": null,
            "reinvestment_rate": 1.43,
            "research_to_sale_ratio": null,
            "price_fair": 192.5,
            "eps_avg_yearly": 5.5,
            "eps_latest_yearly": 0.36,
            "eps_growth_yearly": 390.16
        },
        "20071": {
            "year_quarter": 20071,
            "year": 2007,
            "quarter": 1,
            "eps": -0.09,
            "eps_growth_year": -1000,
            "eps_4q": -0.18,
            "eps_4q_growth_year": -106.32,
            "roe": -0.77,
            "roe_4q": -1.56,
            "gross_profit": 21055,
            "gross_margin": 32.3,
            "gross_margin_4q_avg": 33.26,
            "net_income": -5314,
            "revenue": 65187,
            "common_shares": 590351,
            "book_valuer_per_share": 11.59,
            "book_valuer_per_share_4q_avg": 12.39,
            "equity": 684267,
            "current_ratio": 239.74,
            "debt_ratio": 8.75,
            "inventory_turnover_ratio": 0.7,
            "account_receivable_turnover_ratio": null,
            "reinvestment_rate": -0.48,
            "research_to_sale_ratio": null,
            "price_fair": 192.5,
            "eps_avg_yearly": 5.5,
            "eps_latest_yearly": 0.36,
            "eps_growth_yearly": 390.16
        },
        "20072": {
            "year_quarter": 20072,
            "year": 2007,
            "quarter": 2,
            "eps": -0.68,
            "eps_growth_year": -525,
            "eps_4q": -0.99,
            "eps_4q_growth_year": -172.64,
            "roe": -6.07,
            "roe_4q": -8.69,
            "gross_profit": 21395,
            "gross_margin": 33.69,
            "gross_margin_4q_avg": 32.09,
            "net_income": -40281,
            "revenue": 63502,
            "common_shares": 590351,
            "book_valuer_per_share": 10.91,
            "book_valuer_per_share_4q_avg": 11.54,
            "equity": 643848,
            "current_ratio": 158.79,
            "debt_ratio": 12.77,
            "inventory_turnover_ratio": 0.72,
            "account_receivable_turnover_ratio": null,
            "reinvestment_rate": -0.48,
            "research_to_sale_ratio": null,
            "price_fair": 189.54,
            "eps_avg_yearly": 5.42,
            "eps_latest_yearly": 0.36,
            "eps_growth_yearly": 403.94
        },
        "20073": {
            "year_quarter": 20073,
            "year": 2007,
            "quarter": 3,
            "eps": -0.37,
            "eps_growth_year": -511.11,
            "eps_4q": -1.46,
            "eps_4q_growth_year": -501.92,
            "roe": -3.47,
            "roe_4q": -12.96,
            "gross_profit": 17571,
            "gross_margin": 31.16,
            "gross_margin_4q_avg": 31.49,
            "net_income": -21946,
            "revenue": 56381,
            "common_shares": 590351,
            "book_valuer_per_share": 10.51,
            "book_valuer_per_share_4q_avg": 11.17,
            "equity": 620352,
            "current_ratio": 128.91,
            "debt_ratio": 18.47,
            "inventory_turnover_ratio": 0.66,
            "account_receivable_turnover_ratio": null,
            "reinvestment_rate": 0.87,
            "research_to_sale_ratio": null,
            "price_fair": 182.47,
            "eps_avg_yearly": 5.21,
            "eps_latest_yearly": 0.36,
            "eps_growth_yearly": 431.34
        },
        "20074": {
            "year_quarter": 20074,
            "year": 2007,
            "quarter": 4,
            "eps": -0.23,
            "eps_growth_year": null,
            "eps_4q": -1.38,
            "eps_4q_growth_year": null,
            "roe": -2.26,
            "roe_4q": -12.57,
            "gross_profit": 17475,
            "gross_margin": 34.15,
            "gross_margin_4q_avg": 32.83,
            "net_income": -13863,
            "revenue": 51170,
            "common_shares": 590351,
            "book_valuer_per_share": 10.28,
            "book_valuer_per_share_4q_avg": 10.82,
            "equity": 606938,
            "current_ratio": 129.12,
            "debt_ratio": 15.84,
            "inventory_turnover_ratio": 0.53,
            "account_receivable_turnover_ratio": null,
            "reinvestment_rate": 2.73,
            "research_to_sale_ratio": null,
            "price_fair": 160.62,
            "eps_avg_yearly": 4.59,
            "eps_latest_yearly": 0.36,
            "eps_growth_yearly": 450.88
        },
        "20081": {
            "year_quarter": 20081,
            "year": 2008,
            "quarter": 1,
            "eps": -0.75,
            "eps_growth_year": null,
            "eps_4q": -2.04,
            "eps_4q_growth_year": null,
            "roe": -7.57,
            "roe_4q": -19.37,
            "gross_profit": 14320,
            "gross_margin": 27.27,
            "gross_margin_4q_avg": 31.57,
            "net_income": -44240,
            "revenue": 52520,
            "common_shares": 590351,
            "book_valuer_per_share": 9.52,
            "book_valuer_per_share_4q_avg": 10.31,
            "equity": 561877,
            "current_ratio": 116.1,
            "debt_ratio": 18.19,
            "inventory_turnover_ratio": 0.6,
            "account_receivable_turnover_ratio": null,
            "reinvestment_rate": 1.71,
            "research_to_sale_ratio": null,
            "price_fair": 137.2,
            "eps_avg_yearly": 3.92,
            "eps_latest_yearly": 0.36,
            "eps_growth_yearly": 498.62
        },
        "20082": {
            "year_quarter": 20082,
            "year": 2008,
            "quarter": 2,
            "eps": -0.24,
            "eps_growth_year": null,
            "eps_4q": -1.6,
            "eps_4q_growth_year": null,
            "roe": -2.59,
            "roe_4q": -15.89,
            "gross_profit": 11691,
            "gross_margin": 28.44,
            "gross_margin_4q_avg": 30.26,
            "net_income": -14367,
            "revenue": 41101,
            "common_shares": 590351,
            "book_valuer_per_share": 9.3,
            "book_valuer_per_share_4q_avg": 9.9,
            "equity": 549319,
            "current_ratio": 767.6,
            "debt_ratio": 5.68,
            "inventory_turnover_ratio": 0.5,
            "account_receivable_turnover_ratio": null,
            "reinvestment_rate": 0.16,
            "research_to_sale_ratio": null,
            "price_fair": 122.11,
            "eps_avg_yearly": 3.49,
            "eps_latest_yearly": 0.36,
            "eps_growth_yearly": 567.73
        },
        "20083": {
            "year_quarter": 20083,
            "year": 2008,
            "quarter": 3,
            "eps": -0.07,
            "eps_growth_year": null,
            "eps_4q": -1.3,
            "eps_4q_growth_year": null,
            "roe": -0.8,
            "roe_4q": -13.22,
            "gross_profit": 3584,
            "gross_margin": 10.73,
            "gross_margin_4q_avg": 25.15,
            "net_income": -4412,
            "revenue": 33399,
            "common_shares": 590351,
            "book_valuer_per_share": 9.27,
            "book_valuer_per_share_4q_avg": 9.59,
            "equity": 547197,
            "current_ratio": 609.58,
            "debt_ratio": 6.72,
            "inventory_turnover_ratio": 0.51,
            "account_receivable_turnover_ratio": null,
            "reinvestment_rate": -0.06,
            "research_to_sale_ratio": null,
            "price_fair": 99.75,
            "eps_avg_yearly": 2.85,
            "eps_latest_yearly": 0.36,
            "eps_growth_yearly": 633.57
        },
        "20084": {
            "year_quarter": 20084,
            "year": 2008,
            "quarter": 4,
            "eps": -0.31,
            "eps_growth_year": null,
            "eps_4q": -1.37,
            "eps_4q_growth_year": null,
            "roe": -3.42,
            "roe_4q": -14.379999999999999,
            "gross_profit": -848,
            "gross_margin": -2.43,
            "gross_margin_4q_avg": 16,
            "net_income": -18138,
            "revenue": 34830,
            "common_shares": 590351,
            "book_valuer_per_share": 8.69,
            "book_valuer_per_share_4q_avg": 9.2,
            "equity": 512983,
            "current_ratio": 917.18,
            "debt_ratio": 4.21,
            "inventory_turnover_ratio": 0.72,
            "account_receivable_turnover_ratio": 3.55,
            "reinvestment_rate": null,
            "research_to_sale_ratio": null,
            "price_fair": 69.8,
            "eps_avg_yearly": 1.99,
            "eps_latest_yearly": 0.36,
            "eps_growth_yearly": 722.49
        },
        "20091": {
            "year_quarter": 20091,
            "year": 2009,
            "quarter": 1,
            "eps": -0.03,
            "eps_growth_year": null,
            "eps_4q": -0.65,
            "eps_4q_growth_year": null,
            "roe": -0.3,
            "roe_4q": -7.109999999999999,
            "gross_profit": 5377,
            "gross_margin": 20.02,
            "gross_margin_4q_avg": 14.19,
            "net_income": -1571,
            "revenue": 26857,
            "common_shares": 590351,
            "book_valuer_per_share": 8.87,
            "book_valuer_per_share_4q_avg": 9.03,
            "equity": 523367,
            "current_ratio": 934.3,
            "debt_ratio": 3.9,
            "inventory_turnover_ratio": 0.52,
            "account_receivable_turnover_ratio": 1.7,
            "reinvestment_rate": null,
            "research_to_sale_ratio": null,
            "price_fair": 63.93,
            "eps_avg_yearly": 1.83,
            "eps_latest_yearly": 0.36,
            "eps_growth_yearly": 886.94
        },
        "20092": {
            "year_quarter": 20092,
            "year": 2009,
            "quarter": 2,
            "eps": -0.49,
            "eps_growth_year": null,
            "eps_4q": -0.9,
            "eps_4q_growth_year": null,
            "roe": -5.67,
            "roe_4q": -10.190000000000001,
            "gross_profit": 6740,
            "gross_margin": 29.1,
            "gross_margin_4q_avg": 14.36,
            "net_income": -28946,
            "revenue": 23163,
            "common_shares": 590351,
            "book_valuer_per_share": 8.42,
            "book_valuer_per_share_4q_avg": 8.81,
            "equity": 496948,
            "current_ratio": 2231.54,
            "debt_ratio": 3.82,
            "inventory_turnover_ratio": 0.42,
            "account_receivable_turnover_ratio": 2.07,
            "reinvestment_rate": null,
            "research_to_sale_ratio": null,
            "price_fair": 39.76,
            "eps_avg_yearly": 1.14,
            "eps_latest_yearly": 0.36,
            "eps_growth_yearly": 1003.53
        },
        "20093": {
            "year_quarter": 20093,
            "year": 2009,
            "quarter": 3,
            "eps": -0.38,
            "eps_growth_year": null,
            "eps_4q": -1.2,
            "eps_4q_growth_year": null,
            "roe": -4.59,
            "roe_4q": -13.98,
            "gross_profit": 4056,
            "gross_margin": 15.02,
            "gross_margin_4q_avg": 15.43,
            "net_income": -22289,
            "revenue": 27000,
            "common_shares": 590351,
            "book_valuer_per_share": 8.03,
            "book_valuer_per_share_4q_avg": 8.5,
            "equity": 474239,
            "current_ratio": 1803.65,
            "debt_ratio": 4.72,
            "inventory_turnover_ratio": 0.62,
            "account_receivable_turnover_ratio": 2.37,
            "reinvestment_rate": null,
            "research_to_sale_ratio": null,
            "price_fair": 15.4,
            "eps_avg_yearly": 0.44,
            "eps_latest_yearly": 0.36,
            "eps_growth_yearly": 1280.17
        },
        "20094": {
            "year_quarter": 20094,
            "year": 2009,
            "quarter": 4,
            "eps": -0.79,
            "eps_growth_year": null,
            "eps_4q": -1.69,
            "eps_4q_growth_year": null,
            "roe": -10.35,
            "roe_4q": -20.91,
            "gross_profit": -8838,
            "gross_margin": -42.86,
            "gross_margin_4q_avg": 5.32,
            "net_income": -46682,
            "revenue": 20620,
            "common_shares": 590351,
            "book_valuer_per_share": 7.25,
            "book_valuer_per_share_4q_avg": 8.14,
            "equity": 428062,
            "current_ratio": 2421.31,
            "debt_ratio": 3.51,
            "inventory_turnover_ratio": 1.05,
            "account_receivable_turnover_ratio": 4.25,
            "reinvestment_rate": null,
            "research_to_sale_ratio": null,
            "price_fair": 12.13,
            "eps_avg_yearly": 0.35,
            "eps_latest_yearly": 0.36,
            "eps_growth_yearly": 1815.74
        },
        "20101": {
            "year_quarter": 20101,
            "year": 2010,
            "quarter": 1,
            "eps": -0.22,
            "eps_growth_year": null,
            "eps_4q": -1.87,
            "eps_4q_growth_year": null,
            "roe": -3.09,
            "roe_4q": -23.700000000000003,
            "gross_profit": 1365,
            "gross_margin": 9.81,
            "gross_margin_4q_avg": 2.77,
            "net_income": -13111,
            "revenue": 13909,
            "common_shares": 590351,
            "book_valuer_per_share": 7.07,
            "book_valuer_per_share_4q_avg": 7.69,
            "equity": 420329,
            "current_ratio": 3009.54,
            "debt_ratio": 2.82,
            "inventory_turnover_ratio": 0.67,
            "account_receivable_turnover_ratio": 1.9,
            "reinvestment_rate": null,
            "research_to_sale_ratio": 18.82,
            "price_fair": 17.5,
            "eps_avg_yearly": 0.5,
            "eps_latest_yearly": 0.36,
            "eps_growth_yearly": 2912.5
        },
        "20102": {
            "year_quarter": 20102,
            "year": 2010,
            "quarter": 2,
            "eps": -0.17,
            "eps_growth_year": null,
            "eps_4q": -1.55,
            "eps_4q_growth_year": null,
            "roe": -2.42,
            "roe_4q": -20.45,
            "gross_profit": 2729,
            "gross_margin": 17.36,
            "gross_margin_4q_avg": -0.17,
            "net_income": -10064,
            "revenue": 15722,
            "common_shares": 594231,
            "book_valuer_per_share": 6.91,
            "book_valuer_per_share_4q_avg": 7.32,
            "equity": 410960,
            "current_ratio": 2868.73,
            "debt_ratio": 2.95,
            "inventory_turnover_ratio": 0.77,
            "account_receivable_turnover_ratio": 4.09,
            "reinvestment_rate": null,
            "research_to_sale_ratio": 9.78,
            "price_fair": 1.08,
            "eps_avg_yearly": 0.36,
            "eps_latest_yearly": 0.36,
            "eps_growth_yearly": -175
        },
        "20103": {
            "year_quarter": 20103,
            "year": 2010,
            "quarter": 3,
            "eps": 0.08,
            "eps_growth_year": null,
            "eps_4q": -0.57,
            "eps_4q_growth_year": null,
            "roe": 1.41,
            "roe_4q": -14.45,
            "gross_profit": 3092,
            "gross_margin": 1.19,
            "gross_margin_4q_avg": -3.63,
            "net_income": 8255,
            "revenue": 259229,
            "common_shares": 1074791,
            "book_valuer_per_share": 7.06,
            "book_valuer_per_share_4q_avg": 7.07,
            "equity": 758424,
            "current_ratio": 172.22,
            "debt_ratio": 55.84,
            "inventory_turnover_ratio": 0.48,
            "account_receivable_turnover_ratio": 11.12,
            "reinvestment_rate": null,
            "research_to_sale_ratio": 1.09,
            "price_fair": 0,
            "eps_avg_yearly": 0,
            "eps_latest_yearly": 0,
            "eps_growth_yearly": 0
        },
        "20104": {
            "year_quarter": 20104,
            "year": 2010,
            "quarter": 4,
            "eps": 0.15,
            "eps_growth_year": null,
            "eps_4q": 0.01,
            "eps_4q_growth_year": null,
            "roe": 2.07,
            "roe_4q": -2.0300000000000002,
            "gross_profit": 46513,
            "gross_margin": 7.8,
            "gross_margin_4q_avg": 9.04,
            "net_income": 15843,
            "revenue": 596519,
            "common_shares": 1075163,
            "book_valuer_per_share": 7.2,
            "book_valuer_per_share_4q_avg": 7.06,
            "equity": 773586,
            "current_ratio": 343.67,
            "debt_ratio": 27.31,
            "inventory_turnover_ratio": 0.67,
            "account_receivable_turnover_ratio": 19.48,
            "reinvestment_rate": null,
            "research_to_sale_ratio": 0.48,
            "price_fair": 21,
            "eps_avg_yearly": 0.6,
            "eps_latest_yearly": 0.6,
            "eps_growth_yearly": 350
        },
        "20111": {
            "year_quarter": 20111,
            "year": 2011,
            "quarter": 1,
            "eps": 0.1,
            "eps_growth_year": null,
            "eps_4q": 0.23,
            "eps_4q_growth_year": null,
            "roe": 1.34,
            "roe_4q": 2.4000000000000004,
            "gross_profit": 33762,
            "gross_margin": 10.79,
            "gross_margin_4q_avg": 9.29,
            "net_income": 10457,
            "revenue": 313042,
            "common_shares": 1075163,
            "book_valuer_per_share": 7.29,
            "book_valuer_per_share_4q_avg": 7.12,
            "equity": 784621,
            "current_ratio": 592.3,
            "debt_ratio": 15.29,
            "inventory_turnover_ratio": 0.51,
            "account_receivable_turnover_ratio": 29.6,
            "reinvestment_rate": null,
            "research_to_sale_ratio": 0.93,
            "price_fair": 17.5,
            "eps_avg_yearly": 0.5,
            "eps_latest_yearly": 0.4,
            "eps_growth_yearly": 108.33
        },
        "20112": {
            "year_quarter": 20112,
            "year": 2011,
            "quarter": 2,
            "eps": 0.01,
            "eps_growth_year": null,
            "eps_4q": 0.33,
            "eps_4q_growth_year": null,
            "roe": 0.08,
            "roe_4q": 4.9,
            "gross_profit": 20638,
            "gross_margin": 14.85,
            "gross_margin_4q_avg": 8.66,
            "net_income": 619,
            "revenue": 138945,
            "common_shares": 1075685,
            "book_valuer_per_share": 7.3,
            "book_valuer_per_share_4q_avg": 7.21,
            "equity": 785146,
            "current_ratio": 2683.45,
            "debt_ratio": 5.5,
            "inventory_turnover_ratio": 0.23,
            "account_receivable_turnover_ratio": 25.13,
            "reinvestment_rate": null,
            "research_to_sale_ratio": 1.97,
            "price_fair": 1.04,
            "eps_avg_yearly": 0.35,
            "eps_latest_yearly": 0.04,
            "eps_growth_yearly": -47.78
        },
        "20113": {
            "year_quarter": 20113,
            "year": 2011,
            "quarter": 3,
            "eps": -0.05,
            "eps_growth_year": -158.68,
            "eps_4q": 0.21,
            "eps_4q_growth_year": null,
            "roe": -0.62,
            "roe_4q": 2.87,
            "gross_profit": 8135,
            "gross_margin": 54.97,
            "gross_margin_4q_avg": 22.1,
            "net_income": -4848,
            "revenue": 14798,
            "common_shares": 1075685,
            "book_valuer_per_share": 7.26,
            "book_valuer_per_share_4q_avg": 7.26,
            "equity": 780768,
            "current_ratio": 558.31,
            "debt_ratio": 18.17,
            "inventory_turnover_ratio": 0.01,
            "account_receivable_turnover_ratio": 1.92,
            "reinvestment_rate": null,
            "research_to_sale_ratio": 18.33,
            "price_fair": 1.04,
            "eps_avg_yearly": 0.35,
            "eps_latest_yearly": 0.04,
            "eps_growth_yearly": -47.78
        },
        "20114": {
            "year_quarter": 20114,
            "year": 2011,
            "quarter": 4,
            "eps": 0.01,
            "eps_growth_year": -93.64,
            "eps_4q": 0.07,
            "eps_4q_growth_year": 683.56,
            "roe": 0.13,
            "roe_4q": 0.9300000000000002,
            "gross_profit": 13013,
            "gross_margin": 34.53,
            "gross_margin_4q_avg": 28.79,
            "net_income": 1008,
            "revenue": 37686,
            "common_shares": 1075685,
            "book_valuer_per_share": 7.27,
            "book_valuer_per_share_4q_avg": 7.28,
            "equity": 781761,
            "current_ratio": 449.52,
            "debt_ratio": 21.65,
            "inventory_turnover_ratio": 0.04,
            "account_receivable_turnover_ratio": 5.23,
            "reinvestment_rate": null,
            "research_to_sale_ratio": 5.5,
            "price_fair": 1.04,
            "eps_avg_yearly": 0.35,
            "eps_latest_yearly": 0.04,
            "eps_growth_yearly": -47.78
        },
        "20121": {
            "year_quarter": 20121,
            "year": 2012,
            "quarter": 1,
            "eps": -0.07,
            "eps_growth_year": -170,
            "eps_4q": -0.08,
            "eps_4q_growth_year": -135.91,
            "roe": -0.89,
            "roe_4q": -1.2999999999999998,
            "gross_profit": 11192,
            "gross_margin": 32.38,
            "gross_margin_4q_avg": 34.18,
            "net_income": -8028,
            "revenue": 34566,
            "common_shares": 1375685,
            "book_valuer_per_share": 7.41,
            "book_valuer_per_share_4q_avg": 7.31,
            "equity": 1018733,
            "current_ratio": 515.24,
            "debt_ratio": 19.16,
            "inventory_turnover_ratio": 0.04,
            "account_receivable_turnover_ratio": 6.81,
            "reinvestment_rate": null,
            "research_to_sale_ratio": 6.52,
            "price_fair": 1.04,
            "eps_avg_yearly": 0.35,
            "eps_latest_yearly": 0.04,
            "eps_growth_yearly": -47.78
        },
        "20122": {
            "year_quarter": 20122,
            "year": 2012,
            "quarter": 2,
            "eps": -0.01,
            "eps_growth_year": -327.65,
            "eps_4q": -0.1,
            "eps_4q_growth_year": -130.39,
            "roe": -0.18,
            "roe_4q": -1.56,
            "gross_profit": 23657,
            "gross_margin": 25.67,
            "gross_margin_4q_avg": 36.89,
            "net_income": -1802,
            "revenue": 92156,
            "common_shares": 1375685,
            "book_valuer_per_share": 7.4,
            "book_valuer_per_share_4q_avg": 7.34,
            "equity": 1018209,
            "current_ratio": 507.18,
            "debt_ratio": 19.61,
            "inventory_turnover_ratio": 0.1,
            "account_receivable_turnover_ratio": 20.22,
            "reinvestment_rate": null,
            "research_to_sale_ratio": 3.25,
            "price_fair": 1.04,
            "eps_avg_yearly": 0.35,
            "eps_latest_yearly": 0.04,
            "eps_growth_yearly": -47.78
        },
        "20123": {
            "year_quarter": 20123,
            "year": 2012,
            "quarter": 3,
            "eps": -0.02,
            "eps_growth_year": null,
            "eps_4q": -0.08,
            "eps_4q_growth_year": -140.46,
            "roe": -0.26,
            "roe_4q": -1.2000000000000002,
            "gross_profit": 15454,
            "gross_margin": 33.53,
            "gross_margin_4q_avg": 31.53,
            "net_income": -2597,
            "revenue": 46090,
            "common_shares": 1375685,
            "book_valuer_per_share": 7.38,
            "book_valuer_per_share_4q_avg": 7.37,
            "equity": 1015612,
            "current_ratio": 486.53,
            "debt_ratio": 19.64,
            "inventory_turnover_ratio": 0.05,
            "account_receivable_turnover_ratio": 8.48,
            "reinvestment_rate": null,
            "research_to_sale_ratio": 4.96,
            "price_fair": 1.04,
            "eps_avg_yearly": 0.35,
            "eps_latest_yearly": 0.04,
            "eps_growth_yearly": -47.78
        },
        "20124": {
            "year_quarter": 20124,
            "year": 2012,
            "quarter": 4,
            "eps": 0.26,
            "eps_growth_year": 2630.7,
            "eps_4q": 0.17,
            "eps_4q_growth_year": 146.12,
            "roe": 3.41,
            "roe_4q": 2.08,
            "gross_profit": 70120,
            "gross_margin": 29.44,
            "gross_margin_4q_avg": 30.26,
            "net_income": 35203,
            "revenue": 238167,
            "common_shares": 1375685,
            "book_valuer_per_share": 7.64,
            "book_valuer_per_share_4q_avg": 7.46,
            "equity": 1050815,
            "current_ratio": 318.8,
            "debt_ratio": 28.35,
            "inventory_turnover_ratio": 0.24,
            "account_receivable_turnover_ratio": 9.71,
            "reinvestment_rate": null,
            "research_to_sale_ratio": 2.24,
            "price_fair": 1.04,
            "eps_avg_yearly": 0.35,
            "eps_latest_yearly": 0.04,
            "eps_growth_yearly": -47.78
        },
        "20131": {
            "year_quarter": 20131,
            "year": 2013,
            "quarter": 1,
            "eps": -0.19,
            "eps_growth_year": null,
            "eps_4q": 0.04,
            "eps_4q_growth_year": null,
            "roe": -2.59,
            "roe_4q": 0.3800000000000003,
            "gross_profit": 4079,
            "gross_margin": 19.65,
            "gross_margin_4q_avg": 27.07,
            "net_income": -25455,
            "revenue": 20757,
            "common_shares": 1375685,
            "book_valuer_per_share": 6.64,
            "book_valuer_per_share_4q_avg": 7.27,
            "equity": 912909,
            "current_ratio": 187.25,
            "debt_ratio": 45.87,
            "inventory_turnover_ratio": 0.02,
            "account_receivable_turnover_ratio": 0.46,
            "reinvestment_rate": null,
            "research_to_sale_ratio": 15.65,
            "price_fair": 1.04,
            "eps_avg_yearly": 0.35,
            "eps_latest_yearly": 0.04,
            "eps_growth_yearly": -47.78
        },
        "20132": {
            "year_quarter": 20132,
            "year": 2013,
            "quarter": 2,
            "eps": -0.15,
            "eps_growth_year": null,
            "eps_4q": -0.1,
            "eps_4q_growth_year": null,
            "roe": -2.35,
            "roe_4q": -1.7899999999999994,
            "gross_profit": 8490,
            "gross_margin": 44.07,
            "gross_margin_4q_avg": 31.67,
            "net_income": -21166,
            "revenue": 19264,
            "common_shares": 1375685,
            "book_valuer_per_share": 6.48,
            "book_valuer_per_share_4q_avg": 7.04,
            "equity": 891743,
            "current_ratio": 152.94,
            "debt_ratio": 58.73,
            "inventory_turnover_ratio": 0.01,
            "account_receivable_turnover_ratio": 0.33,
            "reinvestment_rate": null,
            "research_to_sale_ratio": 19.45,
            "price_fair": 1.04,
            "eps_avg_yearly": 0.35,
            "eps_latest_yearly": 0.04,
            "eps_growth_yearly": -47.78
        },
        "20133": {
            "year_quarter": 20133,
            "year": 2013,
            "quarter": 3,
            "eps": 0.05,
            "eps_growth_year": null,
            "eps_4q": -0.03,
            "eps_4q_growth_year": null,
            "roe": 0.75,
            "roe_4q": -0.7799999999999994,
            "gross_profit": 39028,
            "gross_margin": 24.33,
            "gross_margin_4q_avg": 29.37,
            "net_income": 6744,
            "revenue": 160403,
            "common_shares": 1375685,
            "book_valuer_per_share": 6.53,
            "book_valuer_per_share_4q_avg": 6.82,
            "equity": 898487,
            "current_ratio": 157.92,
            "debt_ratio": 58.28,
            "inventory_turnover_ratio": 0.1,
            "account_receivable_turnover_ratio": 3,
            "reinvestment_rate": null,
            "research_to_sale_ratio": 2.21,
            "price_fair": 1.04,
            "eps_avg_yearly": 0.35,
            "eps_latest_yearly": 0.04,
            "eps_growth_yearly": -47.78
        },
        "20134": {
            "year_quarter": 20134,
            "year": 2013,
            "quarter": 4,
            "eps": 0.69,
            "eps_growth_year": 170.68,
            "eps_4q": 0.4,
            "eps_4q_growth_year": 143.29,
            "roe": 10.07,
            "roe_4q": 5.880000000000001,
            "gross_profit": 127344,
            "gross_margin": 34.43,
            "gross_margin_4q_avg": 30.62,
            "net_income": 95288,
            "revenue": 369824,
            "common_shares": 1375685,
            "book_valuer_per_share": 7.22,
            "book_valuer_per_share_4q_avg": 6.72,
            "equity": 993650,
            "current_ratio": 167.88,
            "debt_ratio": 55.17,
            "inventory_turnover_ratio": 0.22,
            "account_receivable_turnover_ratio": 12.5,
            "reinvestment_rate": 303.72,
            "research_to_sale_ratio": 1.21,
            "price_fair": 33.25,
            "eps_avg_yearly": 0.95,
            "eps_latest_yearly": 2.76,
            "eps_growth_yearly": 1244.17
        },
        "20141": {
            "year_quarter": 20141,
            "year": 2014,
            "quarter": 1,
            "eps": -0.14,
            "eps_growth_year": null,
            "eps_4q": 0.45,
            "eps_4q_growth_year": 1048.55,
            "roe": -1.95,
            "roe_4q": 6.520000000000001,
            "gross_profit": 9167,
            "gross_margin": 23.78,
            "gross_margin_4q_avg": 31.65,
            "net_income": -19431,
            "revenue": 38549,
            "common_shares": 1375685,
            "book_valuer_per_share": 7.25,
            "book_valuer_per_share_4q_avg": 6.87,
            "equity": 997544,
            "current_ratio": 238.64,
            "debt_ratio": 58.23,
            "inventory_turnover_ratio": 0.03,
            "account_receivable_turnover_ratio": 1.78,
            "reinvestment_rate": 328.12,
            "research_to_sale_ratio": 5.58,
            "price_fair": 33.25,
            "eps_avg_yearly": 0.95,
            "eps_latest_yearly": 2.76,
            "eps_growth_yearly": 1244.17
        },
        "20142": {
            "year_quarter": 20142,
            "year": 2014,
            "quarter": 2,
            "eps": -0.19,
            "eps_growth_year": null,
            "eps_4q": 0.41,
            "eps_4q_growth_year": null,
            "roe": -2.69,
            "roe_4q": 6.180000000000001,
            "gross_profit": 6002,
            "gross_margin": 15.02,
            "gross_margin_4q_avg": 24.39,
            "net_income": -26512,
            "revenue": 39953,
            "common_shares": 1375685,
            "book_valuer_per_share": 7.06,
            "book_valuer_per_share_4q_avg": 7.02,
            "equity": 971032,
            "current_ratio": 202.19,
            "debt_ratio": 59.85,
            "inventory_turnover_ratio": 0.03,
            "account_receivable_turnover_ratio": 1.91,
            "reinvestment_rate": 513.78,
            "research_to_sale_ratio": 4.02,
            "price_fair": 33.25,
            "eps_avg_yearly": 0.95,
            "eps_latest_yearly": 2.76,
            "eps_growth_yearly": 1244.17
        },
        "20143": {
            "year_quarter": 20143,
            "year": 2014,
            "quarter": 3,
            "eps": -0.29,
            "eps_growth_year": -680,
            "eps_4q": 0.07,
            "eps_4q_growth_year": null,
            "roe": -4.21,
            "roe_4q": 1.2200000000000006,
            "gross_profit": -1157,
            "gross_margin": -6.86,
            "gross_margin_4q_avg": 16.59,
            "net_income": -40025,
            "revenue": 16863,
            "common_shares": 1375685,
            "book_valuer_per_share": 6.77,
            "book_valuer_per_share_4q_avg": 7.08,
            "equity": 931007,
            "current_ratio": 188.55,
            "debt_ratio": 63.37,
            "inventory_turnover_ratio": 0.01,
            "account_receivable_turnover_ratio": 0.92,
            "reinvestment_rate": 467.22,
            "research_to_sale_ratio": 10.28,
            "price_fair": 33.25,
            "eps_avg_yearly": 0.95,
            "eps_latest_yearly": 2.76,
            "eps_growth_yearly": 1244.17
        },
        "20144": {
            "year_quarter": 20144,
            "year": 2014,
            "quarter": 4,
            "eps": -0.32,
            "eps_growth_year": -146.71,
            "eps_4q": -0.95,
            "eps_4q_growth_year": -335.47,
            "roe": -4.9,
            "roe_4q": -13.749999999999998,
            "gross_profit": -13663,
            "gross_margin": -338.78,
            "gross_margin_4q_avg": -76.71,
            "net_income": -44508,
            "revenue": 4033,
            "common_shares": 1375685,
            "book_valuer_per_share": 6.45,
            "book_valuer_per_share_4q_avg": 6.88,
            "equity": 886905,
            "current_ratio": 183.95,
            "debt_ratio": 64.68,
            "inventory_turnover_ratio": 0.01,
            "account_receivable_turnover_ratio": 0.2,
            "reinvestment_rate": null,
            "research_to_sale_ratio": 33.85,
            "price_fair": 37.33,
            "eps_avg_yearly": 1.07,
            "eps_latest_yearly": 2.76,
            "eps_growth_yearly": 1542.22
        },
        "20151": {
            "year_quarter": 20151,
            "year": 2015,
            "quarter": 1,
            "eps": -0.21,
            "eps_growth_year": null,
            "eps_4q": -1.02,
            "eps_4q_growth_year": -327.31,
            "roe": -3.28,
            "roe_4q": -15.08,
            "gross_profit": 736,
            "gross_margin": 9.49,
            "gross_margin_4q_avg": -80.28,
            "net_income": -28601,
            "revenue": 7755,
            "common_shares": 1375685,
            "book_valuer_per_share": 6.24,
            "book_valuer_per_share_4q_avg": 6.63,
            "equity": 858304,
            "current_ratio": 334.62,
            "debt_ratio": 69.29,
            "inventory_turnover_ratio": 0,
            "account_receivable_turnover_ratio": 0.36,
            "reinvestment_rate": null,
            "research_to_sale_ratio": 4.86,
            "price_fair": 49,
            "eps_avg_yearly": 1.4,
            "eps_latest_yearly": 2.76,
            "eps_growth_yearly": 2380
        },
        "20152": {
            "year_quarter": 20152,
            "year": 2015,
            "quarter": 2,
            "eps": -0.2,
            "eps_growth_year": null,
            "eps_4q": -1.02,
            "eps_4q_growth_year": -350.27,
            "roe": -3.22,
            "roe_4q": -15.61,
            "gross_profit": -849,
            "gross_margin": -16.51,
            "gross_margin_4q_avg": -88.17,
            "net_income": -27242,
            "revenue": 5142,
            "common_shares": 1375685,
            "book_valuer_per_share": 6.04,
            "book_valuer_per_share_4q_avg": 6.38,
            "equity": 831142,
            "current_ratio": 386.3,
            "debt_ratio": 68.42,
            "inventory_turnover_ratio": 0,
            "account_receivable_turnover_ratio": 0.28,
            "reinvestment_rate": null,
            "research_to_sale_ratio": 26.14,
            "price_fair": 96.6,
            "eps_avg_yearly": 2.76,
            "eps_latest_yearly": 2.76,
            "eps_growth_yearly": 5120
        },
        "20153": {
            "year_quarter": 20153,
            "year": 2015,
            "quarter": 3,
            "eps": -0.23,
            "eps_growth_year": null,
            "eps_4q": -0.96,
            "eps_4q_growth_year": -1521.54,
            "roe": -3.94,
            "roe_4q": -15.34,
            "gross_profit": -1216,
            "gross_margin": -15.99,
            "gross_margin_4q_avg": -90.45,
            "net_income": -32136,
            "revenue": 7606,
            "common_shares": 1375685,
            "book_valuer_per_share": 5.81,
            "book_valuer_per_share_4q_avg": 6.14,
            "equity": 799006,
            "current_ratio": 334.56,
            "debt_ratio": 70.55,
            "inventory_turnover_ratio": 0.01,
            "account_receivable_turnover_ratio": 0.39,
            "reinvestment_rate": null,
            "research_to_sale_ratio": 17.49,
            "price_fair": 96.6,
            "eps_avg_yearly": 2.76,
            "eps_latest_yearly": 2.76,
            "eps_growth_yearly": 5120
        },
        "20154": {
            "year_quarter": 20154,
            "year": 2015,
            "quarter": 4,
            "eps": -0.25,
            "eps_growth_year": null,
            "eps_4q": -1.27,
            "eps_4q_growth_year": null,
            "roe": -2.78,
            "roe_4q": -13.219999999999999,
            "gross_profit": 10405,
            "gross_margin": 4.84,
            "gross_margin_4q_avg": -4.54,
            "net_income": -21941,
            "revenue": 214983,
            "common_shares": 863553,
            "book_valuer_per_share": 9,
            "book_valuer_per_share_4q_avg": 6.77,
            "equity": 777092,
            "current_ratio": 185.6,
            "debt_ratio": 71.91,
            "inventory_turnover_ratio": 0.13,
            "account_receivable_turnover_ratio": 13.51,
            "reinvestment_rate": null,
            "research_to_sale_ratio": 0.21,
            "price_fair": 96.6,
            "eps_avg_yearly": 2.76,
            "eps_latest_yearly": 2.76,
            "eps_growth_yearly": 5120
        },
        "20161": {
            "year_quarter": 20161,
            "year": 2016,
            "quarter": 1,
            "eps": -0.43,
            "eps_growth_year": null,
            "eps_4q": -1.37,
            "eps_4q_growth_year": null,
            "roe": -4.87,
            "roe_4q": -14.81,
            "gross_profit": -1760,
            "gross_margin": -51.42,
            "gross_margin_4q_avg": -19.77,
            "net_income": -36969,
            "revenue": 3423,
            "common_shares": 863553,
            "book_valuer_per_share": 8.57,
            "book_valuer_per_share_4q_avg": 7.36,
            "equity": 740123,
            "current_ratio": 195.51,
            "debt_ratio": 70.87,
            "inventory_turnover_ratio": 0,
            "account_receivable_turnover_ratio": 0.41,
            "reinvestment_rate": null,
            "research_to_sale_ratio": 5.05,
            "price_fair": 96.6,
            "eps_avg_yearly": 2.76,
            "eps_latest_yearly": 2.76,
            "eps_growth_yearly": 5120
        },
        "20162": {
            "year_quarter": 20162,
            "year": 2016,
            "quarter": 2,
            "eps": -0.37,
            "eps_growth_year": null,
            "eps_4q": -1.42,
            "eps_4q_growth_year": null,
            "roe": -4.38,
            "roe_4q": -15.969999999999999,
            "gross_profit": -1562,
            "gross_margin": -40.43,
            "gross_margin_4q_avg": -25.75,
            "net_income": -31728,
            "revenue": 3863,
            "common_shares": 863553,
            "book_valuer_per_share": 8.2,
            "book_valuer_per_share_4q_avg": 7.9,
            "equity": 708395,
            "current_ratio": 186.3,
            "debt_ratio": 72.53,
            "inventory_turnover_ratio": 0,
            "account_receivable_turnover_ratio": 0.49,
            "reinvestment_rate": null,
            "research_to_sale_ratio": 33.99,
            "price_fair": 96.6,
            "eps_avg_yearly": 2.76,
            "eps_latest_yearly": 2.76,
            "eps_growth_yearly": 5120
        },
        "20163": {
            "year_quarter": 20163,
            "year": 2016,
            "quarter": 3,
            "eps": -0.07,
            "eps_growth_year": null,
            "eps_4q": -0.84,
            "eps_4q_growth_year": null,
            "roe": -0.76,
            "roe_4q": -12.79,
            "gross_profit": 21516,
            "gross_margin": 31.89,
            "gross_margin_4q_avg": -13.78,
            "net_income": -6542,
            "revenue": 67472,
            "common_shares": 1163553,
            "book_valuer_per_share": 8.61,
            "book_valuer_per_share_4q_avg": 8.6,
            "equity": 1001853,
            "current_ratio": 225.28,
            "debt_ratio": 63.34,
            "inventory_turnover_ratio": 0.03,
            "account_receivable_turnover_ratio": 2.96,
            "reinvestment_rate": null,
            "research_to_sale_ratio": 0.45,
            "price_fair": 96.6,
            "eps_avg_yearly": 2.76,
            "eps_latest_yearly": 2.76,
            "eps_growth_yearly": 5120
        },
        "20164": {
            "year_quarter": 20164,
            "year": 2016,
            "quarter": 4,
            "eps": 0.65,
            "eps_growth_year": null,
            "eps_4q": 0,
            "eps_4q_growth_year": null,
            "roe": 7.27,
            "roe_4q": -2.74,
            "gross_profit": 106220,
            "gross_margin": 40.81,
            "gross_margin_4q_avg": -4.79,
            "net_income": 75616,
            "revenue": 260296,
            "common_shares": 1163553,
            "book_valuer_per_share": 9.27,
            "book_valuer_per_share_4q_avg": 8.66,
            "equity": 1078542,
            "current_ratio": 329.44,
            "debt_ratio": 57.72,
            "inventory_turnover_ratio": 0.09,
            "account_receivable_turnover_ratio": 5.92,
            "reinvestment_rate": null,
            "research_to_sale_ratio": 0.09,
            "price_fair": 96.6,
            "eps_avg_yearly": 2.76,
            "eps_latest_yearly": 2.76,
            "eps_growth_yearly": 5120
        },
        "20171": {
            "year_quarter": 20171,
            "year": 2017,
            "quarter": 1,
            "eps": 0.27,
            "eps_growth_year": null,
            "eps_4q": 0.59,
            "eps_4q_growth_year": null,
            "roe": 2.85,
            "roe_4q": 4.9799999999999995,
            "gross_profit": 63451,
            "gross_margin": 42.73,
            "gross_margin_4q_avg": 18.75,
            "net_income": 31155,
            "revenue": 148494,
            "common_shares": 1163553,
            "book_valuer_per_share": 9.54,
            "book_valuer_per_share_4q_avg": 8.91,
            "equity": 1109697,
            "current_ratio": 331.38,
            "debt_ratio": 56.54,
            "inventory_turnover_ratio": 0.05,
            "account_receivable_turnover_ratio": 4.77,
            "reinvestment_rate": null,
            "research_to_sale_ratio": 0.32,
            "price_fair": 67.2,
            "eps_avg_yearly": 1.92,
            "eps_latest_yearly": 1.08,
            "eps_growth_yearly": 2443.08
        },
        "20172": {
            "year_quarter": 20172,
            "year": 2017,
            "quarter": 2,
            "eps": -0.31,
            "eps_growth_year": null,
            "eps_4q": 0.55,
            "eps_4q_growth_year": null,
            "roe": -3.32,
            "roe_4q": 6.04,
            "gross_profit": -1548,
            "gross_margin": -130.41,
            "gross_margin_4q_avg": -3.75,
            "net_income": -36232,
            "revenue": 1187,
            "common_shares": 1163553,
            "book_valuer_per_share": 9.23,
            "book_valuer_per_share_4q_avg": 9.16,
            "equity": 1073465,
            "current_ratio": 186.22,
            "debt_ratio": 58.09,
            "inventory_turnover_ratio": 0,
            "account_receivable_turnover_ratio": 0.12,
            "reinvestment_rate": null,
            "research_to_sale_ratio": 65.71,
            "price_fair": 67.2,
            "eps_avg_yearly": 1.92,
            "eps_latest_yearly": 1.08,
            "eps_growth_yearly": 2443.08
        },
        "20173": {
            "year_quarter": 20173,
            "year": 2017,
            "quarter": 3,
            "eps": 0.02,
            "eps_growth_year": null,
            "eps_4q": 0.63,
            "eps_4q_growth_year": null,
            "roe": 0.23,
            "roe_4q": 7.029999999999999,
            "gross_profit": 45328,
            "gross_margin": 40,
            "gross_margin_4q_avg": -1.72,
            "net_income": 2470,
            "revenue": 113325,
            "common_shares": 1163553,
            "book_valuer_per_share": 9.25,
            "book_valuer_per_share_4q_avg": 9.32,
            "equity": 1075935,
            "current_ratio": 356.12,
            "debt_ratio": 57.52,
            "inventory_turnover_ratio": 0.08,
            "account_receivable_turnover_ratio": 4.55,
            "reinvestment_rate": null,
            "research_to_sale_ratio": 0.43,
            "price_fair": 67.2,
            "eps_avg_yearly": 1.92,
            "eps_latest_yearly": 1.08,
            "eps_growth_yearly": 2443.08
        },
        "20174": {
            "year_quarter": 20174,
            "year": 2017,
            "quarter": 4,
            "eps": 0.07,
            "eps_growth_year": -89.67,
            "eps_4q": 0.04,
            "eps_4q_growth_year": 1280.93,
            "roe": 0.72,
            "roe_4q": 0.48,
            "gross_profit": 50851,
            "gross_margin": 30.89,
            "gross_margin_4q_avg": -4.2,
            "net_income": 7813,
            "revenue": 164600,
            "common_shares": 1163553,
            "book_valuer_per_share": 9.31,
            "book_valuer_per_share_4q_avg": 9.33,
            "equity": 1083724,
            "current_ratio": 355.44,
            "debt_ratio": 58.78,
            "inventory_turnover_ratio": 0.15,
            "account_receivable_turnover_ratio": 1.27,
            "reinvestment_rate": null,
            "research_to_sale_ratio": 0.19,
            "price_fair": 23.8,
            "eps_avg_yearly": 0.68,
            "eps_latest_yearly": 0.28,
            "eps_growth_yearly": 383.08
        },
        "20181": {
            "year_quarter": 20181,
            "year": 2018,
            "quarter": 1,
            "eps": -0.13,
            "eps_growth_year": -148.15,
            "eps_4q": -0.35,
            "eps_4q_growth_year": -159.24,
            "roe": -1.35,
            "roe_4q": -3.7199999999999998,
            "gross_profit": 16065,
            "gross_margin": 40.39,
            "gross_margin_4q_avg": -4.78,
            "net_income": -14628,
            "revenue": 39774,
            "common_shares": 1163553,
            "book_valuer_per_share": 9.29,
            "book_valuer_per_share_4q_avg": 9.27,
            "equity": 1080646,
            "current_ratio": 322.72,
            "debt_ratio": 56.76,
            "inventory_turnover_ratio": 0.03,
            "account_receivable_turnover_ratio": 0.32,
            "reinvestment_rate": null,
            "research_to_sale_ratio": 0.8,
            "price_fair": 23.8,
            "eps_avg_yearly": 0.68,
            "eps_latest_yearly": 0.28,
            "eps_growth_yearly": 383.08
        },
        "20182": {
            "year_quarter": 20182,
            "year": 2018,
            "quarter": 2,
            "eps": -0.26,
            "eps_growth_year": null,
            "eps_4q": -0.3,
            "eps_4q_growth_year": -154.73,
            "roe": -2.89,
            "roe_4q": -3.2900000000000005,
            "gross_profit": 3712,
            "gross_margin": 52.46,
            "gross_margin_4q_avg": 40.94,
            "net_income": -30682,
            "revenue": 7076,
            "common_shares": 1163553,
            "book_valuer_per_share": 8.98,
            "book_valuer_per_share_4q_avg": 9.21,
            "equity": 1045344,
            "current_ratio": 253.95,
            "debt_ratio": 59.06,
            "inventory_turnover_ratio": 0,
            "account_receivable_turnover_ratio": 0.32,
            "reinvestment_rate": null,
            "research_to_sale_ratio": 4.52,
            "price_fair": 23.8,
            "eps_avg_yearly": 0.68,
            "eps_latest_yearly": 0.28,
            "eps_growth_yearly": 383.08
        },
        "20183": {
            "year_quarter": 20183,
            "year": 2018,
            "quarter": 3,
            "eps": -0.09,
            "eps_growth_year": -550,
            "eps_4q": -0.42,
            "eps_4q_growth_year": -166.49,
            "roe": -1.07,
            "roe_4q": -4.590000000000001,
            "gross_profit": 19682,
            "gross_margin": 32.55,
            "gross_margin_4q_avg": 39.07,
            "net_income": -11049,
            "revenue": 60471,
            "common_shares": 1163553,
            "book_valuer_per_share": 8.76,
            "book_valuer_per_share_4q_avg": 9.09,
            "equity": 1019635,
            "current_ratio": 245.69,
            "debt_ratio": 59.56,
            "inventory_turnover_ratio": 0.06,
            "account_receivable_turnover_ratio": 2.43,
            "reinvestment_rate": null,
            "research_to_sale_ratio": 0.73,
            "price_fair": 23.8,
            "eps_avg_yearly": 0.68,
            "eps_latest_yearly": 0.28,
            "eps_growth_yearly": 383.08
        },
        "20184": {
            "year_quarter": 20184,
            "year": 2018,
            "quarter": 4,
            "eps": 0.52,
            "eps_growth_year": 669.52,
            "eps_4q": 0.03,
            "eps_4q_growth_year": -27.7,
            "roe": 5.69,
            "roe_4q": 0.3799999999999999,
            "gross_profit": 92358,
            "gross_margin": 39.58,
            "gross_margin_4q_avg": 41.25,
            "net_income": 60123,
            "revenue": 233325,
            "common_shares": 1163553,
            "book_valuer_per_share": 9.4,
            "book_valuer_per_share_4q_avg": 9.11,
            "equity": 1093619,
            "current_ratio": 273.37,
            "debt_ratio": 56.03,
            "inventory_turnover_ratio": 0.23,
            "account_receivable_turnover_ratio": 2.43,
            "reinvestment_rate": null,
            "research_to_sale_ratio": 0.12,
            "price_fair": 23.8,
            "eps_avg_yearly": 0.68,
            "eps_latest_yearly": 0.28,
            "eps_growth_yearly": 383.08
        },
        "20191": {
            "year_quarter": 20191,
            "year": 2019,
            "quarter": 1,
            "eps": -0.21,
            "eps_growth_year": null,
            "eps_4q": -0.05,
            "eps_4q_growth_year": null,
            "roe": -2.24,
            "roe_4q": -0.5100000000000002,
            "gross_profit": 3024,
            "gross_margin": 43.35,
            "gross_margin_4q_avg": 41.99,
            "net_income": -24163,
            "revenue": 6975,
            "common_shares": 1163553,
            "book_valuer_per_share": 9.11,
            "book_valuer_per_share_4q_avg": 9.06,
            "equity": 1059711,
            "current_ratio": 303.99,
            "debt_ratio": 55.22,
            "inventory_turnover_ratio": 0.01,
            "account_receivable_turnover_ratio": 0.08,
            "reinvestment_rate": null,
            "research_to_sale_ratio": 3.77,
            "price_fair": 23.8,
            "eps_avg_yearly": 0.68,
            "eps_latest_yearly": 0.28,
            "eps_growth_yearly": 383.08
        },
        "20192": {
            "year_quarter": 20192,
            "year": 2019,
            "quarter": 2,
            "eps": -0.32,
            "eps_growth_year": null,
            "eps_4q": -0.11,
            "eps_4q_growth_year": null,
            "roe": -3.72,
            "roe_4q": -1.3400000000000005,
            "gross_profit": -1636,
            "gross_margin": -37.36,
            "gross_margin_4q_avg": 19.53,
            "net_income": -37687,
            "revenue": 4379,
            "common_shares": 1163553,
            "book_valuer_per_share": 8.31,
            "book_valuer_per_share_4q_avg": 8.9,
            "equity": 966369,
            "current_ratio": 253.96,
            "debt_ratio": 58.17,
            "inventory_turnover_ratio": 0.01,
            "account_receivable_turnover_ratio": 0.21,
            "reinvestment_rate": null,
            "research_to_sale_ratio": 6.12,
            "price_fair": 23.8,
            "eps_avg_yearly": 0.68,
            "eps_latest_yearly": 0.28,
            "eps_growth_yearly": 383.08
        },
        "20193": {
            "year_quarter": 20193,
            "year": 2019,
            "quarter": 3,
            "eps": -0.22,
            "eps_growth_year": null,
            "eps_4q": -0.24,
            "eps_4q_growth_year": null,
            "roe": -2.74,
            "roe_4q": -3.0100000000000007,
            "gross_profit": 3786,
            "gross_margin": 54.14,
            "gross_margin_4q_avg": 24.93,
            "net_income": -26135,
            "revenue": 6993,
            "common_shares": 1163553,
            "book_valuer_per_share": 8.08,
            "book_valuer_per_share_4q_avg": 8.73,
            "equity": 940234,
            "current_ratio": 171.94,
            "debt_ratio": 61.43,
            "inventory_turnover_ratio": 0.01,
            "account_receivable_turnover_ratio": 0.38,
            "reinvestment_rate": null,
            "research_to_sale_ratio": 2.32,
            "price_fair": 23.8,
            "eps_avg_yearly": 0.68,
            "eps_latest_yearly": 0.28,
            "eps_growth_yearly": 383.08
        },
        "20194": {
            "year_quarter": 20194,
            "year": 2019,
            "quarter": 4,
            "eps": 0.18,
            "eps_growth_year": -64.35,
            "eps_4q": -0.57,
            "eps_4q_growth_year": -1868.18,
            "roe": 2.25,
            "roe_4q": -6.450000000000001,
            "gross_profit": 36416,
            "gross_margin": 21.54,
            "gross_margin_4q_avg": 20.42,
            "net_income": 21431,
            "revenue": 169052,
            "common_shares": 1163553,
            "book_valuer_per_share": 8.26,
            "book_valuer_per_share_4q_avg": 8.44,
            "equity": 961665,
            "current_ratio": 151.79,
            "debt_ratio": 59.29,
            "inventory_turnover_ratio": 0.26,
            "account_receivable_turnover_ratio": 8.88,
            "reinvestment_rate": null,
            "research_to_sale_ratio": 0.36,
            "price_fair": 23.8,
            "eps_avg_yearly": 0.68,
            "eps_latest_yearly": 0.28,
            "eps_growth_yearly": 383.08
        },
        "20201": {
            "year_quarter": 20201,
            "year": 2020,
            "quarter": 1,
            "eps": -0.2,
            "eps_growth_year": null,
            "eps_4q": -0.56,
            "eps_4q_growth_year": null,
            "roe": -2.37,
            "roe_4q": -6.58,
            "gross_profit": 2705,
            "gross_margin": 25.25,
            "gross_margin_4q_avg": 15.89,
            "net_income": -23283,
            "revenue": 10714,
            "common_shares": 1163553,
            "book_valuer_per_share": 8.06,
            "book_valuer_per_share_4q_avg": 8.18,
            "equity": 1000122,
            "current_ratio": 159.74,
            "debt_ratio": 59.54,
            "inventory_turnover_ratio": 0.02,
            "account_receivable_turnover_ratio": 0.58,
            "reinvestment_rate": null,
            "research_to_sale_ratio": 0,
            "price_fair": 23.8,
            "eps_avg_yearly": 0.68,
            "eps_latest_yearly": 0.28,
            "eps_growth_yearly": 383.08
        },
        "20202": {
            "year_quarter": 20202,
            "year": 2020,
            "quarter": 2,
            "eps": -0.04,
            "eps_growth_year": null,
            "eps_4q": -0.28,
            "eps_4q_growth_year": null,
            "roe": -0.15,
            "roe_4q": -3.0100000000000002,
            "gross_profit": 8008,
            "gross_margin": 10.55,
            "gross_margin_4q_avg": 27.87,
            "net_income": -1507,
            "revenue": 75923,
            "common_shares": 1163553,
            "book_valuer_per_share": 8.03,
            "book_valuer_per_share_4q_avg": 8.11,
            "equity": 998615,
            "current_ratio": 195.35,
            "debt_ratio": 60.2,
            "inventory_turnover_ratio": 0.14,
            "account_receivable_turnover_ratio": 5.35,
            "reinvestment_rate": null,
            "research_to_sale_ratio": 0,
            "price_fair": 23.8,
            "eps_avg_yearly": 0.68,
            "eps_latest_yearly": 0.28,
            "eps_growth_yearly": 383.08
        },
        "20203": {
            "year_quarter": 20203,
            "year": 2020,
            "quarter": 3,
            "eps": -0.15,
            "eps_growth_year": null,
            "eps_4q": -0.21,
            "eps_4q_growth_year": null,
            "roe": -1.8,
            "roe_4q": -2.0700000000000003,
            "gross_profit": 8879,
            "gross_margin": 12.11,
            "gross_margin_4q_avg": 17.36,
            "net_income": -17863,
            "revenue": 73298,
            "common_shares": 1163553,
            "book_valuer_per_share": 7.87,
            "book_valuer_per_share_4q_avg": 8.06,
            "equity": 980752,
            "current_ratio": 180.31,
            "debt_ratio": 61.62,
            "inventory_turnover_ratio": 0.13,
            "account_receivable_turnover_ratio": 6.17,
            "reinvestment_rate": null,
            "research_to_sale_ratio": 0,
            "price_fair": 23.8,
            "eps_avg_yearly": 0.68,
            "eps_latest_yearly": 0.28,
            "eps_growth_yearly": 383.08
        },
        "20204": {
            "year_quarter": 20204,
            "year": 2020,
            "quarter": 4,
            "eps": -0.2,
            "eps_growth_year": -206.36,
            "eps_4q": -0.59,
            "eps_4q_growth_year": null,
            "roe": -2.57,
            "roe_4q": -6.890000000000001,
            "gross_profit": 4790,
            "gross_margin": 5.11,
            "gross_margin_4q_avg": 13.26,
            "net_income": -24864,
            "revenue": 93769,
            "common_shares": 1163553,
            "book_valuer_per_share": 7.68,
            "book_valuer_per_share_4q_avg": 7.91,
            "equity": 955888,
            "current_ratio": 159.97,
            "debt_ratio": 64.77,
            "inventory_turnover_ratio": 0.18,
            "account_receivable_turnover_ratio": 3.08,
            "reinvestment_rate": null,
            "research_to_sale_ratio": 0,
            "price_fair": 23.8,
            "eps_avg_yearly": 0.68,
            "eps_latest_yearly": 0.28,
            "eps_growth_yearly": 383.08
        },
        "20211": {
            "year_quarter": 20211,
            "year": 2021,
            "quarter": 1,
            "eps": 0.13,
            "eps_growth_year": null,
            "eps_4q": -0.25,
            "eps_4q_growth_year": null,
            "roe": 1.85,
            "roe_4q": -2.6699999999999995,
            "gross_profit": 22513,
            "gross_margin": 8.94,
            "gross_margin_4q_avg": 9.18,
            "net_income": 17880,
            "revenue": 251910,
            "common_shares": 1163553,
            "book_valuer_per_share": 7.81,
            "book_valuer_per_share_4q_avg": 7.85,
            "equity": 973768,
            "current_ratio": 147.87,
            "debt_ratio": 65.02,
            "inventory_turnover_ratio": 0.49,
            "account_receivable_turnover_ratio": 6.82,
            "reinvestment_rate": null,
            "research_to_sale_ratio": null,
            "price_fair": 9.8,
            "eps_avg_yearly": 0.28,
            "eps_latest_yearly": 0.28,
            "eps_growth_yearly": 1000
        },
        "20212": {
            "year_quarter": 20212,
            "year": 2021,
            "quarter": 2,
            "eps": 0.03,
            "eps_growth_year": null,
            "eps_4q": -0.19,
            "eps_4q_growth_year": null,
            "roe": 0.5,
            "roe_4q": -2.0199999999999996,
            "gross_profit": 9515,
            "gross_margin": 6.66,
            "gross_margin_4q_avg": 8.21,
            "net_income": 4849,
            "revenue": 142923,
            "common_shares": 1163553,
            "book_valuer_per_share": 7.84,
            "book_valuer_per_share_4q_avg": 7.8,
            "equity": 978617,
            "current_ratio": 137.21,
            "debt_ratio": 64.89,
            "inventory_turnover_ratio": 0.29,
            "account_receivable_turnover_ratio": 9.39,
            "reinvestment_rate": null,
            "research_to_sale_ratio": 0,
            "price_fair": 7,
            "eps_avg_yearly": 0.2,
            "eps_latest_yearly": 0.12,
            "eps_growth_yearly": 346.15
        },
        "20213": {
            "year_quarter": 20213,
            "year": 2021,
            "quarter": 3,
            "eps": 0.13,
            "eps_growth_year": null,
            "eps_4q": 0.09,
            "eps_4q_growth_year": null,
            "roe": 1.73,
            "roe_4q": 1.5100000000000002,
            "gross_profit": 10835,
            "gross_margin": 7.78,
            "gross_margin_4q_avg": 7.12,
            "net_income": 17039,
            "revenue": 139309,
            "common_shares": 1163553,
            "book_valuer_per_share": 7.97,
            "book_valuer_per_share_4q_avg": 7.83,
            "equity": 995656,
            "current_ratio": 141.14,
            "debt_ratio": 67.69,
            "inventory_turnover_ratio": 0.21,
            "account_receivable_turnover_ratio": 27.07,
            "reinvestment_rate": null,
            "research_to_sale_ratio": null,
            "price_fair": 10.73,
            "eps_avg_yearly": 0.31,
            "eps_latest_yearly": 0.52,
            "eps_growth_yearly": 675.21
        },
        "20214": {
            "year_quarter": 20214,
            "year": 2021,
            "quarter": 4,
            "eps": -0.48,
            "eps_growth_year": null,
            "eps_4q": -0.19,
            "eps_4q_growth_year": null,
            "roe": -9.22,
            "roe_4q": -5.140000000000001,
            "gross_profit": -74964,
            "gross_margin": -125.26,
            "gross_margin_4q_avg": -25.47,
            "net_income": -87784,
            "revenue": 59845,
            "common_shares": 1163553,
            "book_valuer_per_share": 7.49,
            "book_valuer_per_share_4q_avg": 7.78,
            "equity": 907872,
            "current_ratio": 133.8,
            "debt_ratio": 72.18,
            "inventory_turnover_ratio": 0.17,
            "account_receivable_turnover_ratio": 6.89,
            "reinvestment_rate": null,
            "research_to_sale_ratio": null,
            "price_fair": 11.2,
            "eps_avg_yearly": 0.32,
            "eps_latest_yearly": 0.52,
            "eps_growth_yearly": 512.82
        },
        "20221": {
            "year_quarter": 20221,
            "year": 2022,
            "quarter": 1,
            "eps": -0.28,
            "eps_growth_year": -315.38,
            "eps_4q": -0.6,
            "eps_4q_growth_year": null,
            "roe": -4.05,
            "roe_4q": -11.04,
            "gross_profit": -3712,
            "gross_margin": -4.32,
            "gross_margin_4q_avg": -28.79,
            "net_income": -37268,
            "revenue": 85890,
            "common_shares": 1163553,
            "book_valuer_per_share": 7.39,
            "book_valuer_per_share_4q_avg": 7.67,
            "equity": 933004,
            "current_ratio": 133.56,
            "debt_ratio": 72.23,
            "inventory_turnover_ratio": 0.11,
            "account_receivable_turnover_ratio": 7.64,
            "reinvestment_rate": null,
            "research_to_sale_ratio": null,
            "price_fair": 11.2,
            "eps_avg_yearly": 0.32,
            "eps_latest_yearly": 0.52,
            "eps_growth_yearly": 512.82
        },
        "20222": {
            "year_quarter": 20222,
            "year": 2022,
            "quarter": 2,
            "eps": -0.17,
            "eps_growth_year": -666.67,
            "eps_4q": -0.79,
            "eps_4q_growth_year": null,
            "roe": -1.32,
            "roe_4q": -12.86,
            "gross_profit": 23504,
            "gross_margin": 22.02,
            "gross_margin_4q_avg": -24.95,
            "net_income": -12254,
            "revenue": 106744,
            "common_shares": 1163553,
            "book_valuer_per_share": 7.17,
            "book_valuer_per_share_4q_avg": 7.51,
            "equity": 920750,
            "current_ratio": 145.34,
            "debt_ratio": 72.75,
            "inventory_turnover_ratio": 0.1,
            "account_receivable_turnover_ratio": 7.34,
            "reinvestment_rate": null,
            "research_to_sale_ratio": null,
            "price_fair": 11.2,
            "eps_avg_yearly": 0.32,
            "eps_latest_yearly": 0.52,
            "eps_growth_yearly": 512.82
        },
        "20223": {
            "year_quarter": 20223,
            "year": 2022,
            "quarter": 3,
            "eps": -0.19,
            "eps_growth_year": -246.15,
            "eps_4q": -1.11,
            "eps_4q_growth_year": -1270.83,
            "roe": -2.26,
            "roe_4q": -16.85,
            "gross_profit": 12069,
            "gross_margin": 6.6,
            "gross_margin_4q_avg": -25.24,
            "net_income": -20595,
            "revenue": 182945,
            "common_shares": 1163553,
            "book_valuer_per_share": 6.98,
            "book_valuer_per_share_4q_avg": 7.26,
            "equity": 900155,
            "current_ratio": 171.83,
            "debt_ratio": 73.82,
            "inventory_turnover_ratio": 0.2,
            "account_receivable_turnover_ratio": 11.22,
            "reinvestment_rate": null,
            "research_to_sale_ratio": null,
            "price_fair": 11.2,
            "eps_avg_yearly": 0.32,
            "eps_latest_yearly": 0.52,
            "eps_growth_yearly": 512.82
        },
        "20224": {
            "year_quarter": 20224,
            "year": 2022,
            "quarter": 4,
            "eps": -1.23,
            "eps_growth_year": null,
            "eps_4q": -1.86,
            "eps_4q_growth_year": null,
            "roe": -23.06,
            "roe_4q": -30.69,
            "gross_profit": -138615,
            "gross_margin": -35.4,
            "gross_margin_4q_avg": -2.78,
            "net_income": -186128,
            "revenue": 391519,
            "common_shares": 1163553,
            "book_valuer_per_share": 5.76,
            "book_valuer_per_share_4q_avg": 6.83,
            "equity": 714027,
            "current_ratio": 140.4,
            "debt_ratio": 78.07,
            "inventory_turnover_ratio": 0.61,
            "account_receivable_turnover_ratio": 29.4,
            "reinvestment_rate": null,
            "research_to_sale_ratio": null,
            "price_fair": 11.2,
            "eps_avg_yearly": 0.32,
            "eps_latest_yearly": 0.52,
            "eps_growth_yearly": 512.82
        },
        "20231": {
            "year_quarter": 20231,
            "year": 2023,
            "quarter": 1,
            "eps": -0.17,
            "eps_growth_year": null,
            "eps_4q": -1.75,
            "eps_4q_growth_year": null,
            "roe": -2.66,
            "roe_4q": -29.299999999999997,
            "gross_profit": 14258,
            "gross_margin": 11.22,
            "gross_margin_4q_avg": 1.11,
            "net_income": -18712,
            "revenue": 127103,
            "common_shares": 1163553,
            "book_valuer_per_share": 5.59,
            "book_valuer_per_share_4q_avg": 6.38,
            "equity": 695315,
            "current_ratio": 136.33,
            "debt_ratio": 78.83,
            "inventory_turnover_ratio": 0.13,
            "account_receivable_turnover_ratio": 10.05,
            "reinvestment_rate": null,
            "research_to_sale_ratio": null,
            "price_fair": 11.2,
            "eps_avg_yearly": 0.32,
            "eps_latest_yearly": 0.52,
            "eps_growth_yearly": 512.82
        }
    },
    "months": {
        "2003-09": {
            "month": "2003-09",
            "price": "145.33",
            "revenue": 93606
        },
        "2003-10": {
            "month": "2003-10",
            "price": "136.13",
            "revenue": 93993
        },
        "2003-11": {
            "month": "2003-11",
            "price": "133.43",
            "revenue": 96775
        },
        "2003-12": {
            "month": "2003-12",
            "price": "128.20",
            "revenue": 95782
        },
        "2004-01": {
            "month": "2004-01",
            "price": "130.71",
            "revenue": 107687
        },
        "2004-02": {
            "month": "2004-02",
            "price": "121.75",
            "revenue": 92839
        },
        "2004-03": {
            "month": "2004-03",
            "price": "156.35",
            "revenue": 95905
        },
        "2004-04": {
            "month": "2004-04",
            "price": "174.64",
            "revenue": 102218
        },
        "2004-05": {
            "month": "2004-05",
            "price": "166.43",
            "revenue": 106563
        },
        "2004-06": {
            "month": "2004-06",
            "price": "111.76",
            "revenue": 104186
        },
        "2004-07": {
            "month": "2004-07",
            "price": "80.66",
            "revenue": 119606
        },
        "2004-08": {
            "month": "2004-08",
            "price": "77.58",
            "revenue": 120464
        },
        "2004-09": {
            "month": "2004-09",
            "price": "82.00",
            "revenue": 116694
        },
        "2004-10": {
            "month": "2004-10",
            "price": "73.70",
            "revenue": 120677
        },
        "2004-11": {
            "month": "2004-11",
            "price": "69.39",
            "revenue": 122125
        },
        "2004-12": {
            "month": "2004-12",
            "price": "71.72",
            "revenue": 95927
        },
        "2005-01": {
            "month": "2005-01",
            "price": "61.81",
            "revenue": 71916
        },
        "2005-02": {
            "month": "2005-02",
            "price": "58.69",
            "revenue": 58994
        },
        "2005-03": {
            "month": "2005-03",
            "price": "60.32",
            "revenue": 48198
        },
        "2005-04": {
            "month": "2005-04",
            "price": "54.59",
            "revenue": 51748
        },
        "2005-05": {
            "month": "2005-05",
            "price": "53.96",
            "revenue": 67184
        },
        "2005-06": {
            "month": "2005-06",
            "price": "55.00",
            "revenue": 66668
        },
        "2005-07": {
            "month": "2005-07",
            "price": "45.13",
            "revenue": 54024
        },
        "2005-08": {
            "month": "2005-08",
            "price": "37.05",
            "revenue": 45657
        },
        "2005-09": {
            "month": "2005-09",
            "price": "35.91",
            "revenue": 37152
        },
        "2005-10": {
            "month": "2005-10",
            "price": "35.00",
            "revenue": 35420
        },
        "2005-11": {
            "month": "2005-11",
            "price": "31.25",
            "revenue": 37080
        },
        "2005-12": {
            "month": "2005-12",
            "price": "32.89",
            "revenue": 35521
        },
        "2006-01": {
            "month": "2006-01",
            "price": "31.46",
            "revenue": 32794
        },
        "2006-02": {
            "month": "2006-02",
            "price": "28.22",
            "revenue": 26004
        },
        "2006-03": {
            "month": "2006-03",
            "price": "24.24",
            "revenue": 33436
        },
        "2006-04": {
            "month": "2006-04",
            "price": "25.76",
            "revenue": 33171
        },
        "2006-05": {
            "month": "2006-05",
            "price": "24.44",
            "revenue": 29548
        },
        "2006-06": {
            "month": "2006-06",
            "price": "19.52",
            "revenue": 30092
        },
        "2006-07": {
            "month": "2006-07",
            "price": "19.41",
            "revenue": 28643
        },
        "2006-08": {
            "month": "2006-08",
            "price": "14.85",
            "revenue": 26000
        },
        "2006-09": {
            "month": "2006-09",
            "price": "12.42",
            "revenue": 29090
        },
        "2006-10": {
            "month": "2006-10",
            "price": "13.01",
            "revenue": 31557
        },
        "2006-11": {
            "month": "2006-11",
            "price": "16.52",
            "revenue": 24917
        },
        "2006-12": {
            "month": "2006-12",
            "price": "16.58",
            "revenue": 28340
        },
        "2007-01": {
            "month": "2007-01",
            "price": "17.70",
            "revenue": 22937
        },
        "2007-02": {
            "month": "2007-02",
            "price": "15.60",
            "revenue": 18890
        },
        "2007-03": {
            "month": "2007-03",
            "price": "17.43",
            "revenue": 23360
        },
        "2007-04": {
            "month": "2007-04",
            "price": "17.45",
            "revenue": 20894
        },
        "2007-05": {
            "month": "2007-05",
            "price": "15.20",
            "revenue": 22862
        },
        "2007-06": {
            "month": "2007-06",
            "price": "17.00",
            "revenue": 19746
        },
        "2007-07": {
            "month": "2007-07",
            "price": "18.61",
            "revenue": 19784
        },
        "2007-08": {
            "month": "2007-08",
            "price": "14.89",
            "revenue": 17360
        },
        "2007-09": {
            "month": "2007-09",
            "price": "13.44",
            "revenue": 19237
        },
        "2007-10": {
            "month": "2007-10",
            "price": "13.99",
            "revenue": 16969
        },
        "2007-11": {
            "month": "2007-11",
            "price": "11.61",
            "revenue": 18000
        },
        "2007-12": {
            "month": "2007-12",
            "price": "10.21",
            "revenue": 16200
        },
        "2008-01": {
            "month": "2008-01",
            "price": "8.71",
            "revenue": 20142
        },
        "2008-02": {
            "month": "2008-02",
            "price": "8.22",
            "revenue": 11550
        },
        "2008-03": {
            "month": "2008-03",
            "price": "8.46",
            "revenue": 17627
        },
        "2008-04": {
            "month": "2008-04",
            "price": "9.69",
            "revenue": 11468
        },
        "2008-05": {
            "month": "2008-05",
            "price": "8.77",
            "revenue": 15896
        },
        "2008-06": {
            "month": "2008-06",
            "price": "7.49",
            "revenue": 12803
        },
        "2008-07": {
            "month": "2008-07",
            "price": "5.65",
            "revenue": 11312
        },
        "2008-08": {
            "month": "2008-08",
            "price": "5.35",
            "revenue": 9410
        },
        "2008-09": {
            "month": "2008-09",
            "price": "4.52",
            "revenue": 12834
        },
        "2008-10": {
            "month": "2008-10",
            "price": "3.83",
            "revenue": 10458
        },
        "2008-11": {
            "month": "2008-11",
            "price": "3.10",
            "revenue": 9329
        },
        "2008-12": {
            "month": "2008-12",
            "price": "3.36",
            "revenue": 14182
        },
        "2009-01": {
            "month": "2009-01",
            "price": "3.47",
            "revenue": 10585
        },
        "2009-02": {
            "month": "2009-02",
            "price": "3.14",
            "revenue": 7283
        },
        "2009-03": {
            "month": "2009-03",
            "price": "4.09",
            "revenue": 8820
        },
        "2009-04": {
            "month": "2009-04",
            "price": "4.42",
            "revenue": 8953
        },
        "2009-05": {
            "month": "2009-05",
            "price": "4.54",
            "revenue": 7090
        },
        "2009-06": {
            "month": "2009-06",
            "price": "6.78",
            "revenue": 6433
        },
        "2009-07": {
            "month": "2009-07",
            "price": "6.79",
            "revenue": 8409
        },
        "2009-08": {
            "month": "2009-08",
            "price": "7.43",
            "revenue": 9323
        },
        "2009-09": {
            "month": "2009-09",
            "price": "7.52",
            "revenue": 6684
        },
        "2009-10": {
            "month": "2009-10",
            "price": "8.21",
            "revenue": 7123
        },
        "2009-11": {
            "month": "2009-11",
            "price": "9.50",
            "revenue": 7436
        },
        "2009-12": {
            "month": "2009-12",
            "price": "12.73",
            "revenue": 6624
        },
        "2010-01": {
            "month": "2010-01",
            "price": "16.63",
            "revenue": 5511
        },
        "2010-02": {
            "month": "2010-02",
            "price": "16.61",
            "revenue": 4172
        },
        "2010-03": {
            "month": "2010-03",
            "price": "17.13",
            "revenue": 3806
        },
        "2010-04": {
            "month": "2010-04",
            "price": "14.66",
            "revenue": 5779
        },
        "2010-05": {
            "month": "2010-05",
            "price": "12.74",
            "revenue": 4174
        },
        "2010-06": {
            "month": "2010-06",
            "price": "13.24",
            "revenue": 5372
        },
        "2010-07": {
            "month": "2010-07",
            "price": "14.19",
            "revenue": 5975
        },
        "2010-08": {
            "month": "2010-08",
            "price": "16.38",
            "revenue": 4314
        },
        "2010-09": {
            "month": "2010-09",
            "price": "15.97",
            "revenue": 5688
        },
        "2010-10": {
            "month": "2010-10",
            "price": "15.04",
            "revenue": 3135
        },
        "2010-11": {
            "month": "2010-11",
            "price": "14.88",
            "revenue": 3023
        },
        "2010-12": {
            "month": "2010-12",
            "price": "15.23",
            "revenue": 39550
        },
        "2011-01": {
            "month": "2011-01",
            "price": "14.96",
            "revenue": 172097
        },
        "2011-02": {
            "month": "2011-02",
            "price": "19.91",
            "revenue": 82830
        },
        "2011-03": {
            "month": "2011-03",
            "price": "24.30",
            "revenue": 58114
        },
        "2011-04": {
            "month": "2011-04",
            "price": "22.98",
            "revenue": 28217
        },
        "2011-05": {
            "month": "2011-05",
            "price": "18.12",
            "revenue": 54484
        },
        "2011-06": {
            "month": "2011-06",
            "price": "18.87",
            "revenue": 56245
        },
        "2011-07": {
            "month": "2011-07",
            "price": "20.74",
            "revenue": 4516
        },
        "2011-08": {
            "month": "2011-08",
            "price": "17.75",
            "revenue": 4017
        },
        "2011-09": {
            "month": "2011-09",
            "price": "15.08",
            "revenue": 6265
        },
        "2011-10": {
            "month": "2011-10",
            "price": "13.42",
            "revenue": 8145
        },
        "2011-11": {
            "month": "2011-11",
            "price": "12.55",
            "revenue": 13801
        },
        "2011-12": {
            "month": "2011-12",
            "price": "11.10",
            "revenue": 15740
        },
        "2012-01": {
            "month": "2012-01",
            "price": "9.69",
            "revenue": 20572
        },
        "2012-02": {
            "month": "2012-02",
            "price": "12.34",
            "revenue": 5813
        },
        "2012-03": {
            "month": "2012-03",
            "price": "11.15",
            "revenue": 8181
        },
        "2012-04": {
            "month": "2012-04",
            "price": "9.85",
            "revenue": 8952
        },
        "2012-05": {
            "month": "2012-05",
            "price": "9.68",
            "revenue": 55197
        },
        "2012-06": {
            "month": "2012-06",
            "price": "9.75",
            "revenue": 28008
        },
        "2012-07": {
            "month": "2012-07",
            "price": "9.40",
            "revenue": 15418
        },
        "2012-08": {
            "month": "2012-08",
            "price": "9.07",
            "revenue": 17279
        },
        "2012-09": {
            "month": "2012-09",
            "price": "11.34",
            "revenue": 13393
        },
        "2012-10": {
            "month": "2012-10",
            "price": "11.54",
            "revenue": 31396
        },
        "2012-11": {
            "month": "2012-11",
            "price": "10.95",
            "revenue": 153786
        },
        "2012-12": {
            "month": "2012-12",
            "price": "11.77",
            "revenue": 52984
        },
        "2013-01": {
            "month": "2013-01",
            "price": "12.19",
            "revenue": 8799
        },
        "2013-02": {
            "month": "2013-02",
            "price": "12.07",
            "revenue": 2828
        },
        "2013-03": {
            "month": "2013-03",
            "price": "11.86",
            "revenue": 9129
        },
        "2013-04": {
            "month": "2013-04",
            "price": "12.00",
            "revenue": 9652
        },
        "2013-05": {
            "month": "2013-05",
            "price": "16.08",
            "revenue": 4625
        },
        "2013-06": {
            "month": "2013-06",
            "price": "14.74",
            "revenue": 4986
        },
        "2013-07": {
            "month": "2013-07",
            "price": "13.56",
            "revenue": 779
        },
        "2013-08": {
            "month": "2013-08",
            "price": "13.20",
            "revenue": 75524
        },
        "2013-09": {
            "month": "2013-09",
            "price": "12.69",
            "revenue": 84101
        },
        "2013-10": {
            "month": "2013-10",
            "price": "12.76",
            "revenue": 184981
        },
        "2013-11": {
            "month": "2013-11",
            "price": "11.90",
            "revenue": 2170
        },
        "2014-01": {
            "month": "2014-01",
            "price": "12.58",
            "revenue": 14297
        },
        "2014-02": {
            "month": "2014-02",
            "price": "12.90",
            "revenue": 2112
        },
        "2014-03": {
            "month": "2014-03",
            "price": "14.95",
            "revenue": 22141
        },
        "2014-04": {
            "month": "2014-04",
            "price": "13.82",
            "revenue": 14470
        },
        "2014-05": {
            "month": "2014-05",
            "price": "12.78",
            "revenue": 12035
        },
        "2014-06": {
            "month": "2014-06",
            "price": "12.12",
            "revenue": 13447
        },
        "2014-07": {
            "month": "2014-07",
            "price": "11.70",
            "revenue": 13735
        },
        "2014-08": {
            "month": "2014-08",
            "price": "11.23",
            "revenue": 1695
        },
        "2014-09": {
            "month": "2014-09",
            "price": "11.21",
            "revenue": 1432
        },
        "2014-10": {
            "month": "2014-10",
            "price": "10.64",
            "revenue": 1017
        },
        "2014-11": {
            "month": "2014-11",
            "price": "9.83",
            "revenue": 1120
        },
        "2014-12": {
            "month": "2014-12",
            "price": "9.54",
            "revenue": 1897
        },
        "2015-01": {
            "month": "2015-01",
            "price": "9.28",
            "revenue": 1921
        },
        "2015-02": {
            "month": "2015-02",
            "price": "9.73",
            "revenue": 3200
        },
        "2015-03": {
            "month": "2015-03",
            "price": "9.58",
            "revenue": 2635
        },
        "2015-04": {
            "month": "2015-04",
            "price": "9.05",
            "revenue": 1707
        },
        "2015-05": {
            "month": "2015-05",
            "price": "8.42",
            "revenue": 1959
        },
        "2015-06": {
            "month": "2015-06",
            "price": "7.61",
            "revenue": 1476
        },
        "2015-07": {
            "month": "2015-07",
            "price": "6.87",
            "revenue": 1431
        },
        "2015-08": {
            "month": "2015-08",
            "price": "5.73",
            "revenue": 2790
        },
        "2015-09": {
            "month": "2015-09",
            "price": "5.53",
            "revenue": 3386
        },
        "2015-10": {
            "month": "2015-10",
            "price": "6.57",
            "revenue": 4256
        },
        "2015-11": {
            "month": "2015-11",
            "price": "6.15",
            "revenue": 204146
        },
        "2015-12": {
            "month": "2015-12",
            "price": "5.95",
            "revenue": 6584
        },
        "2016-01": {
            "month": "2016-01",
            "price": "6.14",
            "revenue": 3580
        },
        "2016-02": {
            "month": "2016-02",
            "price": "7.73",
            "revenue": -579
        },
        "2016-03": {
            "month": "2016-03",
            "price": "7.75",
            "revenue": 367
        },
        "2016-04": {
            "month": "2016-04",
            "price": "8.07",
            "revenue": 1553
        },
        "2016-05": {
            "month": "2016-05",
            "price": "8.50",
            "revenue": 1209
        },
        "2016-06": {
            "month": "2016-06",
            "price": "9.70",
            "revenue": 1385
        },
        "2016-07": {
            "month": "2016-07",
            "price": "11.11",
            "revenue": 615
        },
        "2016-08": {
            "month": "2016-08",
            "price": "10.76",
            "revenue": 1084
        },
        "2016-09": {
            "month": "2016-09",
            "price": "9.16",
            "revenue": 65464
        },
        "2016-10": {
            "month": "2016-10",
            "price": "9.07",
            "revenue": 60553
        },
        "2016-11": {
            "month": "2016-11",
            "price": "8.89",
            "revenue": 28943
        },
        "2016-12": {
            "month": "2016-12",
            "price": "7.90",
            "revenue": 170791
        },
        "2017-01": {
            "month": "2017-01",
            "price": "7.81",
            "revenue": 269
        },
        "2017-02": {
            "month": "2017-02",
            "price": "7.83",
            "revenue": 71431
        },
        "2017-03": {
            "month": "2017-03",
            "price": "7.84",
            "revenue": 76785
        },
        "2017-04": {
            "month": "2017-04",
            "price": "7.82",
            "revenue": 306
        },
        "2017-05": {
            "month": "2017-05",
            "price": "7.71",
            "revenue": 344
        },
        "2017-06": {
            "month": "2017-06",
            "price": "7.49",
            "revenue": 469
        },
        "2017-07": {
            "month": "2017-07",
            "price": "6.97",
            "revenue": 65981
        },
        "2017-08": {
            "month": "2017-08",
            "price": "6.67",
            "revenue": 2992
        },
        "2017-09": {
            "month": "2017-09",
            "price": "6.54",
            "revenue": 43570
        },
        "2017-10": {
            "month": "2017-10",
            "price": "6.34",
            "revenue": 2054
        },
        "2017-11": {
            "month": "2017-11",
            "price": "6.09",
            "revenue": 2545
        },
        "2017-12": {
            "month": "2017-12",
            "price": "6.07",
            "revenue": 161593
        },
        "2018-01": {
            "month": "2018-01",
            "price": "6.38",
            "revenue": 40861
        },
        "2018-02": {
            "month": "2018-02",
            "price": "7.61",
            "revenue": 2364
        },
        "2018-03": {
            "month": "2018-03",
            "price": "7.35",
            "revenue": 372
        },
        "2018-04": {
            "month": "2018-04",
            "price": "6.97",
            "revenue": 2464
        },
        "2018-05": {
            "month": "2018-05",
            "price": "6.79",
            "revenue": 2022
        },
        "2018-06": {
            "month": "2018-06",
            "price": "6.61",
            "revenue": 2353
        },
        "2018-07": {
            "month": "2018-07",
            "price": "6.86",
            "revenue": 58986
        },
        "2018-08": {
            "month": "2018-08",
            "price": "7.13",
            "revenue": 2816
        },
        "2018-09": {
            "month": "2018-09",
            "price": "7.22",
            "revenue": 2667
        },
        "2018-10": {
            "month": "2018-10",
            "price": "6.64",
            "revenue": 4808
        },
        "2018-11": {
            "month": "2018-11",
            "price": "6.45",
            "revenue": 2367
        },
        "2018-12": {
            "month": "2018-12",
            "price": "6.20",
            "revenue": 212255
        },
        "2019-01": {
            "month": "2019-01",
            "price": "6.17",
            "revenue": 2601
        },
        "2019-02": {
            "month": "2019-02",
            "price": "6.11",
            "revenue": 1930
        },
        "2019-03": {
            "month": "2019-03",
            "price": "6.12",
            "revenue": 1849
        },
        "2019-04": {
            "month": "2019-04",
            "price": "6.17",
            "revenue": 1422
        },
        "2019-05": {
            "month": "2019-05",
            "price": "6.12",
            "revenue": 1566
        },
        "2019-06": {
            "month": "2019-06",
            "price": "6.09",
            "revenue": 1306
        },
        "2019-07": {
            "month": "2019-07",
            "price": "6.11",
            "revenue": 2420
        },
        "2019-08": {
            "month": "2019-08",
            "price": "6.06",
            "revenue": 2257
        },
        "2019-09": {
            "month": "2019-09",
            "price": "6.07",
            "revenue": 2084
        },
        "2019-10": {
            "month": "2019-10",
            "price": "6.04",
            "revenue": 160720
        },
        "2019-11": {
            "month": "2019-11",
            "price": "6.02",
            "revenue": 5095
        },
        "2019-12": {
            "month": "2019-12",
            "price": "6.03",
            "revenue": 5494
        },
        "2020-01": {
            "month": "2020-01",
            "price": "6.09",
            "revenue": 4439
        },
        "2020-02": {
            "month": "2020-02",
            "price": "5.99",
            "revenue": 2559
        },
        "2020-03": {
            "month": "2020-03",
            "price": "5.58",
            "revenue": 3502
        },
        "2020-04": {
            "month": "2020-04",
            "price": "5.20",
            "revenue": 12013
        },
        "2020-05": {
            "month": "2020-05",
            "price": "5.57",
            "revenue": 9825
        },
        "2020-06": {
            "month": "2020-06",
            "price": "5.77",
            "revenue": 14812
        },
        "2020-07": {
            "month": "2020-07",
            "price": "6.31",
            "revenue": 17592
        },
        "2020-08": {
            "month": "2020-08",
            "price": "6.81",
            "revenue": 34321
        },
        "2020-09": {
            "month": "2020-09",
            "price": "7.07",
            "revenue": 21406
        },
        "2020-10": {
            "month": "2020-10",
            "price": "7.33",
            "revenue": 55950
        },
        "2020-11": {
            "month": "2020-11",
            "price": "6.76",
            "revenue": 7725
        },
        "2020-12": {
            "month": "2020-12",
            "price": "6.81",
            "revenue": 31868
        },
        "2021-01": {
            "month": "2021-01",
            "price": "7.11",
            "revenue": 49511
        },
        "2021-02": {
            "month": "2021-02",
            "price": "7.06",
            "revenue": 28503
        },
        "2021-03": {
            "month": "2021-03",
            "price": "7.39",
            "revenue": 175323
        },
        "2021-04": {
            "month": "2021-04",
            "price": "9.02",
            "revenue": 42683
        },
        "2021-05": {
            "month": "2021-05",
            "price": "9.74",
            "revenue": 23360
        },
        "2021-06": {
            "month": "2021-06",
            "price": "9.54",
            "revenue": 83130
        },
        "2021-07": {
            "month": "2021-07",
            "price": "10.38",
            "revenue": 21074
        },
        "2021-08": {
            "month": "2021-08",
            "price": "9.30",
            "revenue": 62918
        },
        "2021-09": {
            "month": "2021-09",
            "price": "9.48",
            "revenue": 52752
        },
        "2021-10": {
            "month": "2021-10",
            "price": "9.07",
            "revenue": 31919
        },
        "2021-11": {
            "month": "2021-11",
            "price": "9.02",
            "revenue": 50921
        },
        "2021-12": {
            "month": "2021-12",
            "price": "8.85",
            "revenue": 38617
        },
        "2022-01": {
            "month": "2022-01",
            "price": "9.08",
            "revenue": 36518
        },
        "2022-02": {
            "month": "2022-02",
            "price": "9.08",
            "revenue": 30300
        },
        "2022-03": {
            "month": "2022-03",
            "price": "9.09",
            "revenue": 17625
        },
        "2022-04": {
            "month": "2022-04",
            "price": "8.67",
            "revenue": 21862
        },
        "2022-05": {
            "month": "2022-05",
            "price": "8.11",
            "revenue": 57975
        },
        "2022-06": {
            "month": "2022-06",
            "price": "8.72",
            "revenue": 19740
        },
        "2022-07": {
            "month": "2022-07",
            "price": "8.31",
            "revenue": 46971
        },
        "2022-08": {
            "month": "2022-08",
            "price": "8.47",
            "revenue": 51095
        },
        "2022-09": {
            "month": "2022-09",
            "price": "8.63",
            "revenue": 91645
        },
        "2022-10": {
            "month": "2022-10",
            "price": "8.15",
            "revenue": 224375
        },
        "2022-11": {
            "month": "2022-11",
            "price": "8.20",
            "revenue": 160935
        },
        "2022-12": {
            "month": "2022-12",
            "price": "8.23",
            "revenue": 136570
        },
        "2023-01": {
            "month": "2023-01",
            "price": "8.13",
            "revenue": 56585
        },
        "2023-02": {
            "month": "2023-02",
            "price": "8.18",
            "revenue": 22036
        },
        "2023-03": {
            "month": "2023-03",
            "price": "8.18",
            "revenue": 33350
        },
        "2023-04": {
            "month": "2023-04",
            "price": "7.83",
            "revenue": 28832
        },
        "2023-05": {
            "month": "2023-05",
            "price": "7.40",
            "revenue": 14685
        }
    }
}
