{
    "summary": {
        "stock_name": "方土昶",
        "stock_id": "6265",
        "category": "電子通路",
        "main_business": "電子零件買賣",
        "website_url": "http://www.kc-uppertech.com/",
        "ceo": "張政文",
        "pe_ratio": -93,
        "report_year_from": 2001,
        "report_year_to": 2023,
        "age": 22,
        "eps_negative_percentage": 22,
        "eps_growth_avg": {
            "last_all": -24.47,
            "last_2y": -93.85,
            "last_4y": -93.85,
            "last_8y": -62,
            "last_12y": -49.92,
            "last_16y": -32.58,
            "last_20y": -24.47,
            "at_2006_last_3y": -16.51,
            "at_2007_last_3y": -16.51,
            "at_2008_last_3y": 19.2,
            "at_2009_last_3y": 6.44,
            "at_2010_last_3y": 50.59,
            "at_2011_last_3y": 6.27,
            "at_2012_last_3y": -43.73,
            "at_2013_last_3y": -25.76,
            "at_2014_last_3y": -51.61,
            "at_2015_last_3y": -33.07,
            "at_2016_last_3y": -28.11,
            "at_2017_last_3y": -46.08,
            "at_2018_last_3y": -68.92,
            "at_2019_last_3y": -92.55,
            "at_2020_last_3y": -100,
            "at_2021_last_3y": -100,
            "at_2022_last_3y": -93.85,
            "at_2023_last_3y": -93.85,
            "at_2006_last_all": -13.81,
            "at_2007_last_all": 5.15,
            "at_2008_last_all": 18.7,
            "at_2009_last_all": 4.16,
            "at_2010_last_all": 14.81,
            "at_2011_last_all": 5.6,
            "at_2012_last_all": -4,
            "at_2013_last_all": -4,
            "at_2014_last_all": -1.79,
            "at_2015_last_all": -3.32,
            "at_2016_last_all": -9.16,
            "at_2017_last_all": -15.22,
            "at_2018_last_all": -15.22,
            "at_2019_last_all": -15.22,
            "at_2020_last_all": -20.52,
            "at_2021_last_all": -20.52,
            "at_2022_last_all": -24.47,
            "at_2023_last_all": -24.47
        },
        "latest_eps": -0.12,
        "latest_price": 11.2,
        "latest_roe": -1.01,
        "latest_gross_margin": -0.63,
        "latest_equity": 1374692,
        "latest_revenue": 211487,
        "latest_gross_profit": -1333,
        "latest_net_income": -12721,
        "latest_debt_ratio": 11.62,
        "latest_current_ratio": 749.33,
        "latest_account_receivable_turnover_ratio": 0.92,
        "latest_inventory_turnover_ratio": 0.46,
        "latest_reinvestment_rate": -54.49,
        "latest_research_to_sale_ratio": null
    },
    "eps_dividends": {
        "2001": {
            "cash": 0,
            "stock": 2,
            "eps": 0.33
        },
        "2002": {
            "cash": 0,
            "stock": 0.5,
            "eps": 0.32
        },
        "2003": {
            "cash": 0,
            "stock": 0.7,
            "eps": 1.54
        },
        "2004": {
            "cash": 0.3,
            "stock": 0.9,
            "eps": 0.88
        },
        "2005": {
            "cash": 0.3,
            "stock": 0.25,
            "eps": 0.47
        },
        "2006": {
            "cash": 0.1,
            "stock": 0.3,
            "eps": 0.11
        },
        "2007": {
            "cash": 0,
            "stock": 0,
            "eps": 0.73
        },
        "2008": {
            "cash": 0.25,
            "stock": 0.3,
            "eps": 1.69
        },
        "2009": {
            "cash": 0.15,
            "stock": 1.39,
            "eps": 0.04
        },
        "2010": {
            "cash": 0,
            "stock": 0,
            "eps": 0.44
        },
        "2011": {
            "cash": 0,
            "stock": 0,
            "eps": 0.1
        },
        "2012": {
            "cash": 0.08,
            "stock": 0,
            "eps": -0.11
        },
        "2013": {
            "cash": 0,
            "stock": 0,
            "eps": 0.49
        },
        "2014": {
            "cash": 0.38,
            "stock": 0,
            "eps": 0.6
        },
        "2015": {
            "cash": 0.87,
            "stock": 0,
            "eps": 0.47
        },
        "2016": {
            "cash": 0.55,
            "stock": 0,
            "eps": 0.07
        },
        "2017": {
            "cash": 0,
            "stock": 0,
            "eps": -0.32
        },
        "2018": {
            "cash": 0,
            "stock": 0,
            "eps": -1.32
        },
        "2019": {
            "cash": 0,
            "stock": 0,
            "eps": 0.26
        },
        "2020": {
            "cash": 0,
            "stock": 0,
            "eps": -0.25
        },
        "2021": {
            "cash": 0,
            "stock": 0,
            "eps": 0.65
        },
        "2022": {
            "cash": 0,
            "stock": 0,
            "eps": 0.08
        },
        "2023": {
            "cash": 0,
            "stock": 0,
            "eps": -0.11
        }
    },
    "dividends": {
        "2001-04-02": {
            "cash": 0,
            "stock": 2
        },
        "2002-04-18": {
            "cash": 0,
            "stock": 0.5
        },
        "2003-06-10": {
            "cash": 0,
            "stock": 0.7
        },
        "2004-03-22": {
            "cash": 0.3,
            "stock": 0.9
        },
        "2005-06-10": {
            "cash": 0.3,
            "stock": 0.25
        },
        "2006-04-26": {
            "cash": 0.1,
            "stock": 0.3
        },
        "2008-04-28": {
            "cash": 0.25,
            "stock": 0.3
        },
        "2009-04-27": {
            "cash": 0.15,
            "stock": 1.39
        },
        "2012-06-15": {
            "cash": 0.08,
            "stock": 0
        },
        "2014-06-20": {
            "cash": 0.38,
            "stock": 0
        },
        "2015-09-23": {
            "cash": 0.87,
            "stock": 0
        },
        "2016-09-14": {
            "cash": 0.55,
            "stock": 0
        }
    },
    "prices": {
        "200101": "無",
        "200102": "無",
        "200103": "無",
        "200104": "無",
        "200105": "無",
        "200106": "無",
        "200107": "無",
        "200108": "無",
        "200109": "無",
        "200110": "無",
        "200111": "無",
        "200112": "無",
        "200201": "無",
        "200202": "無",
        "200203": "無",
        "200204": "無",
        "200205": "無",
        "200206": "無",
        "200207": "無",
        "200208": "無",
        "200209": "無",
        "200210": "無",
        "200211": "無",
        "200212": "無",
        "200301": "無",
        "200302": "無",
        "200303": "無",
        "200304": "無",
        "200305": "無",
        "200306": "無",
        "200307": "無",
        "200308": "無",
        "200309": "無",
        "200310": "20.73",
        "200311": "23.60",
        "200312": "25.62",
        "200401": "25.59",
        "200402": "25.48",
        "200403": "22.49",
        "200404": "24.44",
        "200405": "21.82",
        "200406": "19.38",
        "200407": "16.22",
        "200408": "15.41",
        "200409": "15.18",
        "200410": "14.74",
        "200411": "12.55",
        "200412": "10.24",
        "200501": "9.76",
        "200502": "11.36",
        "200503": "13.29",
        "200504": "15.71",
        "200505": "14.56",
        "200506": "14.23",
        "200507": "14.49",
        "200508": "13.62",
        "200509": "14.60",
        "200510": "14.52",
        "200511": "14.65",
        "200512": "14.68",
        "200601": "14.86",
        "200602": "14.82",
        "200603": "14.71",
        "200604": "14.67",
        "200605": "14.94",
        "200606": "15.65",
        "200607": "14.16",
        "200608": "13.26",
        "200609": "13.03",
        "200610": "13.20",
        "200611": "13.26",
        "200612": "17.95",
        "200701": "18.49",
        "200702": "21.12",
        "200703": "21.39",
        "200704": "23.76",
        "200705": "21.35",
        "200706": "22.22",
        "200707": "23.98",
        "200708": "23.33",
        "200709": "23.98",
        "200710": "24.47",
        "200711": "26.89",
        "200712": "23.05",
        "200801": "21.36",
        "200802": "21.09",
        "200803": "23.53",
        "200804": "25.96",
        "200805": "24.60",
        "200806": "26.70",
        "200807": "26.26",
        "200808": "25.34",
        "200809": "15.77",
        "200810": "11.20",
        "200811": "11.76",
        "200812": "9.85",
        "200901": "9.45",
        "200902": "11.15",
        "200903": "15.73",
        "200904": "22.71",
        "200905": "18.18",
        "200906": "15.92",
        "200907": "16.89",
        "200908": "16.32",
        "200909": "15.19",
        "200910": "15.21",
        "200911": "13.68",
        "200912": "14.23",
        "201001": "14.40",
        "201002": "12.46",
        "201003": "12.97",
        "201004": "13.48",
        "201005": "12.82",
        "201006": "12.23",
        "201007": "12.51",
        "201008": "12.42",
        "201009": "11.42",
        "201010": "11.13",
        "201011": "10.48",
        "201012": "10.77",
        "201101": "10.57",
        "201102": "10.16",
        "201103": "9.62",
        "201104": "9.09",
        "201105": "8.35",
        "201106": "8.49",
        "201107": "8.26",
        "201108": "7.08",
        "201109": "7.07",
        "201110": "6.94",
        "201111": "6.86",
        "201112": "5.98",
        "201201": "5.85",
        "201202": "7.00",
        "201203": "6.75",
        "201204": "6.40",
        "201205": "6.01",
        "201206": "6.04",
        "201207": "6.33",
        "201208": "6.73",
        "201209": "8.02",
        "201210": "7.83",
        "201211": "7.17",
        "201212": "7.11",
        "201301": "7.11",
        "201302": "7.16",
        "201303": "7.32",
        "201304": "7.49",
        "201305": "8.36",
        "201306": "8.66",
        "201307": "8.01",
        "201308": "7.81",
        "201309": "8.32",
        "201310": "9.13",
        "201311": "8.37",
        "201312": "8.85",
        "201401": "9.90",
        "201402": "12.55",
        "201403": "12.56",
        "201404": "11.03",
        "201405": "10.46",
        "201406": "10.81",
        "201407": "10.26",
        "201408": "9.81",
        "201409": "9.39",
        "201410": "8.98",
        "201411": "8.65",
        "201412": "9.05",
        "201501": "9.38",
        "201502": "9.40",
        "201503": "9.68",
        "201504": "9.12",
        "201505": "9.51",
        "201506": "9.07",
        "201507": "8.79",
        "201508": "7.22",
        "201509": "6.54",
        "201510": "7.06",
        "201511": "7.43",
        "201512": "6.84",
        "201601": "6.17",
        "201602": "6.48",
        "201603": "7.16",
        "201604": "7.20",
        "201605": "6.87",
        "201606": "7.06",
        "201607": "7.48",
        "201608": "7.61",
        "201609": "7.20",
        "201610": "7.44",
        "201611": "7.02",
        "201612": "7.18",
        "201701": "7.46",
        "201702": "7.43",
        "201703": "7.42",
        "201704": "6.95",
        "201705": "6.75",
        "201706": "6.77",
        "201707": "6.98",
        "201708": "6.90",
        "201709": "6.95",
        "201710": "6.93",
        "201711": "6.94",
        "201712": "6.85",
        "201801": "6.98",
        "201802": "7.19",
        "201803": "7.67",
        "201804": "7.36",
        "201805": "7.10",
        "201806": "7.29",
        "201807": "7.12",
        "201808": "6.79",
        "201809": "6.67",
        "201810": "5.65",
        "201811": "5.17",
        "201812": "5.26",
        "201901": "5.08",
        "201902": "5.17",
        "201903": "5.65",
        "201904": "5.78",
        "201905": "5.69",
        "201906": "5.78",
        "201907": "5.75",
        "201908": "6.37",
        "201909": "6.83",
        "201910": "6.77",
        "201911": "6.84",
        "201912": "7.04",
        "202001": "6.84",
        "202002": "6.77",
        "202003": "5.81",
        "202004": "5.36",
        "202005": "5.80",
        "202006": "6.01",
        "202007": "6.32",
        "202008": "6.34",
        "202009": "6.48",
        "202010": "6.77",
        "202011": "6.62",
        "202012": "7.25",
        "202101": "7.93",
        "202102": "7.48",
        "202103": "7.79",
        "202104": "9.58",
        "202105": "8.66",
        "202106": "8.92",
        "202107": "9.92",
        "202108": "10.14",
        "202109": "10.82",
        "202110": "10.44",
        "202111": "12.97",
        "202112": "18.06",
        "202201": "16.00",
        "202202": "14.84",
        "202203": "13.59",
        "202204": "11.78",
        "202205": "12.02",
        "202206": "12.41",
        "202207": "10.93",
        "202208": "12.29",
        "202209": "11.24",
        "202210": "9.88",
        "202211": "10.26",
        "202212": "10.06",
        "202301": "9.45",
        "202302": "10.02",
        "202303": "10.14",
        "202304": "10.49",
        "202305": "10.38",
        "202306": "10.60"
    },
    "quarters": {
        "20011": {
            "year_quarter": 20011,
            "year": 2001,
            "quarter": 1,
            "eps": null,
            "eps_growth_year": null,
            "eps_4q": null,
            "eps_4q_growth_year": null,
            "roe": null,
            "roe_4q": 0,
            "gross_profit": null,
            "gross_margin": null,
            "gross_margin_4q_avg": 0,
            "net_income": null,
            "revenue": null,
            "common_shares": null,
            "book_valuer_per_share": null,
            "book_valuer_per_share_4q_avg": 0,
            "equity": null,
            "current_ratio": null,
            "debt_ratio": null,
            "inventory_turnover_ratio": null,
            "account_receivable_turnover_ratio": null,
            "reinvestment_rate": null,
            "research_to_sale_ratio": null,
            "price_fair": 0,
            "eps_avg_yearly": 0,
            "eps_latest_yearly": 0,
            "eps_growth_yearly": 0
        },
        "20012": {
            "year_quarter": 20012,
            "year": 2001,
            "quarter": 2,
            "eps": null,
            "eps_growth_year": null,
            "eps_4q": null,
            "eps_4q_growth_year": null,
            "roe": null,
            "roe_4q": 0,
            "gross_profit": null,
            "gross_margin": null,
            "gross_margin_4q_avg": 0,
            "net_income": null,
            "revenue": null,
            "common_shares": null,
            "book_valuer_per_share": null,
            "book_valuer_per_share_4q_avg": 0,
            "equity": null,
            "current_ratio": null,
            "debt_ratio": null,
            "inventory_turnover_ratio": null,
            "account_receivable_turnover_ratio": null,
            "reinvestment_rate": null,
            "research_to_sale_ratio": null,
            "price_fair": 0,
            "eps_avg_yearly": 0,
            "eps_latest_yearly": 0,
            "eps_growth_yearly": 0
        },
        "20013": {
            "year_quarter": 20013,
            "year": 2001,
            "quarter": 3,
            "eps": null,
            "eps_growth_year": null,
            "eps_4q": null,
            "eps_4q_growth_year": null,
            "roe": null,
            "roe_4q": 0,
            "gross_profit": null,
            "gross_margin": null,
            "gross_margin_4q_avg": 0,
            "net_income": null,
            "revenue": null,
            "common_shares": null,
            "book_valuer_per_share": null,
            "book_valuer_per_share_4q_avg": 0,
            "equity": null,
            "current_ratio": null,
            "debt_ratio": null,
            "inventory_turnover_ratio": null,
            "account_receivable_turnover_ratio": null,
            "reinvestment_rate": null,
            "research_to_sale_ratio": null,
            "price_fair": 0,
            "eps_avg_yearly": 0,
            "eps_latest_yearly": 0,
            "eps_growth_yearly": 0
        },
        "20014": {
            "year_quarter": 20014,
            "year": 2001,
            "quarter": 4,
            "eps": 0.33,
            "eps_growth_year": null,
            "eps_4q": null,
            "eps_4q_growth_year": null,
            "roe": 1.79,
            "roe_4q": 1.79,
            "gross_profit": 36855,
            "gross_margin": 7.44,
            "gross_margin_4q_avg": 1.86,
            "net_income": 10292,
            "revenue": 495149,
            "common_shares": 355000,
            "book_valuer_per_share": 16.16,
            "book_valuer_per_share_4q_avg": 4.04,
            "equity": 573769,
            "current_ratio": 163.55,
            "debt_ratio": 56.25,
            "inventory_turnover_ratio": 1.31,
            "account_receivable_turnover_ratio": null,
            "reinvestment_rate": null,
            "research_to_sale_ratio": null,
            "price_fair": 0,
            "eps_avg_yearly": 0,
            "eps_latest_yearly": 0,
            "eps_growth_yearly": 0
        },
        "20021": {
            "year_quarter": 20021,
            "year": 2002,
            "quarter": 1,
            "eps": null,
            "eps_growth_year": null,
            "eps_4q": null,
            "eps_4q_growth_year": null,
            "roe": null,
            "roe_4q": 1.79,
            "gross_profit": null,
            "gross_margin": null,
            "gross_margin_4q_avg": 1.86,
            "net_income": null,
            "revenue": null,
            "common_shares": null,
            "book_valuer_per_share": null,
            "book_valuer_per_share_4q_avg": 4.04,
            "equity": null,
            "current_ratio": null,
            "debt_ratio": null,
            "inventory_turnover_ratio": null,
            "account_receivable_turnover_ratio": null,
            "reinvestment_rate": null,
            "research_to_sale_ratio": null,
            "price_fair": 0,
            "eps_avg_yearly": 0,
            "eps_latest_yearly": 0,
            "eps_growth_yearly": 0
        },
        "20022": {
            "year_quarter": 20022,
            "year": 2002,
            "quarter": 2,
            "eps": null,
            "eps_growth_year": null,
            "eps_4q": null,
            "eps_4q_growth_year": null,
            "roe": null,
            "roe_4q": 1.79,
            "gross_profit": null,
            "gross_margin": null,
            "gross_margin_4q_avg": 1.86,
            "net_income": null,
            "revenue": null,
            "common_shares": null,
            "book_valuer_per_share": null,
            "book_valuer_per_share_4q_avg": 4.04,
            "equity": null,
            "current_ratio": null,
            "debt_ratio": null,
            "inventory_turnover_ratio": null,
            "account_receivable_turnover_ratio": null,
            "reinvestment_rate": null,
            "research_to_sale_ratio": null,
            "price_fair": 0,
            "eps_avg_yearly": 0,
            "eps_latest_yearly": 0,
            "eps_growth_yearly": 0
        },
        "20023": {
            "year_quarter": 20023,
            "year": 2002,
            "quarter": 3,
            "eps": 0.21,
            "eps_growth_year": null,
            "eps_4q": null,
            "eps_4q_growth_year": null,
            "roe": 1.34,
            "roe_4q": 3.13,
            "gross_profit": 39700,
            "gross_margin": 8.77,
            "gross_margin_4q_avg": 4.05,
            "net_income": 8019,
            "revenue": 452869,
            "common_shares": 375000,
            "book_valuer_per_share": 15.99,
            "book_valuer_per_share_4q_avg": 8.04,
            "equity": 599502,
            "current_ratio": 189.53,
            "debt_ratio": 43.13,
            "inventory_turnover_ratio": 1.44,
            "account_receivable_turnover_ratio": null,
            "reinvestment_rate": null,
            "research_to_sale_ratio": null,
            "price_fair": 0,
            "eps_avg_yearly": 0,
            "eps_latest_yearly": 0,
            "eps_growth_yearly": 0
        },
        "20024": {
            "year_quarter": 20024,
            "year": 2002,
            "quarter": 4,
            "eps": 0.11,
            "eps_growth_year": -66.67,
            "eps_4q": null,
            "eps_4q_growth_year": null,
            "roe": 0.68,
            "roe_4q": 2.02,
            "gross_profit": 33053,
            "gross_margin": 8.5,
            "gross_margin_4q_avg": 4.32,
            "net_income": 4090,
            "revenue": 388896,
            "common_shares": 375000,
            "book_valuer_per_share": 16.08,
            "book_valuer_per_share_4q_avg": 8.02,
            "equity": 602989,
            "current_ratio": 148.9,
            "debt_ratio": 63.23,
            "inventory_turnover_ratio": 0.99,
            "account_receivable_turnover_ratio": null,
            "reinvestment_rate": null,
            "research_to_sale_ratio": null,
            "price_fair": 1.32,
            "eps_avg_yearly": 0.44,
            "eps_latest_yearly": 0.44,
            "eps_growth_yearly": -190.48
        },
        "20031": {
            "year_quarter": 20031,
            "year": 2003,
            "quarter": 1,
            "eps": 0.24,
            "eps_growth_year": null,
            "eps_4q": null,
            "eps_4q_growth_year": null,
            "roe": 1.46,
            "roe_4q": 3.4800000000000004,
            "gross_profit": 37647,
            "gross_margin": 8.15,
            "gross_margin_4q_avg": 6.36,
            "net_income": 8858,
            "revenue": 461919,
            "common_shares": 375000,
            "book_valuer_per_share": 16.32,
            "book_valuer_per_share_4q_avg": 12.1,
            "equity": 611855,
            "current_ratio": 170.63,
            "debt_ratio": 48.99,
            "inventory_turnover_ratio": 1.06,
            "account_receivable_turnover_ratio": null,
            "reinvestment_rate": null,
            "research_to_sale_ratio": null,
            "price_fair": 24.5,
            "eps_avg_yearly": 0.7,
            "eps_latest_yearly": 0.96,
            "eps_growth_yearly": 141.13
        },
        "20032": {
            "year_quarter": 20032,
            "year": 2003,
            "quarter": 2,
            "eps": 0.36,
            "eps_growth_year": null,
            "eps_4q": 0.88,
            "eps_4q_growth_year": null,
            "roe": 2.36,
            "roe_4q": 5.84,
            "gross_profit": 40158,
            "gross_margin": 9.8,
            "gross_margin_4q_avg": 8.81,
            "net_income": 14605,
            "revenue": 409973,
            "common_shares": 375000,
            "book_valuer_per_share": 16.66,
            "book_valuer_per_share_4q_avg": 16.26,
            "equity": 624797,
            "current_ratio": 168,
            "debt_ratio": 49.78,
            "inventory_turnover_ratio": 0.95,
            "account_receivable_turnover_ratio": null,
            "reinvestment_rate": null,
            "research_to_sale_ratio": null,
            "price_fair": 33.13,
            "eps_avg_yearly": 0.95,
            "eps_latest_yearly": 1.44,
            "eps_growth_yearly": 160.75
        },
        "20033": {
            "year_quarter": 20033,
            "year": 2003,
            "quarter": 3,
            "eps": 0.58,
            "eps_growth_year": 176.19,
            "eps_4q": 1.27,
            "eps_4q_growth_year": null,
            "roe": 3.67,
            "roe_4q": 8.17,
            "gross_profit": 55225,
            "gross_margin": 7.82,
            "gross_margin_4q_avg": 8.57,
            "net_income": 23315,
            "revenue": 706530,
            "common_shares": 405000,
            "book_valuer_per_share": 15.93,
            "book_valuer_per_share_4q_avg": 16.25,
            "equity": 645217,
            "current_ratio": 155.79,
            "debt_ratio": 54.79,
            "inventory_turnover_ratio": 1.76,
            "account_receivable_turnover_ratio": null,
            "reinvestment_rate": null,
            "research_to_sale_ratio": null,
            "price_fair": 45.15,
            "eps_avg_yearly": 1.29,
            "eps_latest_yearly": 2.32,
            "eps_growth_yearly": 181.67
        },
        "20034": {
            "year_quarter": 20034,
            "year": 2003,
            "quarter": 4,
            "eps": 0.36,
            "eps_growth_year": 227.27,
            "eps_4q": 1.52,
            "eps_4q_growth_year": null,
            "roe": 2.22,
            "roe_4q": 9.71,
            "gross_profit": 65313,
            "gross_margin": 7.06,
            "gross_margin_4q_avg": 8.21,
            "net_income": 14514,
            "revenue": 925295,
            "common_shares": 405000,
            "book_valuer_per_share": 16.31,
            "book_valuer_per_share_4q_avg": 16.31,
            "equity": 660613,
            "current_ratio": 134.82,
            "debt_ratio": 71.38,
            "inventory_turnover_ratio": 1.77,
            "account_receivable_turnover_ratio": null,
            "reinvestment_rate": null,
            "research_to_sale_ratio": null,
            "price_fair": 46.2,
            "eps_avg_yearly": 1.32,
            "eps_latest_yearly": 1.44,
            "eps_growth_yearly": 114.99
        },
        "20041": {
            "year_quarter": 20041,
            "year": 2004,
            "quarter": 1,
            "eps": 0.07,
            "eps_growth_year": -70.83,
            "eps_4q": 1.28,
            "eps_4q_growth_year": null,
            "roe": 0.46,
            "roe_4q": 8.709999999999999,
            "gross_profit": 46392,
            "gross_margin": 6.09,
            "gross_margin_4q_avg": 7.69,
            "net_income": 3034,
            "revenue": 761731,
            "common_shares": 405000,
            "book_valuer_per_share": 16.25,
            "book_valuer_per_share_4q_avg": 16.29,
            "equity": 658236,
            "current_ratio": 180.2,
            "debt_ratio": 63.75,
            "inventory_turnover_ratio": 1.27,
            "account_receivable_turnover_ratio": null,
            "reinvestment_rate": null,
            "research_to_sale_ratio": null,
            "price_fair": 40.13,
            "eps_avg_yearly": 1.15,
            "eps_latest_yearly": 0.28,
            "eps_growth_yearly": 42.12
        },
        "20042": {
            "year_quarter": 20042,
            "year": 2004,
            "quarter": 2,
            "eps": 0.39,
            "eps_growth_year": 8.33,
            "eps_4q": 1.4,
            "eps_4q_growth_year": 59.6,
            "roe": 2.39,
            "roe_4q": 8.74,
            "gross_profit": 48706,
            "gross_margin": 5.26,
            "gross_margin_4q_avg": 6.56,
            "net_income": 15788,
            "revenue": 925813,
            "common_shares": 405000,
            "book_valuer_per_share": 16.39,
            "book_valuer_per_share_4q_avg": 16.22,
            "equity": 663879,
            "current_ratio": 176.93,
            "debt_ratio": 64.22,
            "inventory_turnover_ratio": 1.7,
            "account_receivable_turnover_ratio": null,
            "reinvestment_rate": null,
            "research_to_sale_ratio": null,
            "price_fair": 42.2,
            "eps_avg_yearly": 1.21,
            "eps_latest_yearly": 1.56,
            "eps_growth_yearly": 297.33
        },
        "20043": {
            "year_quarter": 20043,
            "year": 2004,
            "quarter": 3,
            "eps": 0.18,
            "eps_growth_year": -68.97,
            "eps_4q": 0.93,
            "eps_4q_growth_year": -26.19,
            "roe": 1.19,
            "roe_4q": 6.26,
            "gross_profit": 57641,
            "gross_margin": 5.67,
            "gross_margin_4q_avg": 6.02,
            "net_income": 7958,
            "revenue": 1016569,
            "common_shares": 447450,
            "book_valuer_per_share": 15.04,
            "book_valuer_per_share_4q_avg": 16,
            "equity": 672976,
            "current_ratio": 176.88,
            "debt_ratio": 64.18,
            "inventory_turnover_ratio": 1.73,
            "account_receivable_turnover_ratio": null,
            "reinvestment_rate": null,
            "research_to_sale_ratio": null,
            "price_fair": 40.08,
            "eps_avg_yearly": 1.15,
            "eps_latest_yearly": 0.72,
            "eps_growth_yearly": 233.24
        },
        "20044": {
            "year_quarter": 20044,
            "year": 2004,
            "quarter": 4,
            "eps": 0.24,
            "eps_growth_year": -33.33,
            "eps_4q": 0.83,
            "eps_4q_growth_year": -45.38,
            "roe": 1.62,
            "roe_4q": 5.66,
            "gross_profit": 78854,
            "gross_margin": 8.73,
            "gross_margin_4q_avg": 6.44,
            "net_income": 10887,
            "revenue": 902777,
            "common_shares": 447450,
            "book_valuer_per_share": 15.02,
            "book_valuer_per_share_4q_avg": 15.68,
            "equity": 672149,
            "current_ratio": 170.39,
            "debt_ratio": 70.1,
            "inventory_turnover_ratio": 1.22,
            "account_receivable_turnover_ratio": null,
            "reinvestment_rate": null,
            "research_to_sale_ratio": null,
            "price_fair": 39.36,
            "eps_avg_yearly": 1.12,
            "eps_latest_yearly": 0.96,
            "eps_growth_yearly": 222.14
        },
        "20051": {
            "year_quarter": 20051,
            "year": 2005,
            "quarter": 1,
            "eps": 0.01,
            "eps_growth_year": -85.71,
            "eps_4q": 1.27,
            "eps_4q_growth_year": -0.81,
            "roe": 0.04,
            "roe_4q": 5.24,
            "gross_profit": 52106,
            "gross_margin": 6.79,
            "gross_margin_4q_avg": 6.61,
            "net_income": 275,
            "revenue": 767080,
            "common_shares": 449789,
            "book_valuer_per_share": 15.01,
            "book_valuer_per_share_4q_avg": 15.37,
            "equity": 675012,
            "current_ratio": 146.34,
            "debt_ratio": 63.05,
            "inventory_turnover_ratio": 1.2,
            "account_receivable_turnover_ratio": null,
            "reinvestment_rate": null,
            "research_to_sale_ratio": null,
            "price_fair": 35.56,
            "eps_avg_yearly": 1.02,
            "eps_latest_yearly": 0.04,
            "eps_growth_yearly": 161.59
        },
        "20052": {
            "year_quarter": 20052,
            "year": 2005,
            "quarter": 2,
            "eps": -0.18,
            "eps_growth_year": -146.15,
            "eps_4q": 0.24,
            "eps_4q_growth_year": -82.99,
            "roe": -1.19,
            "roe_4q": 1.6600000000000001,
            "gross_profit": 46373,
            "gross_margin": 6.46,
            "gross_margin_4q_avg": 6.91,
            "net_income": -8035,
            "revenue": 718086,
            "common_shares": 465579,
            "book_valuer_per_share": 14.61,
            "book_valuer_per_share_4q_avg": 14.92,
            "equity": 680431,
            "current_ratio": 144.88,
            "debt_ratio": 63.69,
            "inventory_turnover_ratio": 1.45,
            "account_receivable_turnover_ratio": null,
            "reinvestment_rate": null,
            "research_to_sale_ratio": null,
            "price_fair": 35.56,
            "eps_avg_yearly": 1.02,
            "eps_latest_yearly": 0.04,
            "eps_growth_yearly": 161.59
        },
        "20053": {
            "year_quarter": 20053,
            "year": 2005,
            "quarter": 3,
            "eps": 0.48,
            "eps_growth_year": 166.67,
            "eps_4q": 0.55,
            "eps_4q_growth_year": -41.58,
            "roe": 3.28,
            "roe_4q": 3.75,
            "gross_profit": 57642,
            "gross_margin": 6.37,
            "gross_margin_4q_avg": 7.09,
            "net_income": 22849,
            "revenue": 904712,
            "common_shares": 480218,
            "book_valuer_per_share": 14.82,
            "book_valuer_per_share_4q_avg": 14.87,
            "equity": 711538,
            "current_ratio": 146.51,
            "debt_ratio": 62.7,
            "inventory_turnover_ratio": 1.78,
            "account_receivable_turnover_ratio": null,
            "reinvestment_rate": null,
            "research_to_sale_ratio": null,
            "price_fair": 35.56,
            "eps_avg_yearly": 1.02,
            "eps_latest_yearly": 0.04,
            "eps_growth_yearly": 161.59
        },
        "20054": {
            "year_quarter": 20054,
            "year": 2005,
            "quarter": 4,
            "eps": 0.16,
            "eps_growth_year": -33.33,
            "eps_4q": 0.49,
            "eps_4q_growth_year": -41.53,
            "roe": 1.04,
            "roe_4q": 3.1700000000000004,
            "gross_profit": 57748,
            "gross_margin": 5.86,
            "gross_margin_4q_avg": 6.37,
            "net_income": 7417,
            "revenue": 984790,
            "common_shares": 480218,
            "book_valuer_per_share": 14.94,
            "book_valuer_per_share_4q_avg": 14.85,
            "equity": 720397,
            "current_ratio": 137.67,
            "debt_ratio": 71.32,
            "inventory_turnover_ratio": 1.62,
            "account_receivable_turnover_ratio": null,
            "reinvestment_rate": null,
            "research_to_sale_ratio": null,
            "price_fair": 34.36,
            "eps_avg_yearly": 0.98,
            "eps_latest_yearly": 0.64,
            "eps_growth_yearly": 122.66
        },
        "20061": {
            "year_quarter": 20061,
            "year": 2006,
            "quarter": 1,
            "eps": 0.11,
            "eps_growth_year": 1000,
            "eps_4q": 0.59,
            "eps_4q_growth_year": -53.26,
            "roe": 0.69,
            "roe_4q": 3.82,
            "gross_profit": 74785,
            "gross_margin": 8.84,
            "gross_margin_4q_avg": 6.88,
            "net_income": 5060,
            "revenue": 845863,
            "common_shares": 480218,
            "book_valuer_per_share": 15.62,
            "book_valuer_per_share_4q_avg": 15,
            "equity": 750297,
            "current_ratio": 141.32,
            "debt_ratio": 62.25,
            "inventory_turnover_ratio": 1.38,
            "account_receivable_turnover_ratio": null,
            "reinvestment_rate": null,
            "research_to_sale_ratio": null,
            "price_fair": 32.78,
            "eps_avg_yearly": 0.94,
            "eps_latest_yearly": 0.44,
            "eps_growth_yearly": 102.02
        },
        "20062": {
            "year_quarter": 20062,
            "year": 2006,
            "quarter": 2,
            "eps": -0.06,
            "eps_growth_year": null,
            "eps_4q": 0.68,
            "eps_4q_growth_year": 183.6,
            "roe": -0.39,
            "roe_4q": 4.619999999999999,
            "gross_profit": 49925,
            "gross_margin": 6.59,
            "gross_margin_4q_avg": 6.92,
            "net_income": -2900,
            "revenue": 758000,
            "common_shares": 480218,
            "book_valuer_per_share": 15.42,
            "book_valuer_per_share_4q_avg": 15.2,
            "equity": 740257,
            "current_ratio": 146.62,
            "debt_ratio": 59.5,
            "inventory_turnover_ratio": 1.68,
            "account_receivable_turnover_ratio": null,
            "reinvestment_rate": 27.49,
            "research_to_sale_ratio": null,
            "price_fair": 32.78,
            "eps_avg_yearly": 0.94,
            "eps_latest_yearly": 0.44,
            "eps_growth_yearly": 102.02
        },
        "20063": {
            "year_quarter": 20063,
            "year": 2006,
            "quarter": 3,
            "eps": 0.27,
            "eps_growth_year": -43.75,
            "eps_4q": 0.46,
            "eps_4q_growth_year": -15.43,
            "roe": 1.8,
            "roe_4q": 3.14,
            "gross_profit": 61880,
            "gross_margin": 6.65,
            "gross_margin_4q_avg": 6.99,
            "net_income": 13502,
            "revenue": 930374,
            "common_shares": 500000,
            "book_valuer_per_share": 15.14,
            "book_valuer_per_share_4q_avg": 15.28,
            "equity": 756863,
            "current_ratio": 140.17,
            "debt_ratio": 63.5,
            "inventory_turnover_ratio": 1.94,
            "account_receivable_turnover_ratio": null,
            "reinvestment_rate": -18.31,
            "research_to_sale_ratio": null,
            "price_fair": 32.78,
            "eps_avg_yearly": 0.94,
            "eps_latest_yearly": 0.44,
            "eps_growth_yearly": 102.02
        },
        "20064": {
            "year_quarter": 20064,
            "year": 2006,
            "quarter": 4,
            "eps": -0.21,
            "eps_growth_year": -231.25,
            "eps_4q": 0.11,
            "eps_4q_growth_year": -77.86,
            "roe": -1.2,
            "roe_4q": 0.9,
            "gross_profit": 37859,
            "gross_margin": 4.58,
            "gross_margin_4q_avg": 6.67,
            "net_income": -10409,
            "revenue": 826260,
            "common_shares": 751195,
            "book_valuer_per_share": 13.03,
            "book_valuer_per_share_4q_avg": 14.8,
            "equity": 981755,
            "current_ratio": 157.66,
            "debt_ratio": 62.14,
            "inventory_turnover_ratio": 1.22,
            "account_receivable_turnover_ratio": null,
            "reinvestment_rate": -36.41,
            "research_to_sale_ratio": null,
            "price_fair": 34.36,
            "eps_avg_yearly": 0.98,
            "eps_latest_yearly": 0.44,
            "eps_growth_yearly": 128.61
        },
        "20071": {
            "year_quarter": 20071,
            "year": 2007,
            "quarter": 1,
            "eps": 0.07,
            "eps_growth_year": -36.36,
            "eps_4q": 0.07,
            "eps_4q_growth_year": -87.82,
            "roe": 0.56,
            "roe_4q": 0.7700000000000001,
            "gross_profit": 38788,
            "gross_margin": 5.44,
            "gross_margin_4q_avg": 5.82,
            "net_income": 5926,
            "revenue": 713283,
            "common_shares": 845095,
            "book_valuer_per_share": 13.36,
            "book_valuer_per_share_4q_avg": 14.24,
            "equity": 1128646,
            "current_ratio": 255.51,
            "debt_ratio": 40.73,
            "inventory_turnover_ratio": 0.95,
            "account_receivable_turnover_ratio": null,
            "reinvestment_rate": -20.36,
            "research_to_sale_ratio": null,
            "price_fair": 34.44,
            "eps_avg_yearly": 0.98,
            "eps_latest_yearly": 0.44,
            "eps_growth_yearly": 94.2
        },
        "20072": {
            "year_quarter": 20072,
            "year": 2007,
            "quarter": 2,
            "eps": 0.2,
            "eps_growth_year": null,
            "eps_4q": 0.31,
            "eps_4q_growth_year": -54.67,
            "roe": 1.48,
            "roe_4q": 2.64,
            "gross_profit": 46526,
            "gross_margin": 5.94,
            "gross_margin_4q_avg": 5.65,
            "net_income": 17002,
            "revenue": 783069,
            "common_shares": 865875,
            "book_valuer_per_share": 13.54,
            "book_valuer_per_share_4q_avg": 13.77,
            "equity": 1172320,
            "current_ratio": 236.64,
            "debt_ratio": 39.27,
            "inventory_turnover_ratio": 1.42,
            "account_receivable_turnover_ratio": null,
            "reinvestment_rate": -20.41,
            "research_to_sale_ratio": null,
            "price_fair": 32.2,
            "eps_avg_yearly": 0.92,
            "eps_latest_yearly": 0.8,
            "eps_growth_yearly": 148.49
        },
        "20073": {
            "year_quarter": 20073,
            "year": 2007,
            "quarter": 3,
            "eps": 0.43,
            "eps_growth_year": 59.26,
            "eps_4q": 0.58,
            "eps_4q_growth_year": 25.32,
            "roe": 3.04,
            "roe_4q": 3.88,
            "gross_profit": 48932,
            "gross_margin": 5.46,
            "gross_margin_4q_avg": 5.36,
            "net_income": 36284,
            "revenue": 896059,
            "common_shares": 872163,
            "book_valuer_per_share": 13.94,
            "book_valuer_per_share_4q_avg": 13.47,
            "equity": 1216131,
            "current_ratio": 219.99,
            "debt_ratio": 40.85,
            "inventory_turnover_ratio": 1.97,
            "account_receivable_turnover_ratio": null,
            "reinvestment_rate": -18,
            "research_to_sale_ratio": null,
            "price_fair": 30.1,
            "eps_avg_yearly": 0.86,
            "eps_latest_yearly": 1.72,
            "eps_growth_yearly": 170.04
        },
        "20074": {
            "year_quarter": 20074,
            "year": 2007,
            "quarter": 4,
            "eps": 0.03,
            "eps_growth_year": null,
            "eps_4q": 0.79,
            "eps_4q_growth_year": 633.45,
            "roe": 0.19,
            "roe_4q": 5.27,
            "gross_profit": 37664,
            "gross_margin": 4.99,
            "gross_margin_4q_avg": 5.46,
            "net_income": 2342,
            "revenue": 754583,
            "common_shares": 886622,
            "book_valuer_per_share": 13.95,
            "book_valuer_per_share_4q_avg": 13.7,
            "equity": 1240205,
            "current_ratio": 187.32,
            "debt_ratio": 55.09,
            "inventory_turnover_ratio": 1.16,
            "account_receivable_turnover_ratio": null,
            "reinvestment_rate": -36.1,
            "research_to_sale_ratio": null,
            "price_fair": 25.48,
            "eps_avg_yearly": 0.73,
            "eps_latest_yearly": 0.12,
            "eps_growth_yearly": 148.01
        },
        "20081": {
            "year_quarter": 20081,
            "year": 2008,
            "quarter": 1,
            "eps": -0.42,
            "eps_growth_year": -700,
            "eps_4q": 0.2,
            "eps_4q_growth_year": 175.81,
            "roe": -3.12,
            "roe_4q": 1.5899999999999999,
            "gross_profit": 107922,
            "gross_margin": 4.42,
            "gross_margin_4q_avg": 5.2,
            "net_income": -37811,
            "revenue": 2443414,
            "common_shares": 891587,
            "book_valuer_per_share": 13.28,
            "book_valuer_per_share_4q_avg": 13.68,
            "equity": 1187077,
            "current_ratio": 252.65,
            "debt_ratio": 52.57,
            "inventory_turnover_ratio": 2.99,
            "account_receivable_turnover_ratio": null,
            "reinvestment_rate": 30.58,
            "research_to_sale_ratio": null,
            "price_fair": 27.22,
            "eps_avg_yearly": 0.78,
            "eps_latest_yearly": 0.12,
            "eps_growth_yearly": 200.25
        },
        "20082": {
            "year_quarter": 20082,
            "year": 2008,
            "quarter": 2,
            "eps": 0.63,
            "eps_growth_year": 215,
            "eps_4q": 0.64,
            "eps_4q_growth_year": 110.66,
            "roe": 4.63,
            "roe_4q": 4.74,
            "gross_profit": 126472,
            "gross_margin": 3.53,
            "gross_margin_4q_avg": 4.6,
            "net_income": 55811,
            "revenue": 3585233,
            "common_shares": 895849,
            "book_valuer_per_share": 13.66,
            "book_valuer_per_share_4q_avg": 13.71,
            "equity": 1226183,
            "current_ratio": 244.63,
            "debt_ratio": 52.32,
            "inventory_turnover_ratio": 4.52,
            "account_receivable_turnover_ratio": null,
            "reinvestment_rate": 20.5,
            "research_to_sale_ratio": null,
            "price_fair": 2.04,
            "eps_avg_yearly": 0.68,
            "eps_latest_yearly": 0.12,
            "eps_growth_yearly": -3.29
        },
        "20083": {
            "year_quarter": 20083,
            "year": 2008,
            "quarter": 3,
            "eps": 2.01,
            "eps_growth_year": 367.44,
            "eps_4q": 2.23,
            "eps_4q_growth_year": 286.33,
            "roe": 13.88,
            "roe_4q": 15.58,
            "gross_profit": 209917,
            "gross_margin": 4.15,
            "gross_margin_4q_avg": 4.27,
            "net_income": 185732,
            "revenue": 5062030,
            "common_shares": 928304,
            "book_valuer_per_share": 15.6,
            "book_valuer_per_share_4q_avg": 14.12,
            "equity": 1450903,
            "current_ratio": 216.96,
            "debt_ratio": 52.81,
            "inventory_turnover_ratio": 6.41,
            "account_receivable_turnover_ratio": null,
            "reinvestment_rate": 8.69,
            "research_to_sale_ratio": null,
            "price_fair": 55.83,
            "eps_avg_yearly": 1.6,
            "eps_latest_yearly": 8.04,
            "eps_growth_yearly": 133.16
        },
        "20084": {
            "year_quarter": 20084,
            "year": 2008,
            "quarter": 4,
            "eps": -0.53,
            "eps_growth_year": -1866.67,
            "eps_4q": 1.68,
            "eps_4q_growth_year": 113.55,
            "roe": -3.42,
            "roe_4q": 11.969999999999999,
            "gross_profit": 38925,
            "gross_margin": 1.19,
            "gross_margin_4q_avg": 3.32,
            "net_income": -48945,
            "revenue": 3274717,
            "common_shares": 928304,
            "book_valuer_per_share": 15.18,
            "book_valuer_per_share_4q_avg": 14.43,
            "equity": 1412179,
            "current_ratio": 247.38,
            "debt_ratio": 47.63,
            "inventory_turnover_ratio": 4.75,
            "account_receivable_turnover_ratio": 10.07,
            "reinvestment_rate": 2.57,
            "research_to_sale_ratio": null,
            "price_fair": 59,
            "eps_avg_yearly": 1.69,
            "eps_latest_yearly": 8.04,
            "eps_growth_yearly": 133.14
        },
        "20091": {
            "year_quarter": 20091,
            "year": 2009,
            "quarter": 1,
            "eps": -0.41,
            "eps_growth_year": null,
            "eps_4q": 1.67,
            "eps_4q_growth_year": 738.4,
            "roe": -2.68,
            "roe_4q": 12.41,
            "gross_profit": 101289,
            "gross_margin": 2.64,
            "gross_margin_4q_avg": 2.88,
            "net_income": -37596,
            "revenue": 3841256,
            "common_shares": 928304,
            "book_valuer_per_share": 15.02,
            "book_valuer_per_share_4q_avg": 14.87,
            "equity": 1397176,
            "current_ratio": 223.05,
            "debt_ratio": 44.07,
            "inventory_turnover_ratio": 6.79,
            "account_receivable_turnover_ratio": 5.53,
            "reinvestment_rate": 13.25,
            "research_to_sale_ratio": null,
            "price_fair": 68.6,
            "eps_avg_yearly": 1.96,
            "eps_latest_yearly": 8.04,
            "eps_growth_yearly": 219.21
        },
        "20092": {
            "year_quarter": 20092,
            "year": 2009,
            "quarter": 2,
            "eps": 0.47,
            "eps_growth_year": -25.4,
            "eps_4q": 1.53,
            "eps_4q_growth_year": 137.8,
            "roe": 3.07,
            "roe_4q": 10.850000000000001,
            "gross_profit": 110706,
            "gross_margin": 2.91,
            "gross_margin_4q_avg": 2.72,
            "net_income": 43775,
            "revenue": 3805628,
            "common_shares": 962846,
            "book_valuer_per_share": 15.11,
            "book_valuer_per_share_4q_avg": 15.23,
            "equity": 1458080,
            "current_ratio": 229.56,
            "debt_ratio": 42.66,
            "inventory_turnover_ratio": 7.6,
            "account_receivable_turnover_ratio": 5.17,
            "reinvestment_rate": 5.75,
            "research_to_sale_ratio": null,
            "price_fair": 68.6,
            "eps_avg_yearly": 1.96,
            "eps_latest_yearly": 8.04,
            "eps_growth_yearly": 219.21
        },
        "20093": {
            "year_quarter": 20093,
            "year": 2009,
            "quarter": 3,
            "eps": 0.07,
            "eps_growth_year": -96.52,
            "eps_4q": -0.3,
            "eps_4q_growth_year": -113.5,
            "roe": 0.55,
            "roe_4q": -2.48,
            "gross_profit": 100269,
            "gross_margin": 2.04,
            "gross_margin_4q_avg": 2.2,
            "net_income": 8061,
            "revenue": 4915794,
            "common_shares": 1108962,
            "book_valuer_per_share": 13.18,
            "book_valuer_per_share_4q_avg": 14.62,
            "equity": 1464316,
            "current_ratio": 221.05,
            "debt_ratio": 44.27,
            "inventory_turnover_ratio": 9.66,
            "account_receivable_turnover_ratio": 6.39,
            "reinvestment_rate": 8.02,
            "research_to_sale_ratio": null,
            "price_fair": 60.2,
            "eps_avg_yearly": 1.72,
            "eps_latest_yearly": 0.28,
            "eps_growth_yearly": 139.27
        },
        "20094": {
            "year_quarter": 20094,
            "year": 2009,
            "quarter": 4,
            "eps": -0.09,
            "eps_growth_year": null,
            "eps_4q": 0.04,
            "eps_4q_growth_year": -97.84,
            "roe": -0.65,
            "roe_4q": 0.2899999999999996,
            "gross_profit": 45615,
            "gross_margin": 1.36,
            "gross_margin_4q_avg": 2.24,
            "net_income": -9811,
            "revenue": 3358341,
            "common_shares": 1217292,
            "book_valuer_per_share": 12.83,
            "book_valuer_per_share_4q_avg": 14.04,
            "equity": 1561714,
            "current_ratio": 236.14,
            "debt_ratio": 41.27,
            "inventory_turnover_ratio": 6.87,
            "account_receivable_turnover_ratio": 10.19,
            "reinvestment_rate": 199.48,
            "research_to_sale_ratio": null,
            "price_fair": 66.5,
            "eps_avg_yearly": 1.9,
            "eps_latest_yearly": 0.28,
            "eps_growth_yearly": 206.92
        },
        "20101": {
            "year_quarter": 20101,
            "year": 2010,
            "quarter": 1,
            "eps": 0.28,
            "eps_growth_year": null,
            "eps_4q": 0.63,
            "eps_4q_growth_year": -62.6,
            "roe": 2.16,
            "roe_4q": 5.130000000000001,
            "gross_profit": 93544,
            "gross_margin": 2.75,
            "gross_margin_4q_avg": 2.27,
            "net_income": 34006,
            "revenue": 3401073,
            "common_shares": 1217292,
            "book_valuer_per_share": 13.07,
            "book_valuer_per_share_4q_avg": 13.55,
            "equity": 1590991,
            "current_ratio": 220.57,
            "debt_ratio": 44.18,
            "inventory_turnover_ratio": 5.67,
            "account_receivable_turnover_ratio": 5.05,
            "reinvestment_rate": 177.95,
            "research_to_sale_ratio": null,
            "price_fair": 76.72,
            "eps_avg_yearly": 2.19,
            "eps_latest_yearly": 0.28,
            "eps_growth_yearly": 273.31
        },
        "20102": {
            "year_quarter": 20102,
            "year": 2010,
            "quarter": 2,
            "eps": 0.26,
            "eps_growth_year": -45.01,
            "eps_4q": 0.52,
            "eps_4q_growth_year": -65.86,
            "roe": 1.95,
            "roe_4q": 4.010000000000001,
            "gross_profit": 73587,
            "gross_margin": 2.03,
            "gross_margin_4q_avg": 2.05,
            "net_income": 31460,
            "revenue": 3622357,
            "common_shares": 1217292,
            "book_valuer_per_share": 13.39,
            "book_valuer_per_share_4q_avg": 13.12,
            "equity": 1629598,
            "current_ratio": 221.7,
            "debt_ratio": 43.86,
            "inventory_turnover_ratio": 5.47,
            "account_receivable_turnover_ratio": 4.37,
            "reinvestment_rate": 157.67,
            "research_to_sale_ratio": null,
            "price_fair": 70,
            "eps_avg_yearly": 2,
            "eps_latest_yearly": 1.04,
            "eps_growth_yearly": 222.99
        },
        "20103": {
            "year_quarter": 20103,
            "year": 2010,
            "quarter": 3,
            "eps": 0.22,
            "eps_growth_year": 220.25,
            "eps_4q": 0.68,
            "eps_4q_growth_year": null,
            "roe": 1.67,
            "roe_4q": 5.13,
            "gross_profit": 95650,
            "gross_margin": 2.79,
            "gross_margin_4q_avg": 2.23,
            "net_income": 27289,
            "revenue": 3429439,
            "common_shares": 1217292,
            "book_valuer_per_share": 13.45,
            "book_valuer_per_share_4q_avg": 13.19,
            "equity": 1637546,
            "current_ratio": 263.34,
            "debt_ratio": 36.96,
            "inventory_turnover_ratio": 5.92,
            "account_receivable_turnover_ratio": 4.02,
            "reinvestment_rate": 146.97,
            "research_to_sale_ratio": null,
            "price_fair": 64.4,
            "eps_avg_yearly": 1.84,
            "eps_latest_yearly": 0.88,
            "eps_growth_yearly": 182.35
        },
        "20104": {
            "year_quarter": 20104,
            "year": 2010,
            "quarter": 4,
            "eps": -0.32,
            "eps_growth_year": null,
            "eps_4q": 0.44,
            "eps_4q_growth_year": 1113.03,
            "roe": -2.45,
            "roe_4q": 3.33,
            "gross_profit": 48190,
            "gross_margin": 2.03,
            "gross_margin_4q_avg": 2.4,
            "net_income": -39042,
            "revenue": 2373520,
            "common_shares": 1217292,
            "book_valuer_per_share": 12.69,
            "book_valuer_per_share_4q_avg": 13.15,
            "equity": 1545315,
            "current_ratio": 323.94,
            "debt_ratio": 30.16,
            "inventory_turnover_ratio": 5.9,
            "account_receivable_turnover_ratio": 3.65,
            "reinvestment_rate": 149.61,
            "research_to_sale_ratio": null,
            "price_fair": 64.4,
            "eps_avg_yearly": 1.84,
            "eps_latest_yearly": 0.88,
            "eps_growth_yearly": 182.35
        },
        "20111": {
            "year_quarter": 20111,
            "year": 2011,
            "quarter": 1,
            "eps": -0.03,
            "eps_growth_year": -110.71,
            "eps_4q": 0.14,
            "eps_4q_growth_year": -78.21,
            "roe": -0.2,
            "roe_4q": 0.9699999999999995,
            "gross_profit": 52864,
            "gross_margin": 2.68,
            "gross_margin_4q_avg": 2.38,
            "net_income": -3124,
            "revenue": 1974194,
            "common_shares": 1217292,
            "book_valuer_per_share": 12.72,
            "book_valuer_per_share_4q_avg": 13.06,
            "equity": 1548430,
            "current_ratio": 449.06,
            "debt_ratio": 22.05,
            "inventory_turnover_ratio": 8.78,
            "account_receivable_turnover_ratio": 3.72,
            "reinvestment_rate": 158.56,
            "research_to_sale_ratio": null,
            "price_fair": 64.4,
            "eps_avg_yearly": 1.84,
            "eps_latest_yearly": 0.88,
            "eps_growth_yearly": 182.35
        },
        "20112": {
            "year_quarter": 20112,
            "year": 2011,
            "quarter": 2,
            "eps": -0.15,
            "eps_growth_year": -158.61,
            "eps_4q": -0.27,
            "eps_4q_growth_year": -152.29,
            "roe": -1.21,
            "roe_4q": -2.1900000000000004,
            "gross_profit": 57013,
            "gross_margin": 3.32,
            "gross_margin_4q_avg": 2.71,
            "net_income": -18438,
            "revenue": 1719035,
            "common_shares": 1217292,
            "book_valuer_per_share": 12.27,
            "book_valuer_per_share_4q_avg": 12.78,
            "equity": 1493127,
            "current_ratio": 787.36,
            "debt_ratio": 21.37,
            "inventory_turnover_ratio": 9.48,
            "account_receivable_turnover_ratio": 3.69,
            "reinvestment_rate": 179.8,
            "research_to_sale_ratio": null,
            "price_fair": 70.47,
            "eps_avg_yearly": 2.01,
            "eps_latest_yearly": 0.88,
            "eps_growth_yearly": 88.93
        },
        "20113": {
            "year_quarter": 20113,
            "year": 2011,
            "quarter": 3,
            "eps": 0.29,
            "eps_growth_year": 29.29,
            "eps_4q": -0.21,
            "eps_4q_growth_year": -130.53,
            "roe": 2.31,
            "roe_4q": -1.55,
            "gross_profit": 70944,
            "gross_margin": 2.68,
            "gross_margin_4q_avg": 2.68,
            "net_income": 35281,
            "revenue": 2649890,
            "common_shares": 1217292,
            "book_valuer_per_share": 12.78,
            "book_valuer_per_share_4q_avg": 12.62,
            "equity": 1555808,
            "current_ratio": 553.2,
            "debt_ratio": 24.48,
            "inventory_turnover_ratio": 14.74,
            "account_receivable_turnover_ratio": 5.7,
            "reinvestment_rate": 91.63,
            "research_to_sale_ratio": null,
            "price_fair": 51.2,
            "eps_avg_yearly": 2.07,
            "eps_latest_yearly": 0.88,
            "eps_growth_yearly": 14.71
        },
        "20114": {
            "year_quarter": 20114,
            "year": 2011,
            "quarter": 4,
            "eps": -0.01,
            "eps_growth_year": null,
            "eps_4q": 0.1,
            "eps_4q_growth_year": -76.82,
            "roe": -0.1,
            "roe_4q": 0.8,
            "gross_profit": 51692,
            "gross_margin": 2.56,
            "gross_margin_4q_avg": 2.81,
            "net_income": -1631,
            "revenue": 2022352,
            "common_shares": 1217292,
            "book_valuer_per_share": 13.16,
            "book_valuer_per_share_4q_avg": 12.73,
            "equity": 1554674,
            "current_ratio": 911.52,
            "debt_ratio": 18.74,
            "inventory_turnover_ratio": 9.75,
            "account_receivable_turnover_ratio": 4.2,
            "reinvestment_rate": 143.3,
            "research_to_sale_ratio": null,
            "price_fair": 89.6,
            "eps_avg_yearly": 2.56,
            "eps_latest_yearly": 0.88,
            "eps_growth_yearly": 111.41
        },
        "20121": {
            "year_quarter": 20121,
            "year": 2012,
            "quarter": 1,
            "eps": -0.33,
            "eps_growth_year": null,
            "eps_4q": -0.2,
            "eps_4q_growth_year": -247.72,
            "roe": -2.55,
            "roe_4q": -1.5499999999999998,
            "gross_profit": 49322,
            "gross_margin": 2.66,
            "gross_margin_4q_avg": 2.81,
            "net_income": -38992,
            "revenue": 1856429,
            "common_shares": 1217292,
            "book_valuer_per_share": 12.68,
            "book_valuer_per_share_4q_avg": 12.72,
            "equity": 1498978,
            "current_ratio": 390.42,
            "debt_ratio": 22.73,
            "inventory_turnover_ratio": 8.13,
            "account_receivable_turnover_ratio": 3.67,
            "reinvestment_rate": 168.27,
            "research_to_sale_ratio": null,
            "price_fair": 89.6,
            "eps_avg_yearly": 2.56,
            "eps_latest_yearly": 0.88,
            "eps_growth_yearly": 111.41
        },
        "20122": {
            "year_quarter": 20122,
            "year": 2012,
            "quarter": 2,
            "eps": 0.09,
            "eps_growth_year": null,
            "eps_4q": 0.04,
            "eps_4q_growth_year": null,
            "roe": 0.7,
            "roe_4q": 0.3600000000000001,
            "gross_profit": 58446,
            "gross_margin": 2.64,
            "gross_margin_4q_avg": 2.64,
            "net_income": 10564,
            "revenue": 2212182,
            "common_shares": 1217292,
            "book_valuer_per_share": 12.76,
            "book_valuer_per_share_4q_avg": 12.85,
            "equity": 1508327,
            "current_ratio": 349.26,
            "debt_ratio": 25.52,
            "inventory_turnover_ratio": 10.05,
            "account_receivable_turnover_ratio": 3.56,
            "reinvestment_rate": 212.16,
            "research_to_sale_ratio": null,
            "price_fair": 89.6,
            "eps_avg_yearly": 2.56,
            "eps_latest_yearly": 0.88,
            "eps_growth_yearly": 111.41
        },
        "20123": {
            "year_quarter": 20123,
            "year": 2012,
            "quarter": 3,
            "eps": 0.24,
            "eps_growth_year": -16.58,
            "eps_4q": -0.01,
            "eps_4q_growth_year": null,
            "roe": 1.94,
            "roe_4q": -0.010000000000000148,
            "gross_profit": 97987,
            "gross_margin": 2.42,
            "gross_margin_4q_avg": 2.57,
            "net_income": 29430,
            "revenue": 4042889,
            "common_shares": 1217292,
            "book_valuer_per_share": 12.52,
            "book_valuer_per_share_4q_avg": 12.78,
            "equity": 1523876,
            "current_ratio": 270.43,
            "debt_ratio": 33.35,
            "inventory_turnover_ratio": 17.03,
            "account_receivable_turnover_ratio": 5.77,
            "reinvestment_rate": 1668.44,
            "research_to_sale_ratio": null,
            "price_fair": 27.65,
            "eps_avg_yearly": 0.79,
            "eps_latest_yearly": 0.96,
            "eps_growth_yearly": 59.03
        },
        "20124": {
            "year_quarter": 20124,
            "year": 2012,
            "quarter": 4,
            "eps": -0.11,
            "eps_growth_year": null,
            "eps_4q": -0.1,
            "eps_4q_growth_year": -199.17,
            "roe": -0.86,
            "roe_4q": -0.7699999999999998,
            "gross_profit": 46636,
            "gross_margin": 2.05,
            "gross_margin_4q_avg": 2.44,
            "net_income": -12989,
            "revenue": 2272871,
            "common_shares": 1217292,
            "book_valuer_per_share": 12.78,
            "book_valuer_per_share_4q_avg": 12.69,
            "equity": 1509989,
            "current_ratio": 282.22,
            "debt_ratio": 31.86,
            "inventory_turnover_ratio": 7.07,
            "account_receivable_turnover_ratio": 3.72,
            "reinvestment_rate": 629.71,
            "research_to_sale_ratio": null,
            "price_fair": 27.65,
            "eps_avg_yearly": 0.79,
            "eps_latest_yearly": 0.96,
            "eps_growth_yearly": 59.03
        },
        "20131": {
            "year_quarter": 20131,
            "year": 2013,
            "quarter": 1,
            "eps": 0.16,
            "eps_growth_year": null,
            "eps_4q": 0.39,
            "eps_4q_growth_year": null,
            "roe": 1.27,
            "roe_4q": 3.05,
            "gross_profit": 65958,
            "gross_margin": 2.27,
            "gross_margin_4q_avg": 2.35,
            "net_income": 19483,
            "revenue": 2911684,
            "common_shares": 1217292,
            "book_valuer_per_share": 13.19,
            "book_valuer_per_share_4q_avg": 12.81,
            "equity": 1558868,
            "current_ratio": 284.49,
            "debt_ratio": 31.56,
            "inventory_turnover_ratio": 9.28,
            "account_receivable_turnover_ratio": 4.67,
            "reinvestment_rate": 86.49,
            "research_to_sale_ratio": null,
            "price_fair": 27.65,
            "eps_avg_yearly": 0.79,
            "eps_latest_yearly": 0.96,
            "eps_growth_yearly": 59.03
        },
        "20132": {
            "year_quarter": 20132,
            "year": 2013,
            "quarter": 2,
            "eps": 0.15,
            "eps_growth_year": 67.79,
            "eps_4q": 0.45,
            "eps_4q_growth_year": 924.79,
            "roe": 1.12,
            "roe_4q": 3.47,
            "gross_profit": 73255,
            "gross_margin": 2.43,
            "gross_margin_4q_avg": 2.29,
            "net_income": 17591,
            "revenue": 3010055,
            "common_shares": 1217292,
            "book_valuer_per_share": 13.4,
            "book_valuer_per_share_4q_avg": 12.97,
            "equity": 1582983,
            "current_ratio": 283.09,
            "debt_ratio": 31.75,
            "inventory_turnover_ratio": 9.67,
            "account_receivable_turnover_ratio": 4.37,
            "reinvestment_rate": 119.57,
            "research_to_sale_ratio": null,
            "price_fair": 26.32,
            "eps_avg_yearly": 0.75,
            "eps_latest_yearly": 0.6,
            "eps_growth_yearly": 42.23
        },
        "20133": {
            "year_quarter": 20133,
            "year": 2013,
            "quarter": 3,
            "eps": 0.1,
            "eps_growth_year": -58.64,
            "eps_4q": 0.3,
            "eps_4q_growth_year": null,
            "roe": 0.73,
            "roe_4q": 2.2600000000000002,
            "gross_profit": 83290,
            "gross_margin": 2.41,
            "gross_margin_4q_avg": 2.29,
            "net_income": 11532,
            "revenue": 3453925,
            "common_shares": 1217292,
            "book_valuer_per_share": 13.44,
            "book_valuer_per_share_4q_avg": 13.2,
            "equity": 1587826,
            "current_ratio": 235.13,
            "debt_ratio": 38.28,
            "inventory_turnover_ratio": 9.22,
            "account_receivable_turnover_ratio": 4.19,
            "reinvestment_rate": 110.94,
            "research_to_sale_ratio": null,
            "price_fair": 27.16,
            "eps_avg_yearly": 0.78,
            "eps_latest_yearly": 0.4,
            "eps_growth_yearly": 83.64
        },
        "20134": {
            "year_quarter": 20134,
            "year": 2013,
            "quarter": 4,
            "eps": 0.08,
            "eps_growth_year": null,
            "eps_4q": 0.49,
            "eps_4q_growth_year": null,
            "roe": 0.58,
            "roe_4q": 3.7,
            "gross_profit": 70948,
            "gross_margin": 2.26,
            "gross_margin_4q_avg": 2.34,
            "net_income": 9249,
            "revenue": 3143695,
            "common_shares": 1217292,
            "book_valuer_per_share": 13.55,
            "book_valuer_per_share_4q_avg": 13.4,
            "equity": 1600927,
            "current_ratio": 238.04,
            "debt_ratio": 37.83,
            "inventory_turnover_ratio": 9.02,
            "account_receivable_turnover_ratio": 3.23,
            "reinvestment_rate": -304.27,
            "research_to_sale_ratio": null,
            "price_fair": 24.5,
            "eps_avg_yearly": 0.7,
            "eps_latest_yearly": 0.32,
            "eps_growth_yearly": 56.37
        },
        "20141": {
            "year_quarter": 20141,
            "year": 2014,
            "quarter": 1,
            "eps": 0.12,
            "eps_growth_year": -25,
            "eps_4q": 0.45,
            "eps_4q_growth_year": 13.49,
            "roe": 0.89,
            "roe_4q": 3.3200000000000003,
            "gross_profit": 68226,
            "gross_margin": 2.32,
            "gross_margin_4q_avg": 2.36,
            "net_income": 14386,
            "revenue": 2935700,
            "common_shares": 1217292,
            "book_valuer_per_share": 13.73,
            "book_valuer_per_share_4q_avg": 13.53,
            "equity": 1622997,
            "current_ratio": 224.84,
            "debt_ratio": 40.36,
            "inventory_turnover_ratio": 7.86,
            "account_receivable_turnover_ratio": 3.05,
            "reinvestment_rate": -336.01,
            "research_to_sale_ratio": null,
            "price_fair": 23.4,
            "eps_avg_yearly": 0.67,
            "eps_latest_yearly": 0.48,
            "eps_growth_yearly": 76.89
        },
        "20142": {
            "year_quarter": 20142,
            "year": 2014,
            "quarter": 2,
            "eps": 0.12,
            "eps_growth_year": -20,
            "eps_4q": 0.42,
            "eps_4q_growth_year": -8.08,
            "roe": 0.88,
            "roe_4q": 3.08,
            "gross_profit": 82690,
            "gross_margin": 2.4,
            "gross_margin_4q_avg": 2.35,
            "net_income": 14024,
            "revenue": 3441677,
            "common_shares": 1217292,
            "book_valuer_per_share": 13.37,
            "book_valuer_per_share_4q_avg": 13.52,
            "equity": 1579696,
            "current_ratio": 241.49,
            "debt_ratio": 37.6,
            "inventory_turnover_ratio": 7.23,
            "account_receivable_turnover_ratio": 3.42,
            "reinvestment_rate": -439.6,
            "research_to_sale_ratio": null,
            "price_fair": 20.6,
            "eps_avg_yearly": 0.59,
            "eps_latest_yearly": 0.48,
            "eps_growth_yearly": 80.97
        },
        "20143": {
            "year_quarter": 20143,
            "year": 2014,
            "quarter": 3,
            "eps": 0.13,
            "eps_growth_year": 30,
            "eps_4q": 0.45,
            "eps_4q_growth_year": 48.84,
            "roe": 0.96,
            "roe_4q": 3.31,
            "gross_profit": 80843,
            "gross_margin": 2.59,
            "gross_margin_4q_avg": 2.39,
            "net_income": 15352,
            "revenue": 3123110,
            "common_shares": 1181722,
            "book_valuer_per_share": 13.62,
            "book_valuer_per_share_4q_avg": 13.57,
            "equity": 1609571,
            "current_ratio": 244.65,
            "debt_ratio": 37.15,
            "inventory_turnover_ratio": 5.76,
            "account_receivable_turnover_ratio": 2.85,
            "reinvestment_rate": -476.52,
            "research_to_sale_ratio": null,
            "price_fair": 18.8,
            "eps_avg_yearly": 0.54,
            "eps_latest_yearly": 0.52,
            "eps_growth_yearly": 94.52
        },
        "20144": {
            "year_quarter": 20144,
            "year": 2014,
            "quarter": 4,
            "eps": 0.23,
            "eps_growth_year": 188.53,
            "eps_4q": 0.6,
            "eps_4q_growth_year": 21.77,
            "roe": 1.63,
            "roe_4q": 4.359999999999999,
            "gross_profit": 83642,
            "gross_margin": 2.67,
            "gross_margin_4q_avg": 2.5,
            "net_income": 26686,
            "revenue": 3128430,
            "common_shares": 1181722,
            "book_valuer_per_share": 14.09,
            "book_valuer_per_share_4q_avg": 13.7,
            "equity": 1665077,
            "current_ratio": 197.6,
            "debt_ratio": 46.73,
            "inventory_turnover_ratio": 5.72,
            "account_receivable_turnover_ratio": 2.27,
            "reinvestment_rate": -208.38,
            "research_to_sale_ratio": null,
            "price_fair": 20.48,
            "eps_avg_yearly": 0.59,
            "eps_latest_yearly": 0.92,
            "eps_growth_yearly": 121.17
        },
        "20151": {
            "year_quarter": 20151,
            "year": 2015,
            "quarter": 1,
            "eps": 0.03,
            "eps_growth_year": -75,
            "eps_4q": 0.51,
            "eps_4q_growth_year": 13.63,
            "roe": 0.23,
            "roe_4q": 3.6999999999999997,
            "gross_profit": 65133,
            "gross_margin": 3.02,
            "gross_margin_4q_avg": 2.67,
            "net_income": 3885,
            "revenue": 2159559,
            "common_shares": 1181722,
            "book_valuer_per_share": 14.05,
            "book_valuer_per_share_4q_avg": 13.78,
            "equity": 1660816,
            "current_ratio": 258.76,
            "debt_ratio": 35.03,
            "inventory_turnover_ratio": 4.31,
            "account_receivable_turnover_ratio": 1.71,
            "reinvestment_rate": -203.6,
            "research_to_sale_ratio": null,
            "price_fair": 18.67,
            "eps_avg_yearly": 0.53,
            "eps_latest_yearly": 0.12,
            "eps_growth_yearly": 69.06
        },
        "20152": {
            "year_quarter": 20152,
            "year": 2015,
            "quarter": 2,
            "eps": -0.03,
            "eps_growth_year": -125,
            "eps_4q": 0.36,
            "eps_4q_growth_year": -13.49,
            "roe": -0.21,
            "roe_4q": 2.61,
            "gross_profit": 49570,
            "gross_margin": 2.1,
            "gross_margin_4q_avg": 2.6,
            "net_income": -3369,
            "revenue": 2365802,
            "common_shares": 1181722,
            "book_valuer_per_share": 13.07,
            "book_valuer_per_share_4q_avg": 13.71,
            "equity": 1544128,
            "current_ratio": 250.08,
            "debt_ratio": 34.02,
            "inventory_turnover_ratio": 6.96,
            "account_receivable_turnover_ratio": 2.27,
            "reinvestment_rate": -106.53,
            "research_to_sale_ratio": null,
            "price_fair": 18.67,
            "eps_avg_yearly": 0.53,
            "eps_latest_yearly": 0.12,
            "eps_growth_yearly": 69.06
        },
        "20153": {
            "year_quarter": 20153,
            "year": 2015,
            "quarter": 3,
            "eps": 0.41,
            "eps_growth_year": 215.38,
            "eps_4q": 0.64,
            "eps_4q_growth_year": 42.26,
            "roe": 3.03,
            "roe_4q": 4.68,
            "gross_profit": 55994,
            "gross_margin": 2.72,
            "gross_margin_4q_avg": 2.63,
            "net_income": 48212,
            "revenue": 2060810,
            "common_shares": 1181722,
            "book_valuer_per_share": 13.84,
            "book_valuer_per_share_4q_avg": 13.76,
            "equity": 1636016,
            "current_ratio": 277.81,
            "debt_ratio": 30.8,
            "inventory_turnover_ratio": 8.73,
            "account_receivable_turnover_ratio": 1.73,
            "reinvestment_rate": 30.29,
            "research_to_sale_ratio": null,
            "price_fair": 18.67,
            "eps_avg_yearly": 0.53,
            "eps_latest_yearly": 0.12,
            "eps_growth_yearly": 69.06
        },
        "20154": {
            "year_quarter": 20154,
            "year": 2015,
            "quarter": 4,
            "eps": 0.06,
            "eps_growth_year": -71.77,
            "eps_4q": 0.48,
            "eps_4q_growth_year": -20.14,
            "roe": 0.46,
            "roe_4q": 3.51,
            "gross_profit": 53367,
            "gross_margin": 2.54,
            "gross_margin_4q_avg": 2.6,
            "net_income": 7533,
            "revenue": 2104912,
            "common_shares": 1181722,
            "book_valuer_per_share": 13.82,
            "book_valuer_per_share_4q_avg": 13.7,
            "equity": 1633014,
            "current_ratio": 244.94,
            "debt_ratio": 35.37,
            "inventory_turnover_ratio": 8.63,
            "account_receivable_turnover_ratio": 1.78,
            "reinvestment_rate": -42.84,
            "research_to_sale_ratio": null,
            "price_fair": 17.64,
            "eps_avg_yearly": 0.5,
            "eps_latest_yearly": 0.24,
            "eps_growth_yearly": 28.01
        },
        "20161": {
            "year_quarter": 20161,
            "year": 2016,
            "quarter": 1,
            "eps": -0.06,
            "eps_growth_year": -300,
            "eps_4q": 0.38,
            "eps_4q_growth_year": -24.41,
            "roe": -0.44,
            "roe_4q": 2.84,
            "gross_profit": 44374,
            "gross_margin": 2.7,
            "gross_margin_4q_avg": 2.52,
            "net_income": -7062,
            "revenue": 1643934,
            "common_shares": 1181722,
            "book_valuer_per_share": 13.66,
            "book_valuer_per_share_4q_avg": 13.6,
            "equity": 1613824,
            "current_ratio": 306.4,
            "debt_ratio": 27.67,
            "inventory_turnover_ratio": 5.58,
            "account_receivable_turnover_ratio": 1.52,
            "reinvestment_rate": -87.52,
            "research_to_sale_ratio": null,
            "price_fair": 17.64,
            "eps_avg_yearly": 0.5,
            "eps_latest_yearly": 0.24,
            "eps_growth_yearly": 28.01
        },
        "20162": {
            "year_quarter": 20162,
            "year": 2016,
            "quarter": 2,
            "eps": 0.09,
            "eps_growth_year": null,
            "eps_4q": 0.51,
            "eps_4q_growth_year": 40.45,
            "roe": 0.7,
            "roe_4q": 3.75,
            "gross_profit": 48554,
            "gross_margin": 1.95,
            "gross_margin_4q_avg": 2.48,
            "net_income": 11084,
            "revenue": 2495980,
            "common_shares": 1181722,
            "book_valuer_per_share": 13.15,
            "book_valuer_per_share_4q_avg": 13.62,
            "equity": 1553757,
            "current_ratio": 186.4,
            "debt_ratio": 47.62,
            "inventory_turnover_ratio": 5.37,
            "account_receivable_turnover_ratio": 1.88,
            "reinvestment_rate": -99.14,
            "research_to_sale_ratio": null,
            "price_fair": 17.64,
            "eps_avg_yearly": 0.5,
            "eps_latest_yearly": 0.24,
            "eps_growth_yearly": 28.01
        },
        "20163": {
            "year_quarter": 20163,
            "year": 2016,
            "quarter": 3,
            "eps": -0.06,
            "eps_growth_year": -114.63,
            "eps_4q": 0.03,
            "eps_4q_growth_year": -94.56,
            "roe": -0.48,
            "roe_4q": 0.24,
            "gross_profit": 51217,
            "gross_margin": 2.1,
            "gross_margin_4q_avg": 2.32,
            "net_income": -7453,
            "revenue": 2433758,
            "common_shares": 1181722,
            "book_valuer_per_share": 12.89,
            "book_valuer_per_share_4q_avg": 13.38,
            "equity": 1522783,
            "current_ratio": 162.77,
            "debt_ratio": 55.67,
            "inventory_turnover_ratio": 4.17,
            "account_receivable_turnover_ratio": 1.31,
            "reinvestment_rate": -111.24,
            "research_to_sale_ratio": null,
            "price_fair": 1.36,
            "eps_avg_yearly": 0.45,
            "eps_latest_yearly": 0.24,
            "eps_growth_yearly": -42.96
        },
        "20164": {
            "year_quarter": 20164,
            "year": 2016,
            "quarter": 4,
            "eps": 0.1,
            "eps_growth_year": 62.55,
            "eps_4q": 0.07,
            "eps_4q_growth_year": -84.33,
            "roe": 0.8,
            "roe_4q": 0.5800000000000001,
            "gross_profit": 50599,
            "gross_margin": 3.12,
            "gross_margin_4q_avg": 2.47,
            "net_income": 12245,
            "revenue": 1621896,
            "common_shares": 1181722,
            "book_valuer_per_share": 13.07,
            "book_valuer_per_share_4q_avg": 13.19,
            "equity": 1544472,
            "current_ratio": 216.12,
            "debt_ratio": 40.32,
            "inventory_turnover_ratio": 3.44,
            "account_receivable_turnover_ratio": 0.91,
            "reinvestment_rate": -85.54,
            "research_to_sale_ratio": null,
            "price_fair": 1.36,
            "eps_avg_yearly": 0.45,
            "eps_latest_yearly": 0.24,
            "eps_growth_yearly": -42.96
        },
        "20171": {
            "year_quarter": 20171,
            "year": 2017,
            "quarter": 1,
            "eps": -0.27,
            "eps_growth_year": null,
            "eps_4q": -0.14,
            "eps_4q_growth_year": -136.16,
            "roe": -2.14,
            "roe_4q": -1.12,
            "gross_profit": 40298,
            "gross_margin": 4.25,
            "gross_margin_4q_avg": 2.86,
            "net_income": -32263,
            "revenue": 948391,
            "common_shares": 1181722,
            "book_valuer_per_share": 12.43,
            "book_valuer_per_share_4q_avg": 12.89,
            "equity": 1468932,
            "current_ratio": 223.24,
            "debt_ratio": 38.65,
            "inventory_turnover_ratio": 2.36,
            "account_receivable_turnover_ratio": 0.69,
            "reinvestment_rate": 64.16,
            "research_to_sale_ratio": null,
            "price_fair": 1.36,
            "eps_avg_yearly": 0.45,
            "eps_latest_yearly": 0.24,
            "eps_growth_yearly": -42.96
        },
        "20172": {
            "year_quarter": 20172,
            "year": 2017,
            "quarter": 2,
            "eps": 0.04,
            "eps_growth_year": -55.56,
            "eps_4q": -0.2,
            "eps_4q_growth_year": -138.7,
            "roe": 0.29,
            "roe_4q": -1.53,
            "gross_profit": 32627,
            "gross_margin": 2.95,
            "gross_margin_4q_avg": 3.11,
            "net_income": 4339,
            "revenue": 1107430,
            "common_shares": 1181722,
            "book_valuer_per_share": 12.5,
            "book_valuer_per_share_4q_avg": 12.72,
            "equity": 1476998,
            "current_ratio": 263.96,
            "debt_ratio": 32.01,
            "inventory_turnover_ratio": 2.52,
            "account_receivable_turnover_ratio": 0.95,
            "reinvestment_rate": 62.16,
            "research_to_sale_ratio": null,
            "price_fair": 1.31,
            "eps_avg_yearly": 0.44,
            "eps_latest_yearly": 0.24,
            "eps_growth_yearly": -45.2
        },
        "20173": {
            "year_quarter": 20173,
            "year": 2017,
            "quarter": 3,
            "eps": -0.02,
            "eps_growth_year": null,
            "eps_4q": -0.15,
            "eps_4q_growth_year": -525.55,
            "roe": -0.12,
            "roe_4q": -1.1700000000000002,
            "gross_profit": 42352,
            "gross_margin": 3.27,
            "gross_margin_4q_avg": 3.4,
            "net_income": -1777,
            "revenue": 1296013,
            "common_shares": 1181722,
            "book_valuer_per_share": 12.49,
            "book_valuer_per_share_4q_avg": 12.62,
            "equity": 1475980,
            "current_ratio": 248.3,
            "debt_ratio": 34.18,
            "inventory_turnover_ratio": 3.25,
            "account_receivable_turnover_ratio": 1.2,
            "reinvestment_rate": -14.08,
            "research_to_sale_ratio": null,
            "price_fair": 1.32,
            "eps_avg_yearly": 0.44,
            "eps_latest_yearly": 0.24,
            "eps_growth_yearly": -32.61
        },
        "20174": {
            "year_quarter": 20174,
            "year": 2017,
            "quarter": 4,
            "eps": -0.07,
            "eps_growth_year": -166.3,
            "eps_4q": -0.32,
            "eps_4q_growth_year": -529.09,
            "roe": -0.55,
            "roe_4q": -2.52,
            "gross_profit": 43275,
            "gross_margin": 4.9,
            "gross_margin_4q_avg": 3.84,
            "net_income": -8119,
            "revenue": 883934,
            "common_shares": 1181722,
            "book_valuer_per_share": 12.36,
            "book_valuer_per_share_4q_avg": 12.45,
            "equity": 1460900,
            "current_ratio": 296.07,
            "debt_ratio": 28.19,
            "inventory_turnover_ratio": 2.31,
            "account_receivable_turnover_ratio": 0.92,
            "reinvestment_rate": -9.35,
            "research_to_sale_ratio": null,
            "price_fair": 1.38,
            "eps_avg_yearly": 0.46,
            "eps_latest_yearly": 0.24,
            "eps_growth_yearly": -24.71
        },
        "20181": {
            "year_quarter": 20181,
            "year": 2018,
            "quarter": 1,
            "eps": -0.4,
            "eps_growth_year": null,
            "eps_4q": -0.45,
            "eps_4q_growth_year": null,
            "roe": -3.32,
            "roe_4q": -3.7,
            "gross_profit": 7156,
            "gross_margin": 1.45,
            "gross_margin_4q_avg": 3.14,
            "net_income": -47580,
            "revenue": 494464,
            "common_shares": 1181722,
            "book_valuer_per_share": 11.86,
            "book_valuer_per_share_4q_avg": 12.3,
            "equity": 1401660,
            "current_ratio": 438.57,
            "debt_ratio": 18.39,
            "inventory_turnover_ratio": 1.29,
            "account_receivable_turnover_ratio": 0.68,
            "reinvestment_rate": -108.32,
            "research_to_sale_ratio": null,
            "price_fair": 1.37,
            "eps_avg_yearly": 0.46,
            "eps_latest_yearly": 0.24,
            "eps_growth_yearly": -69.65
        },
        "20182": {
            "year_quarter": 20182,
            "year": 2018,
            "quarter": 2,
            "eps": -0.42,
            "eps_growth_year": -1150,
            "eps_4q": -0.9,
            "eps_4q_growth_year": null,
            "roe": -3.54,
            "roe_4q": -7.529999999999999,
            "gross_profit": 11422,
            "gross_margin": 1.93,
            "gross_margin_4q_avg": 2.89,
            "net_income": -49070,
            "revenue": 591520,
            "common_shares": 1181722,
            "book_valuer_per_share": 11.57,
            "book_valuer_per_share_4q_avg": 12.07,
            "equity": 1366948,
            "current_ratio": 476.21,
            "debt_ratio": 17.01,
            "inventory_turnover_ratio": 1.86,
            "account_receivable_turnover_ratio": 0.89,
            "reinvestment_rate": null,
            "research_to_sale_ratio": null,
            "price_fair": 1.35,
            "eps_avg_yearly": 0.45,
            "eps_latest_yearly": 0.24,
            "eps_growth_yearly": -87.07
        },
        "20183": {
            "year_quarter": 20183,
            "year": 2018,
            "quarter": 3,
            "eps": -0.2,
            "eps_growth_year": null,
            "eps_4q": -1.09,
            "eps_4q_growth_year": null,
            "roe": -1.75,
            "roe_4q": -9.16,
            "gross_profit": 26350,
            "gross_margin": 5.19,
            "gross_margin_4q_avg": 3.37,
            "net_income": -23571,
            "revenue": 507741,
            "common_shares": 1181722,
            "book_valuer_per_share": 11.28,
            "book_valuer_per_share_4q_avg": 11.77,
            "equity": 1332728,
            "current_ratio": 562.04,
            "debt_ratio": 14.28,
            "inventory_turnover_ratio": 1.95,
            "account_receivable_turnover_ratio": 0.75,
            "reinvestment_rate": null,
            "research_to_sale_ratio": null,
            "price_fair": 1.28,
            "eps_avg_yearly": 0.43,
            "eps_latest_yearly": 0.24,
            "eps_growth_yearly": -127.2
        },
        "20184": {
            "year_quarter": 20184,
            "year": 2018,
            "quarter": 4,
            "eps": -0.3,
            "eps_growth_year": null,
            "eps_4q": -1.32,
            "eps_4q_growth_year": null,
            "roe": -2.69,
            "roe_4q": -11.299999999999999,
            "gross_profit": -8887,
            "gross_margin": -3.29,
            "gross_margin_4q_avg": 1.32,
            "net_income": -35457,
            "revenue": 270161,
            "common_shares": 1181722,
            "book_valuer_per_share": 11.01,
            "book_valuer_per_share_4q_avg": 11.43,
            "equity": 1300743,
            "current_ratio": 591.59,
            "debt_ratio": 13.37,
            "inventory_turnover_ratio": 1.28,
            "account_receivable_turnover_ratio": 0.49,
            "reinvestment_rate": null,
            "research_to_sale_ratio": null,
            "price_fair": 0.54,
            "eps_avg_yearly": 0.18,
            "eps_latest_yearly": 0.24,
            "eps_growth_yearly": -344.64
        },
        "20191": {
            "year_quarter": 20191,
            "year": 2019,
            "quarter": 1,
            "eps": 0.15,
            "eps_growth_year": null,
            "eps_4q": -0.76,
            "eps_4q_growth_year": null,
            "roe": 1.38,
            "roe_4q": -6.6,
            "gross_profit": 14895,
            "gross_margin": 6.92,
            "gross_margin_4q_avg": 2.69,
            "net_income": 18068,
            "revenue": 215202,
            "common_shares": 1181722,
            "book_valuer_per_share": 11.17,
            "book_valuer_per_share_4q_avg": 11.26,
            "equity": 1320067,
            "current_ratio": 1365.76,
            "debt_ratio": 6.24,
            "inventory_turnover_ratio": 1.17,
            "account_receivable_turnover_ratio": 0.56,
            "reinvestment_rate": null,
            "research_to_sale_ratio": null,
            "price_fair": 0.72,
            "eps_avg_yearly": 0.24,
            "eps_latest_yearly": 0.24,
            "eps_growth_yearly": -341.46
        },
        "20192": {
            "year_quarter": 20192,
            "year": 2019,
            "quarter": 2,
            "eps": 0.5,
            "eps_growth_year": null,
            "eps_4q": 0.15,
            "eps_4q_growth_year": null,
            "roe": 4.38,
            "roe_4q": 1.3199999999999998,
            "gross_profit": 6108,
            "gross_margin": 3.22,
            "gross_margin_4q_avg": 3.01,
            "net_income": 59122,
            "revenue": 189787,
            "common_shares": 1181722,
            "book_valuer_per_share": 11.66,
            "book_valuer_per_share_4q_avg": 11.28,
            "equity": 1378140,
            "current_ratio": 900.7,
            "debt_ratio": 9.37,
            "inventory_turnover_ratio": 1.61,
            "account_receivable_turnover_ratio": 0.73,
            "reinvestment_rate": null,
            "research_to_sale_ratio": null,
            "price_fair": 39.2,
            "eps_avg_yearly": 1.12,
            "eps_latest_yearly": 2,
            "eps_growth_yearly": 295.93
        },
        "20193": {
            "year_quarter": 20193,
            "year": 2019,
            "quarter": 3,
            "eps": 0.12,
            "eps_growth_year": null,
            "eps_4q": 0.47,
            "eps_4q_growth_year": null,
            "roe": 1,
            "roe_4q": 4.07,
            "gross_profit": 26878,
            "gross_margin": 9.47,
            "gross_margin_4q_avg": 4.08,
            "net_income": 13725,
            "revenue": 283803,
            "common_shares": 1181722,
            "book_valuer_per_share": 11.64,
            "book_valuer_per_share_4q_avg": 11.37,
            "equity": 1375455,
            "current_ratio": 1119.68,
            "debt_ratio": 7.67,
            "inventory_turnover_ratio": 3.12,
            "account_receivable_turnover_ratio": 1.23,
            "reinvestment_rate": null,
            "research_to_sale_ratio": null,
            "price_fair": 31.73,
            "eps_avg_yearly": 0.91,
            "eps_latest_yearly": 0.48,
            "eps_growth_yearly": 95.96
        },
        "20194": {
            "year_quarter": 20194,
            "year": 2019,
            "quarter": 4,
            "eps": -0.51,
            "eps_growth_year": null,
            "eps_4q": 0.26,
            "eps_4q_growth_year": null,
            "roe": -4.46,
            "roe_4q": 2.3,
            "gross_profit": -1178,
            "gross_margin": -0.64,
            "gross_margin_4q_avg": 4.74,
            "net_income": -60220,
            "revenue": 185423,
            "common_shares": 1181722,
            "book_valuer_per_share": 11.21,
            "book_valuer_per_share_4q_avg": 11.42,
            "equity": 1324724,
            "current_ratio": 1130.41,
            "debt_ratio": 7.36,
            "inventory_turnover_ratio": 1.95,
            "account_receivable_turnover_ratio": 0.73,
            "reinvestment_rate": null,
            "research_to_sale_ratio": null,
            "price_fair": 43.4,
            "eps_avg_yearly": 1.24,
            "eps_latest_yearly": 0.48,
            "eps_growth_yearly": 314.67
        },
        "20201": {
            "year_quarter": 20201,
            "year": 2020,
            "quarter": 1,
            "eps": 0.04,
            "eps_growth_year": -73.33,
            "eps_4q": 0.15,
            "eps_4q_growth_year": null,
            "roe": 0.38,
            "roe_4q": 1.2999999999999998,
            "gross_profit": 13404,
            "gross_margin": 4.89,
            "gross_margin_4q_avg": 4.24,
            "net_income": 4993,
            "revenue": 273837,
            "common_shares": 1181722,
            "book_valuer_per_share": 11.24,
            "book_valuer_per_share_4q_avg": 11.44,
            "equity": 1327769,
            "current_ratio": 1008.75,
            "debt_ratio": 8.24,
            "inventory_turnover_ratio": 2.07,
            "account_receivable_turnover_ratio": 1.12,
            "reinvestment_rate": null,
            "research_to_sale_ratio": null,
            "price_fair": 43.4,
            "eps_avg_yearly": 1.24,
            "eps_latest_yearly": 0.48,
            "eps_growth_yearly": 314.67
        },
        "20202": {
            "year_quarter": 20202,
            "year": 2020,
            "quarter": 2,
            "eps": -0.09,
            "eps_growth_year": -118,
            "eps_4q": -0.44,
            "eps_4q_growth_year": -385.4,
            "roe": -0.78,
            "roe_4q": -3.8600000000000003,
            "gross_profit": 9678,
            "gross_margin": 4.02,
            "gross_margin_4q_avg": 4.44,
            "net_income": -10333,
            "revenue": 240989,
            "common_shares": 1181722,
            "book_valuer_per_share": 11.11,
            "book_valuer_per_share_4q_avg": 11.3,
            "equity": 1312776,
            "current_ratio": 836.88,
            "debt_ratio": 9.86,
            "inventory_turnover_ratio": 1.69,
            "account_receivable_turnover_ratio": 1.04,
            "reinvestment_rate": null,
            "research_to_sale_ratio": null,
            "price_fair": 43.4,
            "eps_avg_yearly": 1.24,
            "eps_latest_yearly": 0.48,
            "eps_growth_yearly": 314.67
        },
        "20203": {
            "year_quarter": 20203,
            "year": 2020,
            "quarter": 3,
            "eps": -0.16,
            "eps_growth_year": -233.33,
            "eps_4q": -0.72,
            "eps_4q_growth_year": -253.04,
            "roe": -1.48,
            "roe_4q": -6.34,
            "gross_profit": -4512,
            "gross_margin": -2,
            "gross_margin_4q_avg": 1.57,
            "net_income": -19314,
            "revenue": 225767,
            "common_shares": 1181722,
            "book_valuer_per_share": 10.98,
            "book_valuer_per_share_4q_avg": 11.14,
            "equity": 1297447,
            "current_ratio": 618.16,
            "debt_ratio": 13.32,
            "inventory_turnover_ratio": 1.23,
            "account_receivable_turnover_ratio": 1.04,
            "reinvestment_rate": null,
            "research_to_sale_ratio": null,
            "price_fair": 43.4,
            "eps_avg_yearly": 1.24,
            "eps_latest_yearly": 0.48,
            "eps_growth_yearly": 314.67
        },
        "20204": {
            "year_quarter": 20204,
            "year": 2020,
            "quarter": 4,
            "eps": -0.04,
            "eps_growth_year": null,
            "eps_4q": -0.25,
            "eps_4q_growth_year": -195.28,
            "roe": -0.35,
            "roe_4q": -2.2300000000000004,
            "gross_profit": 23387,
            "gross_margin": 7.94,
            "gross_margin_4q_avg": 3.71,
            "net_income": -4591,
            "revenue": 294570,
            "common_shares": 1181722,
            "book_valuer_per_share": 11.01,
            "book_valuer_per_share_4q_avg": 11.09,
            "equity": 1301133,
            "current_ratio": 545.64,
            "debt_ratio": 15.06,
            "inventory_turnover_ratio": 1.32,
            "account_receivable_turnover_ratio": 1.15,
            "reinvestment_rate": null,
            "research_to_sale_ratio": null,
            "price_fair": 43.4,
            "eps_avg_yearly": 1.24,
            "eps_latest_yearly": 0.48,
            "eps_growth_yearly": 314.67
        },
        "20211": {
            "year_quarter": 20211,
            "year": 2021,
            "quarter": 1,
            "eps": 0.04,
            "eps_growth_year": 0,
            "eps_4q": -0.25,
            "eps_4q_growth_year": -267.26,
            "roe": 0.37,
            "roe_4q": -2.24,
            "gross_profit": 21791,
            "gross_margin": 6.75,
            "gross_margin_4q_avg": 4.18,
            "net_income": 4767,
            "revenue": 322871,
            "common_shares": 1181722,
            "book_valuer_per_share": 11.04,
            "book_valuer_per_share_4q_avg": 11.04,
            "equity": 1305131,
            "current_ratio": 571.43,
            "debt_ratio": 14.45,
            "inventory_turnover_ratio": 1.89,
            "account_receivable_turnover_ratio": 0.98,
            "reinvestment_rate": null,
            "research_to_sale_ratio": null,
            "price_fair": 43.4,
            "eps_avg_yearly": 1.24,
            "eps_latest_yearly": 0.48,
            "eps_growth_yearly": 314.67
        },
        "20212": {
            "year_quarter": 20212,
            "year": 2021,
            "quarter": 2,
            "eps": 0.36,
            "eps_growth_year": null,
            "eps_4q": 0.2,
            "eps_4q_growth_year": null,
            "roe": 3.21,
            "roe_4q": 1.75,
            "gross_profit": 61390,
            "gross_margin": 15.65,
            "gross_margin_4q_avg": 7.09,
            "net_income": 42553,
            "revenue": 392246,
            "common_shares": 1181722,
            "book_valuer_per_share": 11.39,
            "book_valuer_per_share_4q_avg": 11.11,
            "equity": 1345623,
            "current_ratio": 558.22,
            "debt_ratio": 14.97,
            "inventory_turnover_ratio": 2.09,
            "account_receivable_turnover_ratio": 1.01,
            "reinvestment_rate": null,
            "research_to_sale_ratio": null,
            "price_fair": 45.73,
            "eps_avg_yearly": 1.31,
            "eps_latest_yearly": 1.44,
            "eps_growth_yearly": 1276.44
        },
        "20213": {
            "year_quarter": 20213,
            "year": 2021,
            "quarter": 3,
            "eps": 0.29,
            "eps_growth_year": null,
            "eps_4q": 0.65,
            "eps_4q_growth_year": null,
            "roe": 2.47,
            "roe_4q": 5.7,
            "gross_profit": 51899,
            "gross_margin": 12.02,
            "gross_margin_4q_avg": 10.59,
            "net_income": 33698,
            "revenue": 431764,
            "common_shares": 1181722,
            "book_valuer_per_share": 11.67,
            "book_valuer_per_share_4q_avg": 11.28,
            "equity": 1378976,
            "current_ratio": 595.41,
            "debt_ratio": 14.11,
            "inventory_turnover_ratio": 1.33,
            "account_receivable_turnover_ratio": 1.1,
            "reinvestment_rate": null,
            "research_to_sale_ratio": null,
            "price_fair": 44.45,
            "eps_avg_yearly": 1.27,
            "eps_latest_yearly": 1.16,
            "eps_growth_yearly": 937.89
        },
        "20214": {
            "year_quarter": 20214,
            "year": 2021,
            "quarter": 4,
            "eps": -0.04,
            "eps_growth_year": null,
            "eps_4q": 0.64,
            "eps_4q_growth_year": null,
            "roe": -0.39,
            "roe_4q": 5.66,
            "gross_profit": 21180,
            "gross_margin": 4.56,
            "gross_margin_4q_avg": 9.75,
            "net_income": -5312,
            "revenue": 463960,
            "common_shares": 1181722,
            "book_valuer_per_share": 11.65,
            "book_valuer_per_share_4q_avg": 11.44,
            "equity": 1376842,
            "current_ratio": 505.14,
            "debt_ratio": 16.71,
            "inventory_turnover_ratio": 1.02,
            "account_receivable_turnover_ratio": 1.19,
            "reinvestment_rate": null,
            "research_to_sale_ratio": null,
            "price_fair": 44.45,
            "eps_avg_yearly": 1.27,
            "eps_latest_yearly": 1.16,
            "eps_growth_yearly": 937.89
        },
        "20221": {
            "year_quarter": 20221,
            "year": 2022,
            "quarter": 1,
            "eps": 0.09,
            "eps_growth_year": 125,
            "eps_4q": 0.69,
            "eps_4q_growth_year": null,
            "roe": 0.73,
            "roe_4q": 6.02,
            "gross_profit": 15859,
            "gross_margin": 4.23,
            "gross_margin_4q_avg": 9.12,
            "net_income": 10084,
            "revenue": 375296,
            "common_shares": 1181722,
            "book_valuer_per_share": 11.81,
            "book_valuer_per_share_4q_avg": 11.63,
            "equity": 1395224,
            "current_ratio": 554.82,
            "debt_ratio": 15.37,
            "inventory_turnover_ratio": 0.65,
            "account_receivable_turnover_ratio": 0.99,
            "reinvestment_rate": null,
            "research_to_sale_ratio": null,
            "price_fair": 44.45,
            "eps_avg_yearly": 1.27,
            "eps_latest_yearly": 1.16,
            "eps_growth_yearly": 937.89
        },
        "20222": {
            "year_quarter": 20222,
            "year": 2022,
            "quarter": 2,
            "eps": 0.08,
            "eps_growth_year": -77.78,
            "eps_4q": 0.41,
            "eps_4q_growth_year": 105.3,
            "roe": 0.69,
            "roe_4q": 3.5,
            "gross_profit": 26085,
            "gross_margin": 7.94,
            "gross_margin_4q_avg": 7.19,
            "net_income": 9600,
            "revenue": 328663,
            "common_shares": 1181722,
            "book_valuer_per_share": 11.84,
            "book_valuer_per_share_4q_avg": 11.74,
            "equity": 1399748,
            "current_ratio": 456.72,
            "debt_ratio": 18.78,
            "inventory_turnover_ratio": 0.45,
            "account_receivable_turnover_ratio": 0.88,
            "reinvestment_rate": -125.59,
            "research_to_sale_ratio": null,
            "price_fair": 37.8,
            "eps_avg_yearly": 1.08,
            "eps_latest_yearly": 0.32,
            "eps_growth_yearly": 741.42
        },
        "20223": {
            "year_quarter": 20223,
            "year": 2022,
            "quarter": 3,
            "eps": 0.25,
            "eps_growth_year": -13.79,
            "eps_4q": 0.37,
            "eps_4q_growth_year": -42.96,
            "roe": 2.07,
            "roe_4q": 3.0999999999999996,
            "gross_profit": 13879,
            "gross_margin": 4.03,
            "gross_margin_4q_avg": 5.19,
            "net_income": 29219,
            "revenue": 344547,
            "common_shares": 1181722,
            "book_valuer_per_share": 12.1,
            "book_valuer_per_share_4q_avg": 11.85,
            "equity": 1429448,
            "current_ratio": 728.11,
            "debt_ratio": 11.87,
            "inventory_turnover_ratio": 0.51,
            "account_receivable_turnover_ratio": 0.85,
            "reinvestment_rate": -33.9,
            "research_to_sale_ratio": null,
            "price_fair": 37.33,
            "eps_avg_yearly": 1.07,
            "eps_latest_yearly": 1,
            "eps_growth_yearly": 759.52
        },
        "20224": {
            "year_quarter": 20224,
            "year": 2022,
            "quarter": 4,
            "eps": -0.34,
            "eps_growth_year": null,
            "eps_4q": 0.07,
            "eps_4q_growth_year": -88.34,
            "roe": -2.85,
            "roe_4q": 0.6399999999999997,
            "gross_profit": -22632,
            "gross_margin": -11.19,
            "gross_margin_4q_avg": 1.25,
            "net_income": -40079,
            "revenue": 202202,
            "common_shares": 1181722,
            "book_valuer_per_share": 11.73,
            "book_valuer_per_share_4q_avg": 11.87,
            "equity": 1385619,
            "current_ratio": 747.16,
            "debt_ratio": 11.67,
            "inventory_turnover_ratio": 0.42,
            "account_receivable_turnover_ratio": 0.63,
            "reinvestment_rate": -35.39,
            "research_to_sale_ratio": null,
            "price_fair": 37.33,
            "eps_avg_yearly": 1.07,
            "eps_latest_yearly": 1,
            "eps_growth_yearly": 759.52
        },
        "20231": {
            "year_quarter": 20231,
            "year": 2023,
            "quarter": 1,
            "eps": -0.11,
            "eps_growth_year": -222.22,
            "eps_4q": -0.12,
            "eps_4q_growth_year": -117.26,
            "roe": -0.92,
            "roe_4q": -1.0100000000000002,
            "gross_profit": -1333,
            "gross_margin": -0.63,
            "gross_margin_4q_avg": 0.04,
            "net_income": -12721,
            "revenue": 211487,
            "common_shares": 1181722,
            "book_valuer_per_share": 11.63,
            "book_valuer_per_share_4q_avg": 11.83,
            "equity": 1374692,
            "current_ratio": 749.33,
            "debt_ratio": 11.62,
            "inventory_turnover_ratio": 0.46,
            "account_receivable_turnover_ratio": 0.92,
            "reinvestment_rate": -54.49,
            "research_to_sale_ratio": null,
            "price_fair": 37.33,
            "eps_avg_yearly": 1.07,
            "eps_latest_yearly": 1,
            "eps_growth_yearly": 759.52
        }
    },
    "months": {
        "2003-10": {
            "month": "2003-10",
            "price": "20.73",
            "revenue": 342915
        },
        "2003-11": {
            "month": "2003-11",
            "price": "23.60",
            "revenue": 306218
        },
        "2003-12": {
            "month": "2003-12",
            "price": "25.62",
            "revenue": 276175
        },
        "2004-01": {
            "month": "2004-01",
            "price": "25.59",
            "revenue": 261868
        },
        "2004-02": {
            "month": "2004-02",
            "price": "25.48",
            "revenue": 219385
        },
        "2004-03": {
            "month": "2004-03",
            "price": "22.49",
            "revenue": 280478
        },
        "2004-04": {
            "month": "2004-04",
            "price": "24.44",
            "revenue": 282477
        },
        "2004-05": {
            "month": "2004-05",
            "price": "21.82",
            "revenue": 349046
        },
        "2004-06": {
            "month": "2004-06",
            "price": "19.38",
            "revenue": 294293
        },
        "2004-07": {
            "month": "2004-07",
            "price": "16.22",
            "revenue": 354640
        },
        "2004-08": {
            "month": "2004-08",
            "price": "15.41",
            "revenue": 314668
        },
        "2004-09": {
            "month": "2004-09",
            "price": "15.18",
            "revenue": 347260
        },
        "2004-10": {
            "month": "2004-10",
            "price": "14.74",
            "revenue": 314409
        },
        "2004-11": {
            "month": "2004-11",
            "price": "12.55",
            "revenue": 301101
        },
        "2004-12": {
            "month": "2004-12",
            "price": "10.24",
            "revenue": 287265
        },
        "2005-01": {
            "month": "2005-01",
            "price": "9.76",
            "revenue": 275545
        },
        "2005-02": {
            "month": "2005-02",
            "price": "11.36",
            "revenue": 210610
        },
        "2005-03": {
            "month": "2005-03",
            "price": "13.29",
            "revenue": 280925
        },
        "2005-04": {
            "month": "2005-04",
            "price": "15.71",
            "revenue": 250952
        },
        "2005-05": {
            "month": "2005-05",
            "price": "14.56",
            "revenue": 235432
        },
        "2005-06": {
            "month": "2005-06",
            "price": "14.23",
            "revenue": 231702
        },
        "2005-07": {
            "month": "2005-07",
            "price": "14.49",
            "revenue": 270534
        },
        "2005-08": {
            "month": "2005-08",
            "price": "13.62",
            "revenue": 442527
        },
        "2005-09": {
            "month": "2005-09",
            "price": "14.60",
            "revenue": 444516
        },
        "2005-10": {
            "month": "2005-10",
            "price": "14.52",
            "revenue": 448249
        },
        "2005-11": {
            "month": "2005-11",
            "price": "14.65",
            "revenue": 489593
        },
        "2005-12": {
            "month": "2005-12",
            "price": "14.68",
            "revenue": 427533
        },
        "2006-01": {
            "month": "2006-01",
            "price": "14.86",
            "revenue": 380186
        },
        "2006-02": {
            "month": "2006-02",
            "price": "14.82",
            "revenue": 340859
        },
        "2006-03": {
            "month": "2006-03",
            "price": "14.71",
            "revenue": 431162
        },
        "2006-04": {
            "month": "2006-04",
            "price": "14.67",
            "revenue": 403968
        },
        "2006-05": {
            "month": "2006-05",
            "price": "14.94",
            "revenue": 396073
        },
        "2006-06": {
            "month": "2006-06",
            "price": "15.65",
            "revenue": 380701
        },
        "2006-07": {
            "month": "2006-07",
            "price": "14.16",
            "revenue": 420596
        },
        "2006-08": {
            "month": "2006-08",
            "price": "13.26",
            "revenue": 533326
        },
        "2006-09": {
            "month": "2006-09",
            "price": "13.03",
            "revenue": 642314
        },
        "2006-10": {
            "month": "2006-10",
            "price": "13.20",
            "revenue": 529389
        },
        "2006-11": {
            "month": "2006-11",
            "price": "13.26",
            "revenue": 616745
        },
        "2006-12": {
            "month": "2006-12",
            "price": "17.95",
            "revenue": 599082
        },
        "2007-01": {
            "month": "2007-01",
            "price": "18.49",
            "revenue": 651730
        },
        "2007-02": {
            "month": "2007-02",
            "price": "21.12",
            "revenue": 395369
        },
        "2007-03": {
            "month": "2007-03",
            "price": "21.39",
            "revenue": 811993
        },
        "2007-04": {
            "month": "2007-04",
            "price": "23.76",
            "revenue": 683474
        },
        "2007-05": {
            "month": "2007-05",
            "price": "21.35",
            "revenue": 708720
        },
        "2007-06": {
            "month": "2007-06",
            "price": "22.22",
            "revenue": 849247
        },
        "2007-07": {
            "month": "2007-07",
            "price": "23.98",
            "revenue": 980232
        },
        "2007-08": {
            "month": "2007-08",
            "price": "23.33",
            "revenue": 1268870
        },
        "2007-09": {
            "month": "2007-09",
            "price": "23.98",
            "revenue": 1162223
        },
        "2007-10": {
            "month": "2007-10",
            "price": "24.47",
            "revenue": 878445
        },
        "2007-11": {
            "month": "2007-11",
            "price": "26.89",
            "revenue": 881201
        },
        "2007-12": {
            "month": "2007-12",
            "price": "23.05",
            "revenue": 787822
        },
        "2008-01": {
            "month": "2008-01",
            "price": "21.36",
            "revenue": 815378
        },
        "2008-02": {
            "month": "2008-02",
            "price": "21.09",
            "revenue": 549458
        },
        "2008-03": {
            "month": "2008-03",
            "price": "23.53",
            "revenue": 1043394
        },
        "2008-04": {
            "month": "2008-04",
            "price": "25.96",
            "revenue": 1044412
        },
        "2008-05": {
            "month": "2008-05",
            "price": "24.60",
            "revenue": 1270583
        },
        "2008-06": {
            "month": "2008-06",
            "price": "26.70",
            "revenue": 1273511
        },
        "2008-07": {
            "month": "2008-07",
            "price": "26.26",
            "revenue": 1614481
        },
        "2008-08": {
            "month": "2008-08",
            "price": "25.34",
            "revenue": 1693966
        },
        "2008-09": {
            "month": "2008-09",
            "price": "15.77",
            "revenue": 1796315
        },
        "2008-10": {
            "month": "2008-10",
            "price": "11.20",
            "revenue": 1239115
        },
        "2008-11": {
            "month": "2008-11",
            "price": "11.76",
            "revenue": 911780
        },
        "2008-12": {
            "month": "2008-12",
            "price": "9.85",
            "revenue": 1146303
        },
        "2009-01": {
            "month": "2009-01",
            "price": "9.45",
            "revenue": 1041349
        },
        "2009-02": {
            "month": "2009-02",
            "price": "11.15",
            "revenue": 1325514
        },
        "2009-03": {
            "month": "2009-03",
            "price": "15.73",
            "revenue": 1477100
        },
        "2009-04": {
            "month": "2009-04",
            "price": "22.71",
            "revenue": 1401032
        },
        "2009-05": {
            "month": "2009-05",
            "price": "18.18",
            "revenue": 1194303
        },
        "2009-06": {
            "month": "2009-06",
            "price": "15.92",
            "revenue": 1188509
        },
        "2009-07": {
            "month": "2009-07",
            "price": "16.89",
            "revenue": 1417805
        },
        "2009-08": {
            "month": "2009-08",
            "price": "16.32",
            "revenue": 1713535
        },
        "2009-09": {
            "month": "2009-09",
            "price": "15.19",
            "revenue": 1743207
        },
        "2009-10": {
            "month": "2009-10",
            "price": "15.21",
            "revenue": 1052882
        },
        "2009-11": {
            "month": "2009-11",
            "price": "13.68",
            "revenue": 1140705
        },
        "2009-12": {
            "month": "2009-12",
            "price": "14.23",
            "revenue": 1173789
        },
        "2010-01": {
            "month": "2010-01",
            "price": "14.40",
            "revenue": 1317458
        },
        "2010-02": {
            "month": "2010-02",
            "price": "12.46",
            "revenue": 568226
        },
        "2010-03": {
            "month": "2010-03",
            "price": "12.97",
            "revenue": 1521691
        },
        "2010-04": {
            "month": "2010-04",
            "price": "13.48",
            "revenue": 1631881
        },
        "2010-05": {
            "month": "2010-05",
            "price": "12.82",
            "revenue": 1054124
        },
        "2010-06": {
            "month": "2010-06",
            "price": "12.23",
            "revenue": 918800
        },
        "2010-07": {
            "month": "2010-07",
            "price": "12.51",
            "revenue": 1052049
        },
        "2010-08": {
            "month": "2010-08",
            "price": "12.42",
            "revenue": 1191282
        },
        "2010-09": {
            "month": "2010-09",
            "price": "11.42",
            "revenue": 1190076
        },
        "2010-10": {
            "month": "2010-10",
            "price": "11.13",
            "revenue": 669190
        },
        "2010-11": {
            "month": "2010-11",
            "price": "10.48",
            "revenue": 783293
        },
        "2010-12": {
            "month": "2010-12",
            "price": "10.77",
            "revenue": 984209
        },
        "2011-01": {
            "month": "2011-01",
            "price": "10.57",
            "revenue": 676151
        },
        "2011-02": {
            "month": "2011-02",
            "price": "10.16",
            "revenue": 393871
        },
        "2011-03": {
            "month": "2011-03",
            "price": "9.62",
            "revenue": 904281
        },
        "2011-04": {
            "month": "2011-04",
            "price": "9.09",
            "revenue": 548925
        },
        "2011-05": {
            "month": "2011-05",
            "price": "8.35",
            "revenue": 523707
        },
        "2011-06": {
            "month": "2011-06",
            "price": "8.49",
            "revenue": 646667
        },
        "2011-07": {
            "month": "2011-07",
            "price": "8.26",
            "revenue": 885679
        },
        "2011-08": {
            "month": "2011-08",
            "price": "7.08",
            "revenue": 849849
        },
        "2011-09": {
            "month": "2011-09",
            "price": "7.07",
            "revenue": 900381
        },
        "2011-10": {
            "month": "2011-10",
            "price": "6.94",
            "revenue": 578196
        },
        "2011-11": {
            "month": "2011-11",
            "price": "6.86",
            "revenue": 631488
        },
        "2011-12": {
            "month": "2011-12",
            "price": "5.98",
            "revenue": 751882
        },
        "2012-01": {
            "month": "2012-01",
            "price": "5.85",
            "revenue": 286513
        },
        "2012-02": {
            "month": "2012-02",
            "price": "7.00",
            "revenue": 669779
        },
        "2012-03": {
            "month": "2012-03",
            "price": "6.75",
            "revenue": 904777
        },
        "2012-04": {
            "month": "2012-04",
            "price": "6.40",
            "revenue": 637851
        },
        "2012-05": {
            "month": "2012-05",
            "price": "6.01",
            "revenue": 724387
        },
        "2012-06": {
            "month": "2012-06",
            "price": "6.04",
            "revenue": 850683
        },
        "2012-07": {
            "month": "2012-07",
            "price": "6.33",
            "revenue": 1254044
        },
        "2012-08": {
            "month": "2012-08",
            "price": "6.73",
            "revenue": 1324294
        },
        "2012-09": {
            "month": "2012-09",
            "price": "8.02",
            "revenue": 1457069
        },
        "2012-10": {
            "month": "2012-10",
            "price": "7.83",
            "revenue": 800882
        },
        "2012-11": {
            "month": "2012-11",
            "price": "7.17",
            "revenue": 744655
        },
        "2012-12": {
            "month": "2012-12",
            "price": "7.11",
            "revenue": 764836
        },
        "2013-01": {
            "month": "2013-01",
            "price": "7.11",
            "revenue": 1075998
        },
        "2013-02": {
            "month": "2013-02",
            "price": "7.16",
            "revenue": 471067
        },
        "2013-03": {
            "month": "2013-03",
            "price": "7.32",
            "revenue": 1364620
        },
        "2013-04": {
            "month": "2013-04",
            "price": "7.49",
            "revenue": 1106545
        },
        "2013-05": {
            "month": "2013-05",
            "price": "8.36",
            "revenue": 1041179
        },
        "2013-06": {
            "month": "2013-06",
            "price": "8.66",
            "revenue": 862330
        },
        "2013-07": {
            "month": "2013-07",
            "price": "8.01",
            "revenue": 1064227
        },
        "2013-08": {
            "month": "2013-08",
            "price": "7.81",
            "revenue": 1290568
        },
        "2013-09": {
            "month": "2013-09",
            "price": "8.32",
            "revenue": 1099130
        },
        "2013-10": {
            "month": "2013-10",
            "price": "9.13",
            "revenue": 985180
        },
        "2013-11": {
            "month": "2013-11",
            "price": "8.37",
            "revenue": 1049310
        },
        "2013-12": {
            "month": "2013-12",
            "price": "8.85",
            "revenue": 1109205
        },
        "2014-01": {
            "month": "2014-01",
            "price": "9.90",
            "revenue": 828078
        },
        "2014-02": {
            "month": "2014-02",
            "price": "12.55",
            "revenue": 925776
        },
        "2014-03": {
            "month": "2014-03",
            "price": "12.56",
            "revenue": 1181846
        },
        "2014-04": {
            "month": "2014-04",
            "price": "11.03",
            "revenue": 1179294
        },
        "2014-05": {
            "month": "2014-05",
            "price": "10.46",
            "revenue": 1208010
        },
        "2014-06": {
            "month": "2014-06",
            "price": "10.81",
            "revenue": 1053203
        },
        "2014-07": {
            "month": "2014-07",
            "price": "10.26",
            "revenue": 1066096
        },
        "2014-08": {
            "month": "2014-08",
            "price": "9.81",
            "revenue": 1002615
        },
        "2014-09": {
            "month": "2014-09",
            "price": "9.39",
            "revenue": 1054854
        },
        "2014-10": {
            "month": "2014-10",
            "price": "8.98",
            "revenue": 1157276
        },
        "2014-11": {
            "month": "2014-11",
            "price": "8.65",
            "revenue": 878080
        },
        "2014-12": {
            "month": "2014-12",
            "price": "9.05",
            "revenue": 1118305
        },
        "2015-01": {
            "month": "2015-01",
            "price": "9.38",
            "revenue": 1049035
        },
        "2015-02": {
            "month": "2015-02",
            "price": "9.40",
            "revenue": 410503
        },
        "2015-03": {
            "month": "2015-03",
            "price": "9.68",
            "revenue": 700021
        },
        "2015-04": {
            "month": "2015-04",
            "price": "9.12",
            "revenue": 855807
        },
        "2015-05": {
            "month": "2015-05",
            "price": "9.51",
            "revenue": 744801
        },
        "2015-06": {
            "month": "2015-06",
            "price": "9.07",
            "revenue": 765193
        },
        "2015-07": {
            "month": "2015-07",
            "price": "8.79",
            "revenue": 635473
        },
        "2015-08": {
            "month": "2015-08",
            "price": "7.22",
            "revenue": 766969
        },
        "2015-09": {
            "month": "2015-09",
            "price": "6.54",
            "revenue": 658368
        },
        "2015-10": {
            "month": "2015-10",
            "price": "7.06",
            "revenue": 796697
        },
        "2015-11": {
            "month": "2015-11",
            "price": "7.43",
            "revenue": 663457
        },
        "2015-12": {
            "month": "2015-12",
            "price": "6.84",
            "revenue": 645498
        },
        "2016-01": {
            "month": "2016-01",
            "price": "6.17",
            "revenue": 729061
        },
        "2016-02": {
            "month": "2016-02",
            "price": "6.48",
            "revenue": 353582
        },
        "2016-03": {
            "month": "2016-03",
            "price": "7.16",
            "revenue": 561316
        },
        "2016-04": {
            "month": "2016-04",
            "price": "7.20",
            "revenue": 804958
        },
        "2016-05": {
            "month": "2016-05",
            "price": "6.87",
            "revenue": 877721
        },
        "2016-06": {
            "month": "2016-06",
            "price": "7.06",
            "revenue": 813311
        },
        "2016-07": {
            "month": "2016-07",
            "price": "7.48",
            "revenue": 713330
        },
        "2016-08": {
            "month": "2016-08",
            "price": "7.61",
            "revenue": 940585
        },
        "2016-09": {
            "month": "2016-09",
            "price": "7.20",
            "revenue": 779724
        },
        "2016-10": {
            "month": "2016-10",
            "price": "7.44",
            "revenue": 534018
        },
        "2016-11": {
            "month": "2016-11",
            "price": "7.02",
            "revenue": 602623
        },
        "2016-12": {
            "month": "2016-12",
            "price": "7.18",
            "revenue": 485324
        },
        "2017-01": {
            "month": "2017-01",
            "price": "7.46",
            "revenue": 211597
        },
        "2017-02": {
            "month": "2017-02",
            "price": "7.43",
            "revenue": 312259
        },
        "2017-03": {
            "month": "2017-03",
            "price": "7.42",
            "revenue": 424566
        },
        "2017-04": {
            "month": "2017-04",
            "price": "6.95",
            "revenue": 337401
        },
        "2017-05": {
            "month": "2017-05",
            "price": "6.75",
            "revenue": 272023
        },
        "2017-06": {
            "month": "2017-06",
            "price": "6.77",
            "revenue": 497951
        },
        "2017-07": {
            "month": "2017-07",
            "price": "6.98",
            "revenue": 394115
        },
        "2017-08": {
            "month": "2017-08",
            "price": "6.90",
            "revenue": 355472
        },
        "2017-09": {
            "month": "2017-09",
            "price": "6.95",
            "revenue": 546220
        },
        "2017-10": {
            "month": "2017-10",
            "price": "6.93",
            "revenue": 361844
        },
        "2017-11": {
            "month": "2017-11",
            "price": "6.94",
            "revenue": 271974
        },
        "2017-12": {
            "month": "2017-12",
            "price": "6.85",
            "revenue": 250347
        },
        "2018-01": {
            "month": "2018-01",
            "price": "6.98",
            "revenue": 211334
        },
        "2018-02": {
            "month": "2018-02",
            "price": "7.19",
            "revenue": 83297
        },
        "2018-03": {
            "month": "2018-03",
            "price": "7.67",
            "revenue": 199637
        },
        "2018-04": {
            "month": "2018-04",
            "price": "7.36",
            "revenue": 184860
        },
        "2018-05": {
            "month": "2018-05",
            "price": "7.10",
            "revenue": 180171
        },
        "2018-06": {
            "month": "2018-06",
            "price": "7.29",
            "revenue": 226685
        },
        "2018-07": {
            "month": "2018-07",
            "price": "7.12",
            "revenue": 212824
        },
        "2018-08": {
            "month": "2018-08",
            "price": "6.79",
            "revenue": 155474
        },
        "2018-09": {
            "month": "2018-09",
            "price": "6.67",
            "revenue": 139443
        },
        "2018-10": {
            "month": "2018-10",
            "price": "5.65",
            "revenue": 109451
        },
        "2018-11": {
            "month": "2018-11",
            "price": "5.17",
            "revenue": 82859
        },
        "2018-12": {
            "month": "2018-12",
            "price": "5.26",
            "revenue": 77852
        },
        "2019-01": {
            "month": "2019-01",
            "price": "5.08",
            "revenue": 74409
        },
        "2019-02": {
            "month": "2019-02",
            "price": "5.17",
            "revenue": 60467
        },
        "2019-03": {
            "month": "2019-03",
            "price": "5.65",
            "revenue": 80327
        },
        "2019-04": {
            "month": "2019-04",
            "price": "5.78",
            "revenue": 59617
        },
        "2019-05": {
            "month": "2019-05",
            "price": "5.69",
            "revenue": 61578
        },
        "2019-06": {
            "month": "2019-06",
            "price": "5.78",
            "revenue": 68593
        },
        "2019-07": {
            "month": "2019-07",
            "price": "5.75",
            "revenue": 90574
        },
        "2019-08": {
            "month": "2019-08",
            "price": "6.37",
            "revenue": 100207
        },
        "2019-09": {
            "month": "2019-09",
            "price": "6.83",
            "revenue": 93022
        },
        "2019-10": {
            "month": "2019-10",
            "price": "6.77",
            "revenue": 74510
        },
        "2019-11": {
            "month": "2019-11",
            "price": "6.84",
            "revenue": 56307
        },
        "2019-12": {
            "month": "2019-12",
            "price": "7.04",
            "revenue": 50785
        },
        "2020-01": {
            "month": "2020-01",
            "price": "6.84",
            "revenue": 104158
        },
        "2020-02": {
            "month": "2020-02",
            "price": "6.77",
            "revenue": 87189
        },
        "2020-03": {
            "month": "2020-03",
            "price": "5.81",
            "revenue": 82489
        },
        "2020-04": {
            "month": "2020-04",
            "price": "5.36",
            "revenue": 96231
        },
        "2020-05": {
            "month": "2020-05",
            "price": "5.80",
            "revenue": 66250
        },
        "2020-06": {
            "month": "2020-06",
            "price": "6.01",
            "revenue": 78508
        },
        "2020-07": {
            "month": "2020-07",
            "price": "6.32",
            "revenue": 50239
        },
        "2020-08": {
            "month": "2020-08",
            "price": "6.34",
            "revenue": 75915
        },
        "2020-09": {
            "month": "2020-09",
            "price": "6.48",
            "revenue": 99612
        },
        "2020-10": {
            "month": "2020-10",
            "price": "6.77",
            "revenue": 67626
        },
        "2020-11": {
            "month": "2020-11",
            "price": "6.62",
            "revenue": 97935
        },
        "2020-12": {
            "month": "2020-12",
            "price": "7.25",
            "revenue": 129009
        },
        "2021-01": {
            "month": "2021-01",
            "price": "7.93",
            "revenue": 104497
        },
        "2021-02": {
            "month": "2021-02",
            "price": "7.48",
            "revenue": 119371
        },
        "2021-03": {
            "month": "2021-03",
            "price": "7.79",
            "revenue": 98819
        },
        "2021-04": {
            "month": "2021-04",
            "price": "9.58",
            "revenue": 105817
        },
        "2021-05": {
            "month": "2021-05",
            "price": "8.66",
            "revenue": 177918
        },
        "2021-06": {
            "month": "2021-06",
            "price": "8.92",
            "revenue": 108695
        },
        "2021-07": {
            "month": "2021-07",
            "price": "9.92",
            "revenue": 131952
        },
        "2021-08": {
            "month": "2021-08",
            "price": "10.14",
            "revenue": 147410
        },
        "2021-09": {
            "month": "2021-09",
            "price": "10.82",
            "revenue": 152402
        },
        "2021-10": {
            "month": "2021-10",
            "price": "10.44",
            "revenue": 164341
        },
        "2021-11": {
            "month": "2021-11",
            "price": "12.97",
            "revenue": 159876
        },
        "2021-12": {
            "month": "2021-12",
            "price": "18.06",
            "revenue": 141017
        },
        "2022-01": {
            "month": "2022-01",
            "price": "16.00",
            "revenue": 137112
        },
        "2022-02": {
            "month": "2022-02",
            "price": "14.84",
            "revenue": 99130
        },
        "2022-03": {
            "month": "2022-03",
            "price": "13.59",
            "revenue": 139054
        },
        "2022-04": {
            "month": "2022-04",
            "price": "11.78",
            "revenue": 90652
        },
        "2022-05": {
            "month": "2022-05",
            "price": "12.02",
            "revenue": 105439
        },
        "2022-06": {
            "month": "2022-06",
            "price": "12.41",
            "revenue": 132547
        },
        "2022-07": {
            "month": "2022-07",
            "price": "10.93",
            "revenue": 97651
        },
        "2022-08": {
            "month": "2022-08",
            "price": "12.29",
            "revenue": 141798
        },
        "2022-09": {
            "month": "2022-09",
            "price": "11.24",
            "revenue": 105017
        },
        "2022-10": {
            "month": "2022-10",
            "price": "9.88",
            "revenue": 53385
        },
        "2022-11": {
            "month": "2022-11",
            "price": "10.26",
            "revenue": 74982
        },
        "2022-12": {
            "month": "2022-12",
            "price": "10.06",
            "revenue": 73822
        },
        "2023-01": {
            "month": "2023-01",
            "price": "9.45",
            "revenue": 60301
        },
        "2023-02": {
            "month": "2023-02",
            "price": "10.02",
            "revenue": 66724
        },
        "2023-03": {
            "month": "2023-03",
            "price": "10.14",
            "revenue": 84462
        },
        "2023-04": {
            "month": "2023-04",
            "price": "10.49",
            "revenue": 44375
        },
        "2023-05": {
            "month": "2023-05",
            "price": "10.38",
            "revenue": 34842
        }
    }
}
