{
    "summary": {
        "stock_name": "泰詠",
        "stock_id": "6266",
        "category": "電子零組件",
        "main_business": "電子產品、通信器材之設計及生產製造(含加工設計及製造)<br>電子元件、半成品及成品之進出口業務<br>電子產品之設計及生產製造技術諮詢",
        "website_url": "http://www.topunion.com.tw",
        "ceo": "王政豐",
        "pe_ratio": 13,
        "report_year_from": 2001,
        "report_year_to": 2023,
        "age": 23,
        "eps_negative_percentage": 14,
        "eps_growth_avg": {
            "last_all": 9.08,
            "last_2y": 20.02,
            "last_4y": 1.34,
            "last_8y": 20.59,
            "last_12y": 16.39,
            "last_16y": 11.31,
            "last_20y": 9.08,
            "at_2006_last_3y": -2.04,
            "at_2007_last_3y": -16.51,
            "at_2008_last_3y": -47.8,
            "at_2009_last_3y": -21.71,
            "at_2010_last_3y": -21.71,
            "at_2011_last_3y": -75.86,
            "at_2012_last_3y": -53,
            "at_2013_last_3y": -2,
            "at_2014_last_3y": 6.94,
            "at_2015_last_3y": 39.49,
            "at_2016_last_3y": 38.93,
            "at_2017_last_3y": 28.08,
            "at_2018_last_3y": 44.65,
            "at_2019_last_3y": 15.98,
            "at_2020_last_3y": 25.81,
            "at_2021_last_3y": 13.83,
            "at_2022_last_3y": 9.67,
            "at_2023_last_3y": 10.71,
            "at_2024_last_3y": 10.71,
            "at_2006_last_all": -2.04,
            "at_2007_last_all": 12.61,
            "at_2008_last_all": -9.91,
            "at_2009_last_all": -9.91,
            "at_2010_last_all": -9.91,
            "at_2011_last_all": -16.88,
            "at_2012_last_all": -22.22,
            "at_2013_last_all": -6.94,
            "at_2014_last_all": -2.42,
            "at_2015_last_all": 5.67,
            "at_2016_last_all": 0.01,
            "at_2017_last_all": 4.73,
            "at_2018_last_all": 12.06,
            "at_2019_last_all": 8.62,
            "at_2020_last_all": 6.89,
            "at_2021_last_all": 7.01,
            "at_2022_last_all": 11.5,
            "at_2023_last_all": 9.08,
            "at_2024_last_all": 9.08
        },
        "latest_eps": 2.52,
        "latest_price": 32.85,
        "latest_roe": 17,
        "latest_gross_margin": 15.27,
        "latest_equity": 2276424,
        "latest_revenue": 845324,
        "latest_gross_profit": 129116,
        "latest_net_income": 79115,
        "latest_debt_ratio": 30.64,
        "latest_current_ratio": 258.36,
        "latest_account_receivable_turnover_ratio": 2.65,
        "latest_inventory_turnover_ratio": 0.84,
        "latest_reinvestment_rate": 10.37,
        "latest_research_to_sale_ratio": 0.69
    },
    "eps_dividends": {
        "2001": {
            "cash": 0,
            "stock": 0,
            "eps": 0
        },
        "2002": {
            "cash": 0,
            "stock": 0,
            "eps": 0.99
        },
        "2003": {
            "cash": 0.3,
            "stock": 0.7,
            "eps": 2.61
        },
        "2004": {
            "cash": 0.15,
            "stock": 1.2,
            "eps": 2.45
        },
        "2005": {
            "cash": 0.14,
            "stock": 1.22,
            "eps": -0.06
        },
        "2006": {
            "cash": 0,
            "stock": 0,
            "eps": 1.29
        },
        "2007": {
            "cash": 0.4,
            "stock": 0.49,
            "eps": 2.02
        },
        "2008": {
            "cash": 0.33,
            "stock": 0.78,
            "eps": -0.02
        },
        "2009": {
            "cash": 0,
            "stock": 0,
            "eps": -0.23
        },
        "2010": {
            "cash": 0,
            "stock": 0,
            "eps": 1.45
        },
        "2011": {
            "cash": 0.63,
            "stock": 0.63,
            "eps": 0.7
        },
        "2012": {
            "cash": 0.31,
            "stock": 0.31,
            "eps": 0.32
        },
        "2013": {
            "cash": 0.14,
            "stock": 0.14,
            "eps": 0.8
        },
        "2014": {
            "cash": 0.29,
            "stock": 0.29,
            "eps": 1.07
        },
        "2015": {
            "cash": 0.48,
            "stock": 0.48,
            "eps": 1.91
        },
        "2016": {
            "cash": 0.8,
            "stock": 0.8,
            "eps": 0.83
        },
        "2017": {
            "cash": 0.68,
            "stock": 0,
            "eps": 1.3
        },
        "2018": {
            "cash": 1.16,
            "stock": 0,
            "eps": 2.82
        },
        "2019": {
            "cash": 1.71,
            "stock": 0.73,
            "eps": 1.8
        },
        "2020": {
            "cash": 1.58,
            "stock": 0,
            "eps": 1.49
        },
        "2021": {
            "cash": 1.04,
            "stock": 0.35,
            "eps": 1.62
        },
        "2022": {
            "cash": 0.69,
            "stock": 0.69,
            "eps": 2.97
        },
        "2023": {
            "cash": 1.2,
            "stock": 1.2,
            "eps": 2.02
        }
    },
    "dividends": {
        "2003-05-29": {
            "cash": 0.3,
            "stock": 0.7
        },
        "2004-06-18": {
            "cash": 0.15,
            "stock": 1.2
        },
        "2005-06-14": {
            "cash": 0.14,
            "stock": 1.22
        },
        "2007-03-06": {
            "cash": 0.4,
            "stock": 0.49
        },
        "2008-04-01": {
            "cash": 0.33,
            "stock": 0.78
        },
        "2011-02-24": {
            "cash": 0.63,
            "stock": 0.63
        },
        "2012-05-25": {
            "cash": 0.31,
            "stock": 0.31
        },
        "2013-05-24": {
            "cash": 0.14,
            "stock": 0.14
        },
        "2014-09-03": {
            "cash": 0.29,
            "stock": 0.29
        },
        "2015-09-11": {
            "cash": 0.48,
            "stock": 0.48
        },
        "2016-08-12": {
            "cash": 0.8,
            "stock": 0.8
        },
        "2017-08-17": {
            "cash": 0.68,
            "stock": 0
        },
        "2018-07-11": {
            "cash": 1.16,
            "stock": 0
        },
        "2019-07-05": {
            "cash": 1.71,
            "stock": 0.73
        },
        "2020-07-10": {
            "cash": 1.58,
            "stock": 0
        },
        "2021-09-30": {
            "cash": 1.04,
            "stock": 0.35
        },
        "2022-07-26": {
            "cash": 0.69,
            "stock": 0.69
        },
        "2023-07-25": {
            "cash": 1.2,
            "stock": 1.2
        }
    },
    "prices": {
        "200101": "無",
        "200102": "無",
        "200103": "無",
        "200104": "無",
        "200105": "無",
        "200106": "無",
        "200107": "無",
        "200108": "無",
        "200109": "無",
        "200110": "無",
        "200111": "無",
        "200112": "無",
        "200201": "無",
        "200202": "無",
        "200203": "無",
        "200204": "無",
        "200205": "無",
        "200206": "無",
        "200207": "無",
        "200208": "無",
        "200209": "無",
        "200210": "無",
        "200211": "無",
        "200212": "無",
        "200301": "無",
        "200302": "無",
        "200303": "無",
        "200304": "無",
        "200305": "無",
        "200306": "無",
        "200307": "無",
        "200308": "無",
        "200309": "16.16",
        "200310": "17.45",
        "200311": "18.28",
        "200312": "19.47",
        "200401": "22.34",
        "200402": "25.49",
        "200403": "26.22",
        "200404": "24.35",
        "200405": "18.75",
        "200406": "17.60",
        "200407": "15.51",
        "200408": "14.25",
        "200409": "16.96",
        "200410": "17.30",
        "200411": "16.90",
        "200412": "15.60",
        "200501": "14.82",
        "200502": "14.96",
        "200503": "16.97",
        "200504": "15.42",
        "200505": "11.77",
        "200506": "11.75",
        "200507": "12.44",
        "200508": "10.26",
        "200509": "8.93",
        "200510": "7.67",
        "200511": "7.57",
        "200512": "8.18",
        "200601": "8.86",
        "200602": "9.14",
        "200603": "9.55",
        "200604": "12.89",
        "200605": "15.23",
        "200606": "12.19",
        "200607": "11.96",
        "200608": "12.29",
        "200609": "12.30",
        "200610": "12.76",
        "200611": "14.15",
        "200612": "14.70",
        "200701": "15.56",
        "200702": "14.77",
        "200703": "13.97",
        "200704": "14.37",
        "200705": "14.80",
        "200706": "16.17",
        "200707": "18.11",
        "200708": "17.76",
        "200709": "18.56",
        "200710": "17.96",
        "200711": "17.40",
        "200712": "16.94",
        "200801": "15.27",
        "200802": "13.18",
        "200803": "13.93",
        "200804": "14.28",
        "200805": "12.86",
        "200806": "10.30",
        "200807": "8.09",
        "200808": "8.50",
        "200809": "6.93",
        "200810": "6.15",
        "200811": "4.88",
        "200812": "4.71",
        "200901": "4.30",
        "200902": "3.91",
        "200903": "5.05",
        "200904": "5.63",
        "200905": "5.81",
        "200906": "6.00",
        "200907": "6.84",
        "200908": "7.20",
        "200909": "7.08",
        "200910": "7.92",
        "200911": "8.20",
        "200912": "9.01",
        "201001": "9.75",
        "201002": "8.57",
        "201003": "10.62",
        "201004": "13.21",
        "201005": "14.41",
        "201006": "12.70",
        "201007": "13.11",
        "201008": "14.60",
        "201009": "14.09",
        "201010": "14.35",
        "201011": "13.57",
        "201012": "14.77",
        "201101": "15.01",
        "201102": "14.35",
        "201103": "14.59",
        "201104": "14.74",
        "201105": "14.06",
        "201106": "13.44",
        "201107": "11.86",
        "201108": "9.21",
        "201109": "8.88",
        "201110": "8.86",
        "201111": "8.68",
        "201112": "8.02",
        "201201": "7.82",
        "201202": "9.45",
        "201203": "10.83",
        "201204": "10.18",
        "201205": "10.18",
        "201206": "9.90",
        "201207": "9.91",
        "201208": "9.58",
        "201209": "9.87",
        "201210": "9.62",
        "201211": "9.15",
        "201212": "9.14",
        "201301": "8.97",
        "201302": "9.03",
        "201303": "9.19",
        "201304": "9.73",
        "201305": "9.56",
        "201306": "9.28",
        "201307": "9.03",
        "201308": "8.71",
        "201309": "8.73",
        "201310": "8.89",
        "201311": "9.12",
        "201312": "9.20",
        "201401": "9.83",
        "201402": "10.73",
        "201403": "13.38",
        "201404": "12.44",
        "201405": "11.72",
        "201406": "11.92",
        "201407": "12.49",
        "201408": "11.94",
        "201409": "11.88",
        "201410": "11.16",
        "201411": "11.04",
        "201412": "11.35",
        "201501": "11.78",
        "201502": "11.93",
        "201503": "13.12",
        "201504": "13.08",
        "201505": "13.84",
        "201506": "14.11",
        "201507": "13.79",
        "201508": "13.39",
        "201509": "13.30",
        "201510": "13.26",
        "201511": "12.88",
        "201512": "12.89",
        "201601": "12.81",
        "201602": "13.54",
        "201603": "15.74",
        "201604": "17.60",
        "201605": "15.02",
        "201606": "15.42",
        "201607": "14.68",
        "201608": "12.79",
        "201609": "12.64",
        "201610": "12.48",
        "201611": "11.09",
        "201612": "11.30",
        "201701": "11.18",
        "201702": "11.58",
        "201703": "12.03",
        "201704": "12.13",
        "201705": "12.11",
        "201706": "11.72",
        "201707": "11.91",
        "201708": "12.33",
        "201709": "13.31",
        "201710": "13.41",
        "201711": "13.54",
        "201712": "13.41",
        "201801": "14.12",
        "201802": "13.74",
        "201803": "15.17",
        "201804": "15.74",
        "201805": "15.36",
        "201806": "15.12",
        "201807": "14.80",
        "201808": "16.94",
        "201809": "18.21",
        "201810": "17.08",
        "201811": "20.60",
        "201812": "23.34",
        "201901": "23.74",
        "201902": "30.68",
        "201903": "30.12",
        "201904": "31.34",
        "201905": "27.83",
        "201906": "28.74",
        "201907": "25.36",
        "201908": "21.35",
        "201909": "21.46",
        "201910": "20.65",
        "201911": "20.96",
        "201912": "21.30",
        "202001": "20.78",
        "202002": "19.71",
        "202003": "18.25",
        "202004": "19.15",
        "202005": "20.94",
        "202006": "20.36",
        "202007": "18.71",
        "202008": "19.02",
        "202009": "19.40",
        "202010": "18.68",
        "202011": "18.96",
        "202012": "20.00",
        "202101": "19.26",
        "202102": "19.51",
        "202103": "20.94",
        "202104": "21.36",
        "202105": "20.27",
        "202106": "20.76",
        "202107": "22.16",
        "202108": "20.79",
        "202109": "19.89",
        "202110": "19.15",
        "202111": "19.38",
        "202112": "21.97",
        "202201": "31.30",
        "202202": "26.31",
        "202203": "25.59",
        "202204": "23.98",
        "202205": "23.36",
        "202206": "23.66",
        "202207": "21.77",
        "202208": "26.55",
        "202209": "25.10",
        "202210": "23.08",
        "202211": "24.60",
        "202212": "25.28",
        "202301": "24.22",
        "202302": "29.51",
        "202303": "34.14",
        "202304": "44.41",
        "202305": "41.68",
        "202306": "41.73",
        "202307": "38.00",
        "202308": "34.06",
        "202309": "33.44",
        "202310": "31.88",
        "202311": "32.11",
        "202312": "32.43"
    },
    "quarters": {
        "20011": {
            "year_quarter": 20011,
            "year": 2001,
            "quarter": 1,
            "eps": null,
            "eps_growth_year": null,
            "eps_4q": null,
            "eps_4q_growth_year": null,
            "roe": null,
            "roe_4q": 0,
            "gross_profit": null,
            "gross_margin": null,
            "gross_margin_4q_avg": 0,
            "net_income": null,
            "net_income_4q": null,
            "revenue": null,
            "revenue_4q": null,
            "common_shares": null,
            "book_valuer_per_share": null,
            "book_valuer_per_share_4q_avg": 0,
            "equity": null,
            "current_ratio": null,
            "debt_ratio": null,
            "inventory_turnover_ratio": null,
            "account_receivable_turnover_ratio": null,
            "reinvestment_rate": null,
            "research_to_sale_ratio": null,
            "price_fair": 0,
            "eps_avg_yearly": 0,
            "eps_latest_yearly": 0,
            "eps_growth_yearly": 0
        },
        "20012": {
            "year_quarter": 20012,
            "year": 2001,
            "quarter": 2,
            "eps": null,
            "eps_growth_year": null,
            "eps_4q": null,
            "eps_4q_growth_year": null,
            "roe": null,
            "roe_4q": 0,
            "gross_profit": null,
            "gross_margin": null,
            "gross_margin_4q_avg": 0,
            "net_income": null,
            "net_income_4q": null,
            "revenue": null,
            "revenue_4q": null,
            "common_shares": null,
            "book_valuer_per_share": null,
            "book_valuer_per_share_4q_avg": 0,
            "equity": null,
            "current_ratio": null,
            "debt_ratio": null,
            "inventory_turnover_ratio": null,
            "account_receivable_turnover_ratio": null,
            "reinvestment_rate": null,
            "research_to_sale_ratio": null,
            "price_fair": 0,
            "eps_avg_yearly": 0,
            "eps_latest_yearly": 0,
            "eps_growth_yearly": 0
        },
        "20013": {
            "year_quarter": 20013,
            "year": 2001,
            "quarter": 3,
            "eps": null,
            "eps_growth_year": null,
            "eps_4q": null,
            "eps_4q_growth_year": null,
            "roe": null,
            "roe_4q": 0,
            "gross_profit": null,
            "gross_margin": null,
            "gross_margin_4q_avg": 0,
            "net_income": null,
            "net_income_4q": null,
            "revenue": null,
            "revenue_4q": null,
            "common_shares": null,
            "book_valuer_per_share": null,
            "book_valuer_per_share_4q_avg": 0,
            "equity": null,
            "current_ratio": null,
            "debt_ratio": null,
            "inventory_turnover_ratio": null,
            "account_receivable_turnover_ratio": null,
            "reinvestment_rate": null,
            "research_to_sale_ratio": null,
            "price_fair": 0,
            "eps_avg_yearly": 0,
            "eps_latest_yearly": 0,
            "eps_growth_yearly": 0
        },
        "20014": {
            "year_quarter": 20014,
            "year": 2001,
            "quarter": 4,
            "eps": null,
            "eps_growth_year": null,
            "eps_4q": null,
            "eps_4q_growth_year": null,
            "roe": null,
            "roe_4q": 0,
            "gross_profit": null,
            "gross_margin": null,
            "gross_margin_4q_avg": 0,
            "net_income": null,
            "net_income_4q": null,
            "revenue": null,
            "revenue_4q": null,
            "common_shares": 322000,
            "book_valuer_per_share": 12.89,
            "book_valuer_per_share_4q_avg": 3.22,
            "equity": 415197,
            "current_ratio": 89.86,
            "debt_ratio": 50.75,
            "inventory_turnover_ratio": null,
            "account_receivable_turnover_ratio": null,
            "reinvestment_rate": null,
            "research_to_sale_ratio": null,
            "price_fair": 0,
            "eps_avg_yearly": 0,
            "eps_latest_yearly": 0,
            "eps_growth_yearly": 0
        },
        "20021": {
            "year_quarter": 20021,
            "year": 2002,
            "quarter": 1,
            "eps": null,
            "eps_growth_year": null,
            "eps_4q": null,
            "eps_4q_growth_year": null,
            "roe": null,
            "roe_4q": 0,
            "gross_profit": null,
            "gross_margin": null,
            "gross_margin_4q_avg": 0,
            "net_income": null,
            "net_income_4q": null,
            "revenue": null,
            "revenue_4q": null,
            "common_shares": null,
            "book_valuer_per_share": null,
            "book_valuer_per_share_4q_avg": 3.22,
            "equity": null,
            "current_ratio": null,
            "debt_ratio": null,
            "inventory_turnover_ratio": null,
            "account_receivable_turnover_ratio": null,
            "reinvestment_rate": null,
            "research_to_sale_ratio": null,
            "price_fair": 0,
            "eps_avg_yearly": 0,
            "eps_latest_yearly": 0,
            "eps_growth_yearly": 0
        },
        "20022": {
            "year_quarter": 20022,
            "year": 2002,
            "quarter": 2,
            "eps": null,
            "eps_growth_year": null,
            "eps_4q": null,
            "eps_4q_growth_year": null,
            "roe": null,
            "roe_4q": 0,
            "gross_profit": null,
            "gross_margin": null,
            "gross_margin_4q_avg": 0,
            "net_income": null,
            "net_income_4q": null,
            "revenue": null,
            "revenue_4q": null,
            "common_shares": null,
            "book_valuer_per_share": null,
            "book_valuer_per_share_4q_avg": 3.22,
            "equity": null,
            "current_ratio": null,
            "debt_ratio": null,
            "inventory_turnover_ratio": null,
            "account_receivable_turnover_ratio": null,
            "reinvestment_rate": null,
            "research_to_sale_ratio": null,
            "price_fair": 0,
            "eps_avg_yearly": 0,
            "eps_latest_yearly": 0,
            "eps_growth_yearly": 0
        },
        "20023": {
            "year_quarter": 20023,
            "year": 2002,
            "quarter": 3,
            "eps": 0.48,
            "eps_growth_year": null,
            "eps_4q": null,
            "eps_4q_growth_year": null,
            "roe": 3.47,
            "roe_4q": 3.47,
            "gross_profit": 33821,
            "gross_margin": 18.85,
            "gross_margin_4q_avg": 4.71,
            "net_income": 15607,
            "net_income_4q": null,
            "revenue": 179390,
            "revenue_4q": null,
            "common_shares": 322000,
            "book_valuer_per_share": 13.98,
            "book_valuer_per_share_4q_avg": 6.72,
            "equity": 450226,
            "current_ratio": 130.77,
            "debt_ratio": 45.17,
            "inventory_turnover_ratio": 2.64,
            "account_receivable_turnover_ratio": null,
            "reinvestment_rate": null,
            "research_to_sale_ratio": null,
            "price_fair": 0,
            "eps_avg_yearly": 0,
            "eps_latest_yearly": 0,
            "eps_growth_yearly": 0
        },
        "20024": {
            "year_quarter": 20024,
            "year": 2002,
            "quarter": 4,
            "eps": 0.51,
            "eps_growth_year": null,
            "eps_4q": null,
            "eps_4q_growth_year": null,
            "roe": 3.48,
            "roe_4q": 6.95,
            "gross_profit": 46160,
            "gross_margin": 20.92,
            "gross_margin_4q_avg": 9.94,
            "net_income": 16830,
            "net_income_4q": null,
            "revenue": 220674,
            "revenue_4q": null,
            "common_shares": 356000,
            "book_valuer_per_share": 14.53,
            "book_valuer_per_share_4q_avg": 7.13,
            "equity": 517266,
            "current_ratio": 128.62,
            "debt_ratio": 42.12,
            "inventory_turnover_ratio": 3.06,
            "account_receivable_turnover_ratio": null,
            "reinvestment_rate": null,
            "research_to_sale_ratio": null,
            "price_fair": 71.4,
            "eps_avg_yearly": 2.04,
            "eps_latest_yearly": 2.04,
            "eps_growth_yearly": 25
        },
        "20031": {
            "year_quarter": 20031,
            "year": 2003,
            "quarter": 1,
            "eps": 1.3,
            "eps_growth_year": null,
            "eps_4q": null,
            "eps_4q_growth_year": null,
            "roe": 8.56,
            "roe_4q": 15.510000000000002,
            "gross_profit": 67728,
            "gross_margin": 31.8,
            "gross_margin_4q_avg": 17.89,
            "net_income": 46243,
            "net_income_4q": null,
            "revenue": 212990,
            "revenue_4q": null,
            "common_shares": 356000,
            "book_valuer_per_share": 15.83,
            "book_valuer_per_share_4q_avg": 11.09,
            "equity": 563509,
            "current_ratio": 130.9,
            "debt_ratio": 40.34,
            "inventory_turnover_ratio": 1.94,
            "account_receivable_turnover_ratio": null,
            "reinvestment_rate": null,
            "research_to_sale_ratio": null,
            "price_fair": 126.7,
            "eps_avg_yearly": 3.62,
            "eps_latest_yearly": 5.2,
            "eps_growth_yearly": 322.3
        },
        "20032": {
            "year_quarter": 20032,
            "year": 2003,
            "quarter": 2,
            "eps": -0.04,
            "eps_growth_year": null,
            "eps_4q": 2.17,
            "eps_4q_growth_year": null,
            "roe": -0.27,
            "roe_4q": 15.240000000000002,
            "gross_profit": 49767,
            "gross_margin": 19.56,
            "gross_margin_4q_avg": 22.78,
            "net_income": -1493,
            "net_income_4q": null,
            "revenue": 254434,
            "revenue_4q": null,
            "common_shares": 356000,
            "book_valuer_per_share": 15.4,
            "book_valuer_per_share_4q_avg": 14.94,
            "equity": 548208,
            "current_ratio": 128.85,
            "debt_ratio": 41.7,
            "inventory_turnover_ratio": 1.9,
            "account_receivable_turnover_ratio": null,
            "reinvestment_rate": null,
            "research_to_sale_ratio": null,
            "price_fair": 126.7,
            "eps_avg_yearly": 3.62,
            "eps_latest_yearly": 5.2,
            "eps_growth_yearly": 322.3
        },
        "20033": {
            "year_quarter": 20033,
            "year": 2003,
            "quarter": 3,
            "eps": 1.61,
            "eps_growth_year": 235.42,
            "eps_4q": 3.35,
            "eps_4q_growth_year": null,
            "roe": 9.94,
            "roe_4q": 21.71,
            "gross_profit": 66798,
            "gross_margin": 22.63,
            "gross_margin_4q_avg": 23.73,
            "net_income": 57139,
            "net_income_4q": null,
            "revenue": 295172,
            "revenue_4q": null,
            "common_shares": 356000,
            "book_valuer_per_share": 16.89,
            "book_valuer_per_share_4q_avg": 15.66,
            "equity": 601162,
            "current_ratio": 174.75,
            "debt_ratio": 33.84,
            "inventory_turnover_ratio": 2.01,
            "account_receivable_turnover_ratio": null,
            "reinvestment_rate": null,
            "research_to_sale_ratio": null,
            "price_fair": 126.7,
            "eps_avg_yearly": 3.62,
            "eps_latest_yearly": 5.2,
            "eps_growth_yearly": 322.3
        },
        "20034": {
            "year_quarter": 20034,
            "year": 2003,
            "quarter": 4,
            "eps": -0.26,
            "eps_growth_year": -150.98,
            "eps_4q": 2.4,
            "eps_4q_growth_year": null,
            "roe": -1.66,
            "roe_4q": 16.57,
            "gross_profit": 50623,
            "gross_margin": 17.7,
            "gross_margin_4q_avg": 22.92,
            "net_income": -9909,
            "net_income_4q": null,
            "revenue": 286034,
            "revenue_4q": null,
            "common_shares": 383520,
            "book_valuer_per_share": 15.46,
            "book_valuer_per_share_4q_avg": 15.9,
            "equity": 592780,
            "current_ratio": 144.53,
            "debt_ratio": 41.47,
            "inventory_turnover_ratio": 1.9,
            "account_receivable_turnover_ratio": null,
            "reinvestment_rate": null,
            "research_to_sale_ratio": null,
            "price_fair": 126.7,
            "eps_avg_yearly": 3.62,
            "eps_latest_yearly": 5.2,
            "eps_growth_yearly": 322.3
        },
        "20041": {
            "year_quarter": 20041,
            "year": 2004,
            "quarter": 1,
            "eps": 0.4,
            "eps_growth_year": -69.23,
            "eps_4q": 1.58,
            "eps_4q_growth_year": null,
            "roe": 2.58,
            "roe_4q": 10.59,
            "gross_profit": 30711,
            "gross_margin": 11.41,
            "gross_margin_4q_avg": 17.83,
            "net_income": 15449,
            "net_income_4q": null,
            "revenue": 269132,
            "revenue_4q": null,
            "common_shares": 383520,
            "book_valuer_per_share": 15.72,
            "book_valuer_per_share_4q_avg": 15.87,
            "equity": 602953,
            "current_ratio": 123.82,
            "debt_ratio": 40.29,
            "inventory_turnover_ratio": 1.63,
            "account_receivable_turnover_ratio": null,
            "reinvestment_rate": null,
            "research_to_sale_ratio": null,
            "price_fair": 126.7,
            "eps_avg_yearly": 3.62,
            "eps_latest_yearly": 5.2,
            "eps_growth_yearly": 322.3
        },
        "20042": {
            "year_quarter": 20042,
            "year": 2004,
            "quarter": 2,
            "eps": 0.87,
            "eps_growth_year": null,
            "eps_4q": 2.5,
            "eps_4q_growth_year": 15.28,
            "roe": 5.42,
            "roe_4q": 16.28,
            "gross_profit": 73903,
            "gross_margin": 20.72,
            "gross_margin_4q_avg": 18.12,
            "net_income": 33464,
            "net_income_4q": null,
            "revenue": 356679,
            "revenue_4q": null,
            "common_shares": 383520,
            "book_valuer_per_share": 16.5,
            "book_valuer_per_share_4q_avg": 16.14,
            "equity": 632634,
            "current_ratio": 102.54,
            "debt_ratio": 47.44,
            "inventory_turnover_ratio": 1.73,
            "account_receivable_turnover_ratio": null,
            "reinvestment_rate": null,
            "research_to_sale_ratio": null,
            "price_fair": 125.07,
            "eps_avg_yearly": 3.57,
            "eps_latest_yearly": 3.48,
            "eps_growth_yearly": 371.54
        },
        "20043": {
            "year_quarter": 20043,
            "year": 2004,
            "quarter": 3,
            "eps": 1.24,
            "eps_growth_year": -22.98,
            "eps_4q": 2.13,
            "eps_4q_growth_year": -36.27,
            "roe": 8.21,
            "roe_4q": 14.55,
            "gross_profit": 72162,
            "gross_margin": 16.66,
            "gross_margin_4q_avg": 16.62,
            "net_income": 54231,
            "net_income_4q": null,
            "revenue": 433030,
            "revenue_4q": null,
            "common_shares": 436165,
            "book_valuer_per_share": 15.78,
            "book_valuer_per_share_4q_avg": 15.87,
            "equity": 688374,
            "current_ratio": 112.69,
            "debt_ratio": 48.96,
            "inventory_turnover_ratio": 1.71,
            "account_receivable_turnover_ratio": null,
            "reinvestment_rate": null,
            "research_to_sale_ratio": null,
            "price_fair": 137.2,
            "eps_avg_yearly": 3.92,
            "eps_latest_yearly": 4.96,
            "eps_growth_yearly": 321.18
        },
        "20044": {
            "year_quarter": 20044,
            "year": 2004,
            "quarter": 4,
            "eps": -0.06,
            "eps_growth_year": null,
            "eps_4q": 2.31,
            "eps_4q_growth_year": -3.75,
            "roe": -0.36,
            "roe_4q": 15.85,
            "gross_profit": 40611,
            "gross_margin": 11.97,
            "gross_margin_4q_avg": 15.19,
            "net_income": -2475,
            "net_income_4q": null,
            "revenue": 339381,
            "revenue_4q": null,
            "common_shares": 436165,
            "book_valuer_per_share": 15.38,
            "book_valuer_per_share_4q_avg": 15.85,
            "equity": 670929,
            "current_ratio": 145.76,
            "debt_ratio": 51.06,
            "inventory_turnover_ratio": 1.23,
            "account_receivable_turnover_ratio": null,
            "reinvestment_rate": null,
            "research_to_sale_ratio": null,
            "price_fair": 137.2,
            "eps_avg_yearly": 3.92,
            "eps_latest_yearly": 4.96,
            "eps_growth_yearly": 321.18
        },
        "20051": {
            "year_quarter": 20051,
            "year": 2005,
            "quarter": 1,
            "eps": -0.78,
            "eps_growth_year": -295,
            "eps_4q": 1.14,
            "eps_4q_growth_year": -28.01,
            "roe": -5.23,
            "roe_4q": 8.04,
            "gross_profit": -2087,
            "gross_margin": -0.93,
            "gross_margin_4q_avg": 12.11,
            "net_income": -34612,
            "net_income_4q": null,
            "revenue": 223856,
            "revenue_4q": null,
            "common_shares": 446406,
            "book_valuer_per_share": 14.61,
            "book_valuer_per_share_4q_avg": 15.57,
            "equity": 652304,
            "current_ratio": 109.09,
            "debt_ratio": 49.16,
            "inventory_turnover_ratio": 1.08,
            "account_receivable_turnover_ratio": null,
            "reinvestment_rate": null,
            "research_to_sale_ratio": null,
            "price_fair": 137.2,
            "eps_avg_yearly": 3.92,
            "eps_latest_yearly": 4.96,
            "eps_growth_yearly": 321.18
        },
        "20052": {
            "year_quarter": 20052,
            "year": 2005,
            "quarter": 2,
            "eps": -0.65,
            "eps_growth_year": -174.71,
            "eps_4q": -0.26,
            "eps_4q_growth_year": -110.3,
            "roe": -4.52,
            "roe_4q": -1.8999999999999986,
            "gross_profit": 4950,
            "gross_margin": 2.15,
            "gross_margin_4q_avg": 7.46,
            "net_income": -28715,
            "net_income_4q": null,
            "revenue": 230031,
            "revenue_4q": null,
            "common_shares": 449418,
            "book_valuer_per_share": 13.79,
            "book_valuer_per_share_4q_avg": 14.89,
            "equity": 619602,
            "current_ratio": 85.26,
            "debt_ratio": 54.61,
            "inventory_turnover_ratio": 1.45,
            "account_receivable_turnover_ratio": null,
            "reinvestment_rate": null,
            "research_to_sale_ratio": null,
            "price_fair": 137.2,
            "eps_avg_yearly": 3.92,
            "eps_latest_yearly": 4.96,
            "eps_growth_yearly": 321.18
        },
        "20053": {
            "year_quarter": 20053,
            "year": 2005,
            "quarter": 3,
            "eps": 0.6,
            "eps_growth_year": -51.61,
            "eps_4q": -0.71,
            "eps_4q_growth_year": -133.54,
            "roe": 4.67,
            "roe_4q": -5.44,
            "gross_profit": 29016,
            "gross_margin": 10.27,
            "gross_margin_4q_avg": 5.87,
            "net_income": 30024,
            "net_income_4q": null,
            "revenue": 282446,
            "revenue_4q": null,
            "common_shares": 510619,
            "book_valuer_per_share": 13.04,
            "book_valuer_per_share_4q_avg": 14.21,
            "equity": 665638,
            "current_ratio": 83.33,
            "debt_ratio": 52.51,
            "inventory_turnover_ratio": 1.92,
            "account_receivable_turnover_ratio": null,
            "reinvestment_rate": null,
            "research_to_sale_ratio": null,
            "price_fair": 137.2,
            "eps_avg_yearly": 3.92,
            "eps_latest_yearly": 4.96,
            "eps_growth_yearly": 321.18
        },
        "20054": {
            "year_quarter": 20054,
            "year": 2005,
            "quarter": 4,
            "eps": 0.77,
            "eps_growth_year": null,
            "eps_4q": 0.12,
            "eps_4q_growth_year": -95.01,
            "roe": 5.72,
            "roe_4q": 0.6400000000000006,
            "gross_profit": 46257,
            "gross_margin": 16.51,
            "gross_margin_4q_avg": 7,
            "net_income": 39172,
            "net_income_4q": null,
            "revenue": 280104,
            "revenue_4q": null,
            "common_shares": 510619,
            "book_valuer_per_share": 13.79,
            "book_valuer_per_share_4q_avg": 13.81,
            "equity": 703938,
            "current_ratio": 103.67,
            "debt_ratio": 54.76,
            "inventory_turnover_ratio": 1.57,
            "account_receivable_turnover_ratio": null,
            "reinvestment_rate": null,
            "research_to_sale_ratio": null,
            "price_fair": 131.32,
            "eps_avg_yearly": 3.75,
            "eps_latest_yearly": 3.08,
            "eps_growth_yearly": 279.61
        },
        "20061": {
            "year_quarter": 20061,
            "year": 2006,
            "quarter": 1,
            "eps": 0.56,
            "eps_growth_year": null,
            "eps_4q": 1.36,
            "eps_4q_growth_year": 19.12,
            "roe": 3.96,
            "roe_4q": 9.83,
            "gross_profit": 37336,
            "gross_margin": 12.46,
            "gross_margin_4q_avg": 10.35,
            "net_income": 28387,
            "net_income_4q": null,
            "revenue": 299656,
            "revenue_4q": null,
            "common_shares": 510619,
            "book_valuer_per_share": 14.32,
            "book_valuer_per_share_4q_avg": 13.74,
            "equity": 731114,
            "current_ratio": 101.81,
            "debt_ratio": 51.83,
            "inventory_turnover_ratio": 1.4,
            "account_receivable_turnover_ratio": null,
            "reinvestment_rate": null,
            "research_to_sale_ratio": null,
            "price_fair": 122.5,
            "eps_avg_yearly": 3.5,
            "eps_latest_yearly": 2.24,
            "eps_growth_yearly": 214.83
        },
        "20062": {
            "year_quarter": 20062,
            "year": 2006,
            "quarter": 2,
            "eps": 0.12,
            "eps_growth_year": null,
            "eps_4q": 2,
            "eps_4q_growth_year": null,
            "roe": 0.85,
            "roe_4q": 15.2,
            "gross_profit": 24487,
            "gross_margin": 9.16,
            "gross_margin_4q_avg": 12.1,
            "net_income": 6227,
            "net_income_4q": null,
            "revenue": 267380,
            "revenue_4q": null,
            "common_shares": 511302,
            "book_valuer_per_share": 14.45,
            "book_valuer_per_share_4q_avg": 13.9,
            "equity": 738858,
            "current_ratio": 105.88,
            "debt_ratio": 50.45,
            "inventory_turnover_ratio": 1.14,
            "account_receivable_turnover_ratio": null,
            "reinvestment_rate": 201.03,
            "research_to_sale_ratio": null,
            "price_fair": 107.4,
            "eps_avg_yearly": 3.07,
            "eps_latest_yearly": 0.48,
            "eps_growth_yearly": 139.24
        },
        "20063": {
            "year_quarter": 20063,
            "year": 2006,
            "quarter": 3,
            "eps": 0.69,
            "eps_growth_year": 15,
            "eps_4q": 2.13,
            "eps_4q_growth_year": null,
            "roe": 4.63,
            "roe_4q": 15.16,
            "gross_profit": 38534,
            "gross_margin": 10.67,
            "gross_margin_4q_avg": 12.2,
            "net_income": 35328,
            "net_income_4q": null,
            "revenue": 361251,
            "revenue_4q": null,
            "common_shares": 513696,
            "book_valuer_per_share": 15.32,
            "book_valuer_per_share_4q_avg": 14.47,
            "equity": 787079,
            "current_ratio": 114.8,
            "debt_ratio": 46.75,
            "inventory_turnover_ratio": 1.58,
            "account_receivable_turnover_ratio": null,
            "reinvestment_rate": 90.65,
            "research_to_sale_ratio": null,
            "price_fair": 106.05,
            "eps_avg_yearly": 3.03,
            "eps_latest_yearly": 2.76,
            "eps_growth_yearly": 359.33
        },
        "20064": {
            "year_quarter": 20064,
            "year": 2006,
            "quarter": 4,
            "eps": -0.08,
            "eps_growth_year": -110.39,
            "eps_4q": 1.29,
            "eps_4q_growth_year": 1018.18,
            "roe": -0.5,
            "roe_4q": 8.94,
            "gross_profit": 30508,
            "gross_margin": 10.58,
            "gross_margin_4q_avg": 10.72,
            "net_income": -4091,
            "net_income_4q": null,
            "revenue": 288305,
            "revenue_4q": null,
            "common_shares": 574978,
            "book_valuer_per_share": 14.89,
            "book_valuer_per_share_4q_avg": 14.75,
            "equity": 856279,
            "current_ratio": 141.43,
            "debt_ratio": 44.95,
            "inventory_turnover_ratio": 1.33,
            "account_receivable_turnover_ratio": null,
            "reinvestment_rate": 147.14,
            "research_to_sale_ratio": null,
            "price_fair": 111,
            "eps_avg_yearly": 3.17,
            "eps_latest_yearly": 2.76,
            "eps_growth_yearly": 407.1
        },
        "20071": {
            "year_quarter": 20071,
            "year": 2007,
            "quarter": 1,
            "eps": 0.61,
            "eps_growth_year": 8.93,
            "eps_4q": 1.26,
            "eps_4q_growth_year": -7.16,
            "roe": 3.93,
            "roe_4q": 8.91,
            "gross_profit": 27841,
            "gross_margin": 10.64,
            "gross_margin_4q_avg": 10.26,
            "net_income": 35086,
            "net_income_4q": null,
            "revenue": 261638,
            "revenue_4q": null,
            "common_shares": 600229,
            "book_valuer_per_share": 15.5,
            "book_valuer_per_share_4q_avg": 15.04,
            "equity": 930211,
            "current_ratio": 163.17,
            "debt_ratio": 35.24,
            "inventory_turnover_ratio": 1.19,
            "account_receivable_turnover_ratio": null,
            "reinvestment_rate": 93.16,
            "research_to_sale_ratio": null,
            "price_fair": 99.17,
            "eps_avg_yearly": 2.83,
            "eps_latest_yearly": 2.76,
            "eps_growth_yearly": 371.68
        },
        "20072": {
            "year_quarter": 20072,
            "year": 2007,
            "quarter": 2,
            "eps": 0.59,
            "eps_growth_year": 391.67,
            "eps_4q": 1.73,
            "eps_4q_growth_year": -13.66,
            "roe": 3.68,
            "roe_4q": 11.74,
            "gross_profit": 26956,
            "gross_margin": 9.14,
            "gross_margin_4q_avg": 10.26,
            "net_income": 34410,
            "net_income_4q": null,
            "revenue": 294908,
            "revenue_4q": null,
            "common_shares": 600828,
            "book_valuer_per_share": 15.65,
            "book_valuer_per_share_4q_avg": 15.34,
            "equity": 940300,
            "current_ratio": 146.96,
            "debt_ratio": 38.92,
            "inventory_turnover_ratio": 1.4,
            "account_receivable_turnover_ratio": null,
            "reinvestment_rate": 77.67,
            "research_to_sale_ratio": null,
            "price_fair": 96.8,
            "eps_avg_yearly": 2.77,
            "eps_latest_yearly": 2.36,
            "eps_growth_yearly": 316.71
        },
        "20073": {
            "year_quarter": 20073,
            "year": 2007,
            "quarter": 3,
            "eps": 0.76,
            "eps_growth_year": 10.14,
            "eps_4q": 1.81,
            "eps_4q_growth_year": -14.9,
            "roe": 4.82,
            "roe_4q": 11.93,
            "gross_profit": 37089,
            "gross_margin": 11.68,
            "gross_margin_4q_avg": 10.51,
            "net_income": 47180,
            "net_income_4q": null,
            "revenue": 317448,
            "revenue_4q": null,
            "common_shares": 656868,
            "book_valuer_per_share": 15.51,
            "book_valuer_per_share_4q_avg": 15.39,
            "equity": 1018669,
            "current_ratio": 143.99,
            "debt_ratio": 37.82,
            "inventory_turnover_ratio": 1.33,
            "account_receivable_turnover_ratio": null,
            "reinvestment_rate": 90.86,
            "research_to_sale_ratio": null,
            "price_fair": 98,
            "eps_avg_yearly": 2.8,
            "eps_latest_yearly": 3.04,
            "eps_growth_yearly": 291.53
        },
        "20074": {
            "year_quarter": 20074,
            "year": 2007,
            "quarter": 4,
            "eps": 0.06,
            "eps_growth_year": null,
            "eps_4q": 1.81,
            "eps_4q_growth_year": 40.7,
            "roe": 0.38,
            "roe_4q": 12.81,
            "gross_profit": 55655,
            "gross_margin": 14.43,
            "gross_margin_4q_avg": 11.47,
            "net_income": 3989,
            "net_income_4q": null,
            "revenue": 385815,
            "revenue_4q": null,
            "common_shares": 658318,
            "book_valuer_per_share": 16.12,
            "book_valuer_per_share_4q_avg": 15.7,
            "equity": 1061199,
            "current_ratio": 166.97,
            "debt_ratio": 42.57,
            "inventory_turnover_ratio": 1.44,
            "account_receivable_turnover_ratio": null,
            "reinvestment_rate": 149.3,
            "research_to_sale_ratio": null,
            "price_fair": 88.04,
            "eps_avg_yearly": 2.52,
            "eps_latest_yearly": 0.24,
            "eps_growth_yearly": 218.2
        },
        "20081": {
            "year_quarter": 20081,
            "year": 2008,
            "quarter": 1,
            "eps": -0.45,
            "eps_growth_year": -173.77,
            "eps_4q": 0.85,
            "eps_4q_growth_year": -32.34,
            "roe": -2.87,
            "roe_4q": 6.01,
            "gross_profit": 21111,
            "gross_margin": 5.97,
            "gross_margin_4q_avg": 10.31,
            "net_income": -29547,
            "net_income_4q": null,
            "revenue": 353737,
            "revenue_4q": null,
            "common_shares": 663190,
            "book_valuer_per_share": 15.03,
            "book_valuer_per_share_4q_avg": 15.58,
            "equity": 996545,
            "current_ratio": 179.25,
            "debt_ratio": 40.7,
            "inventory_turnover_ratio": 1.49,
            "account_receivable_turnover_ratio": null,
            "reinvestment_rate": 227.59,
            "research_to_sale_ratio": null,
            "price_fair": 88.04,
            "eps_avg_yearly": 2.52,
            "eps_latest_yearly": 0.24,
            "eps_growth_yearly": 218.2
        },
        "20082": {
            "year_quarter": 20082,
            "year": 2008,
            "quarter": 2,
            "eps": -0.19,
            "eps_growth_year": -132.2,
            "eps_4q": 0.15,
            "eps_4q_growth_year": -91.25,
            "roe": -1.23,
            "roe_4q": 1.1000000000000005,
            "gross_profit": 43193,
            "gross_margin": 9.94,
            "gross_margin_4q_avg": 10.51,
            "net_income": -12125,
            "net_income_4q": null,
            "revenue": 434336,
            "revenue_4q": null,
            "common_shares": 628535,
            "book_valuer_per_share": 15.42,
            "book_valuer_per_share_4q_avg": 15.52,
            "equity": 968966,
            "current_ratio": 214.22,
            "debt_ratio": 36.47,
            "inventory_turnover_ratio": 2.23,
            "account_receivable_turnover_ratio": null,
            "reinvestment_rate": 223.92,
            "research_to_sale_ratio": null,
            "price_fair": 83.83,
            "eps_avg_yearly": 2.4,
            "eps_latest_yearly": 0.24,
            "eps_growth_yearly": 186.72
        },
        "20083": {
            "year_quarter": 20083,
            "year": 2008,
            "quarter": 3,
            "eps": 0.48,
            "eps_growth_year": -36.84,
            "eps_4q": -0.06,
            "eps_4q_growth_year": -103.08,
            "roe": 3.39,
            "roe_4q": -0.32999999999999996,
            "gross_profit": 55277,
            "gross_margin": 11.52,
            "gross_margin_4q_avg": 10.47,
            "net_income": 33751,
            "net_income_4q": null,
            "revenue": 479856,
            "revenue_4q": null,
            "common_shares": 683617,
            "book_valuer_per_share": 14.97,
            "book_valuer_per_share_4q_avg": 15.39,
            "equity": 1023556,
            "current_ratio": 181.57,
            "debt_ratio": 43.27,
            "inventory_turnover_ratio": 2.61,
            "account_receivable_turnover_ratio": null,
            "reinvestment_rate": 250.2,
            "research_to_sale_ratio": null,
            "price_fair": 71,
            "eps_avg_yearly": 2.03,
            "eps_latest_yearly": 0.24,
            "eps_growth_yearly": 189.1
        },
        "20084": {
            "year_quarter": 20084,
            "year": 2008,
            "quarter": 4,
            "eps": 0.14,
            "eps_growth_year": 133.33,
            "eps_4q": 0.02,
            "eps_4q_growth_year": -98.84,
            "roe": 0.91,
            "roe_4q": 0.19999999999999973,
            "gross_profit": 27733,
            "gross_margin": 6.65,
            "gross_margin_4q_avg": 8.52,
            "net_income": 9322,
            "net_income_4q": null,
            "revenue": 417321,
            "revenue_4q": null,
            "common_shares": 683617,
            "book_valuer_per_share": 15.14,
            "book_valuer_per_share_4q_avg": 15.14,
            "equity": 1034795,
            "current_ratio": 161.77,
            "debt_ratio": 34.79,
            "inventory_turnover_ratio": 2.3,
            "account_receivable_turnover_ratio": 2.05,
            "reinvestment_rate": 51.25,
            "research_to_sale_ratio": null,
            "price_fair": 64.58,
            "eps_avg_yearly": 1.85,
            "eps_latest_yearly": 0.56,
            "eps_growth_yearly": 130.04
        },
        "20091": {
            "year_quarter": 20091,
            "year": 2009,
            "quarter": 1,
            "eps": -0.39,
            "eps_growth_year": null,
            "eps_4q": 0.07,
            "eps_4q_growth_year": -91.56,
            "roe": -2.54,
            "roe_4q": 0.5300000000000002,
            "gross_profit": -13919,
            "gross_margin": -5.38,
            "gross_margin_4q_avg": 5.68,
            "net_income": -26022,
            "net_income_4q": null,
            "revenue": 258822,
            "revenue_4q": null,
            "common_shares": 683617,
            "book_valuer_per_share": 14.87,
            "book_valuer_per_share_4q_avg": 15.1,
            "equity": 1016414,
            "current_ratio": 164.6,
            "debt_ratio": 34.7,
            "inventory_turnover_ratio": 1.66,
            "account_receivable_turnover_ratio": 0.73,
            "reinvestment_rate": 112.05,
            "research_to_sale_ratio": null,
            "price_fair": 64.58,
            "eps_avg_yearly": 1.85,
            "eps_latest_yearly": 0.56,
            "eps_growth_yearly": 130.04
        },
        "20092": {
            "year_quarter": 20092,
            "year": 2009,
            "quarter": 2,
            "eps": -0.39,
            "eps_growth_year": null,
            "eps_4q": -0.13,
            "eps_4q_growth_year": -188.2,
            "roe": -2.62,
            "roe_4q": -0.8599999999999999,
            "gross_profit": 10537,
            "gross_margin": 2.74,
            "gross_margin_4q_avg": 3.88,
            "net_income": -26161,
            "net_income_4q": null,
            "revenue": 384046,
            "revenue_4q": null,
            "common_shares": 683617,
            "book_valuer_per_share": 14.32,
            "book_valuer_per_share_4q_avg": 14.83,
            "equity": 978978,
            "current_ratio": 165.39,
            "debt_ratio": 35.44,
            "inventory_turnover_ratio": 2.13,
            "account_receivable_turnover_ratio": 1.12,
            "reinvestment_rate": 46.44,
            "research_to_sale_ratio": null,
            "price_fair": 64.58,
            "eps_avg_yearly": 1.85,
            "eps_latest_yearly": 0.56,
            "eps_growth_yearly": 130.04
        },
        "20093": {
            "year_quarter": 20093,
            "year": 2009,
            "quarter": 3,
            "eps": 0.16,
            "eps_growth_year": -66.67,
            "eps_4q": -0.5,
            "eps_4q_growth_year": null,
            "roe": 1.06,
            "roe_4q": -3.1899999999999995,
            "gross_profit": 46780,
            "gross_margin": 11.89,
            "gross_margin_4q_avg": 3.98,
            "net_income": 10366,
            "net_income_4q": null,
            "revenue": 393595,
            "revenue_4q": null,
            "common_shares": 683677,
            "book_valuer_per_share": 14.38,
            "book_valuer_per_share_4q_avg": 14.68,
            "equity": 982813,
            "current_ratio": 156.09,
            "debt_ratio": 39,
            "inventory_turnover_ratio": 2.09,
            "account_receivable_turnover_ratio": 1.01,
            "reinvestment_rate": 53.56,
            "research_to_sale_ratio": null,
            "price_fair": 64.58,
            "eps_avg_yearly": 1.85,
            "eps_latest_yearly": 0.56,
            "eps_growth_yearly": 130.04
        },
        "20094": {
            "year_quarter": 20094,
            "year": 2009,
            "quarter": 4,
            "eps": 0.39,
            "eps_growth_year": 178.57,
            "eps_4q": -0.24,
            "eps_4q_growth_year": -1259.75,
            "roe": 2.57,
            "roe_4q": -1.5300000000000002,
            "gross_profit": 54063,
            "gross_margin": 12.87,
            "gross_margin_4q_avg": 5.53,
            "net_income": 25610,
            "net_income_4q": null,
            "revenue": 420167,
            "revenue_4q": null,
            "common_shares": 684157,
            "book_valuer_per_share": 15.17,
            "book_valuer_per_share_4q_avg": 14.69,
            "equity": 1007384,
            "current_ratio": 167.21,
            "debt_ratio": 36.39,
            "inventory_turnover_ratio": 2.23,
            "account_receivable_turnover_ratio": 2.06,
            "reinvestment_rate": 190.4,
            "research_to_sale_ratio": null,
            "price_fair": 57.93,
            "eps_avg_yearly": 1.66,
            "eps_latest_yearly": 1.56,
            "eps_growth_yearly": 187.75
        },
        "20101": {
            "year_quarter": 20101,
            "year": 2010,
            "quarter": 1,
            "eps": 0.47,
            "eps_growth_year": null,
            "eps_4q": 0.62,
            "eps_4q_growth_year": 760.77,
            "roe": 3.07,
            "roe_4q": 4.079999999999999,
            "gross_profit": 69675,
            "gross_margin": 17.68,
            "gross_margin_4q_avg": 11.3,
            "net_income": 31439,
            "net_income_4q": null,
            "revenue": 394079,
            "revenue_4q": null,
            "common_shares": 685117,
            "book_valuer_per_share": 15.62,
            "book_valuer_per_share_4q_avg": 14.87,
            "equity": 1038732,
            "current_ratio": 161.89,
            "debt_ratio": 39.81,
            "inventory_turnover_ratio": 1.9,
            "account_receivable_turnover_ratio": 0.85,
            "reinvestment_rate": 358.09,
            "research_to_sale_ratio": 0.55,
            "price_fair": 56.35,
            "eps_avg_yearly": 1.61,
            "eps_latest_yearly": 1.88,
            "eps_growth_yearly": 211.64
        },
        "20102": {
            "year_quarter": 20102,
            "year": 2010,
            "quarter": 2,
            "eps": 0.31,
            "eps_growth_year": null,
            "eps_4q": 1.31,
            "eps_4q_growth_year": null,
            "roe": 1.99,
            "roe_4q": 8.69,
            "gross_profit": 54140,
            "gross_margin": 14.16,
            "gross_margin_4q_avg": 14.15,
            "net_income": 21213,
            "net_income_4q": null,
            "revenue": 382438,
            "revenue_4q": null,
            "common_shares": 687142,
            "book_valuer_per_share": 16.07,
            "book_valuer_per_share_4q_avg": 15.31,
            "equity": 1088004,
            "current_ratio": 185.28,
            "debt_ratio": 33.18,
            "inventory_turnover_ratio": 1.76,
            "account_receivable_turnover_ratio": 0.82,
            "reinvestment_rate": 376.08,
            "research_to_sale_ratio": 0.42,
            "price_fair": 59.68,
            "eps_avg_yearly": 1.71,
            "eps_latest_yearly": 1.24,
            "eps_growth_yearly": 233.91
        },
        "20103": {
            "year_quarter": 20103,
            "year": 2010,
            "quarter": 3,
            "eps": 0.58,
            "eps_growth_year": 265.3,
            "eps_4q": 1.74,
            "eps_4q_growth_year": null,
            "roe": 3.59,
            "roe_4q": 11.22,
            "gross_profit": 74154,
            "gross_margin": 15.83,
            "gross_margin_4q_avg": 15.14,
            "net_income": 39673,
            "net_income_4q": null,
            "revenue": 468442,
            "revenue_4q": null,
            "common_shares": 689025,
            "book_valuer_per_share": 16.55,
            "book_valuer_per_share_4q_avg": 15.85,
            "equity": 1123440,
            "current_ratio": 168.51,
            "debt_ratio": 37.31,
            "inventory_turnover_ratio": 1.8,
            "account_receivable_turnover_ratio": 1.16,
            "reinvestment_rate": 394,
            "research_to_sale_ratio": 0.25,
            "price_fair": 57.75,
            "eps_avg_yearly": 1.65,
            "eps_latest_yearly": 2.32,
            "eps_growth_yearly": 39.96
        },
        "20104": {
            "year_quarter": 20104,
            "year": 2010,
            "quarter": 4,
            "eps": 0.09,
            "eps_growth_year": -77.64,
            "eps_4q": 1.44,
            "eps_4q_growth_year": null,
            "roe": 0.54,
            "roe_4q": 9.19,
            "gross_profit": 49717,
            "gross_margin": 12.69,
            "gross_margin_4q_avg": 15.09,
            "net_income": 5972,
            "net_income_4q": null,
            "revenue": 391821,
            "revenue_4q": null,
            "common_shares": 695110,
            "book_valuer_per_share": 16.2,
            "book_valuer_per_share_4q_avg": 16.11,
            "equity": 1109226,
            "current_ratio": 241.94,
            "debt_ratio": 35.62,
            "inventory_turnover_ratio": 1.43,
            "account_receivable_turnover_ratio": 1.1,
            "reinvestment_rate": 190.82,
            "research_to_sale_ratio": 0.35,
            "price_fair": 4.52,
            "eps_avg_yearly": 1.51,
            "eps_latest_yearly": 0.36,
            "eps_growth_yearly": -2.03
        },
        "20111": {
            "year_quarter": 20111,
            "year": 2011,
            "quarter": 1,
            "eps": 0,
            "eps_growth_year": -100,
            "eps_4q": 0.96,
            "eps_4q_growth_year": 54.43,
            "roe": 0,
            "roe_4q": 6.12,
            "gross_profit": 30639,
            "gross_margin": 9.38,
            "gross_margin_4q_avg": 13.02,
            "net_income": 11,
            "net_income_4q": null,
            "revenue": 326775,
            "revenue_4q": null,
            "common_shares": 698097,
            "book_valuer_per_share": 16.24,
            "book_valuer_per_share_4q_avg": 16.27,
            "equity": 1133799,
            "current_ratio": 264.38,
            "debt_ratio": 33.55,
            "inventory_turnover_ratio": 1.24,
            "account_receivable_turnover_ratio": 1.04,
            "reinvestment_rate": 443.18,
            "research_to_sale_ratio": 0.44,
            "price_fair": 4.52,
            "eps_avg_yearly": 1.51,
            "eps_latest_yearly": 0.36,
            "eps_growth_yearly": -2.03
        },
        "20112": {
            "year_quarter": 20112,
            "year": 2011,
            "quarter": 2,
            "eps": 0.05,
            "eps_growth_year": -83.95,
            "eps_4q": 0.66,
            "eps_4q_growth_year": -49.39,
            "roe": 0.34,
            "roe_4q": 4.47,
            "gross_profit": 33405,
            "gross_margin": 9.97,
            "gross_margin_4q_avg": 11.97,
            "net_income": 3751,
            "net_income_4q": null,
            "revenue": 334968,
            "revenue_4q": null,
            "common_shares": 698097,
            "book_valuer_per_share": 15.65,
            "book_valuer_per_share_4q_avg": 16.16,
            "equity": 1092658,
            "current_ratio": 242.51,
            "debt_ratio": 35.83,
            "inventory_turnover_ratio": 1.25,
            "account_receivable_turnover_ratio": 1.09,
            "reinvestment_rate": 539.16,
            "research_to_sale_ratio": 0.44,
            "price_fair": 4.2,
            "eps_avg_yearly": 1.4,
            "eps_latest_yearly": 0.36,
            "eps_growth_yearly": -0.65
        },
        "20113": {
            "year_quarter": 20113,
            "year": 2011,
            "quarter": 3,
            "eps": 0.24,
            "eps_growth_year": -58.62,
            "eps_4q": 0.37,
            "eps_4q_growth_year": -78.56,
            "roe": 1.61,
            "roe_4q": 2.49,
            "gross_profit": 43792,
            "gross_margin": 11.67,
            "gross_margin_4q_avg": 10.93,
            "net_income": 18019,
            "net_income_4q": null,
            "revenue": 375288,
            "revenue_4q": null,
            "common_shares": 744976,
            "book_valuer_per_share": 15.36,
            "book_valuer_per_share_4q_avg": 15.86,
            "equity": 1144102,
            "current_ratio": 245.46,
            "debt_ratio": 35.12,
            "inventory_turnover_ratio": 1.32,
            "account_receivable_turnover_ratio": 1.04,
            "reinvestment_rate": 741.15,
            "research_to_sale_ratio": 0.43,
            "price_fair": 39.9,
            "eps_avg_yearly": 1.14,
            "eps_latest_yearly": 0.96,
            "eps_growth_yearly": 174.95
        },
        "20114": {
            "year_quarter": 20114,
            "year": 2011,
            "quarter": 4,
            "eps": 0.41,
            "eps_growth_year": 372.34,
            "eps_4q": 0.7,
            "eps_4q_growth_year": -50.96,
            "roe": 2.65,
            "roe_4q": 4.6,
            "gross_profit": 50989,
            "gross_margin": 11.45,
            "gross_margin_4q_avg": 10.62,
            "net_income": 30720,
            "net_income_4q": null,
            "revenue": 445263,
            "revenue_4q": null,
            "common_shares": 745851,
            "book_valuer_per_share": 15.79,
            "book_valuer_per_share_4q_avg": 15.76,
            "equity": 1177409,
            "current_ratio": 178.23,
            "debt_ratio": 36.74,
            "inventory_turnover_ratio": 1.4,
            "account_receivable_turnover_ratio": 1.04,
            "reinvestment_rate": 326.91,
            "research_to_sale_ratio": 0.35,
            "price_fair": 46.03,
            "eps_avg_yearly": 1.32,
            "eps_latest_yearly": 1.64,
            "eps_growth_yearly": 256.42
        },
        "20121": {
            "year_quarter": 20121,
            "year": 2012,
            "quarter": 1,
            "eps": 0.01,
            "eps_growth_year": null,
            "eps_4q": 0.71,
            "eps_4q_growth_year": -25.81,
            "roe": 0.04,
            "roe_4q": 4.64,
            "gross_profit": 33643,
            "gross_margin": 8.82,
            "gross_margin_4q_avg": 10.48,
            "net_income": 520,
            "net_income_4q": null,
            "revenue": 381419,
            "revenue_4q": null,
            "common_shares": 745936,
            "book_valuer_per_share": 15.62,
            "book_valuer_per_share_4q_avg": 15.61,
            "equity": 1165251,
            "current_ratio": 189.92,
            "debt_ratio": 34.78,
            "inventory_turnover_ratio": 1.16,
            "account_receivable_turnover_ratio": 0.89,
            "reinvestment_rate": 267.46,
            "research_to_sale_ratio": 1.18,
            "price_fair": 41.07,
            "eps_avg_yearly": 1.17,
            "eps_latest_yearly": 0.04,
            "eps_growth_yearly": 184.57
        },
        "20122": {
            "year_quarter": 20122,
            "year": 2012,
            "quarter": 2,
            "eps": 0.18,
            "eps_growth_year": 250.27,
            "eps_4q": 0.82,
            "eps_4q_growth_year": 23.02,
            "roe": 1.17,
            "roe_4q": 5.47,
            "gross_profit": 42557,
            "gross_margin": 10.66,
            "gross_margin_4q_avg": 10.65,
            "net_income": 13585,
            "net_income_4q": null,
            "revenue": 399111,
            "revenue_4q": null,
            "common_shares": 745936,
            "book_valuer_per_share": 15.54,
            "book_valuer_per_share_4q_avg": 15.58,
            "equity": 1159426,
            "current_ratio": 185.18,
            "debt_ratio": 34.93,
            "inventory_turnover_ratio": 1.18,
            "account_receivable_turnover_ratio": 0.92,
            "reinvestment_rate": 273.64,
            "research_to_sale_ratio": 0.99,
            "price_fair": 39.48,
            "eps_avg_yearly": 1.13,
            "eps_latest_yearly": 0.72,
            "eps_growth_yearly": 846.11
        },
        "20123": {
            "year_quarter": 20123,
            "year": 2012,
            "quarter": 3,
            "eps": 0.06,
            "eps_growth_year": -73.53,
            "eps_4q": 0.65,
            "eps_4q_growth_year": 73.19,
            "roe": 0.43,
            "roe_4q": 4.29,
            "gross_profit": 45374,
            "gross_margin": 9.8,
            "gross_margin_4q_avg": 10.18,
            "net_income": 4938,
            "net_income_4q": null,
            "revenue": 462997,
            "revenue_4q": null,
            "common_shares": 771279,
            "book_valuer_per_share": 15.04,
            "book_valuer_per_share_4q_avg": 15.5,
            "equity": 1160032,
            "current_ratio": 174.67,
            "debt_ratio": 36.54,
            "inventory_turnover_ratio": 1.43,
            "account_receivable_turnover_ratio": 1.13,
            "reinvestment_rate": 348.21,
            "research_to_sale_ratio": 0.91,
            "price_fair": 36.65,
            "eps_avg_yearly": 1.05,
            "eps_latest_yearly": 0.24,
            "eps_growth_yearly": 744.95
        },
        "20124": {
            "year_quarter": 20124,
            "year": 2012,
            "quarter": 4,
            "eps": 0.07,
            "eps_growth_year": -83.67,
            "eps_4q": 0.31,
            "eps_4q_growth_year": -55.37,
            "roe": 0.45,
            "roe_4q": 2.09,
            "gross_profit": 16218,
            "gross_margin": 4.29,
            "gross_margin_4q_avg": 8.39,
            "net_income": 5189,
            "net_income_4q": null,
            "revenue": 377922,
            "revenue_4q": null,
            "common_shares": 771279,
            "book_valuer_per_share": 15.11,
            "book_valuer_per_share_4q_avg": 15.33,
            "equity": 1165252,
            "current_ratio": 211.8,
            "debt_ratio": 29.26,
            "inventory_turnover_ratio": 1.3,
            "account_receivable_turnover_ratio": 1.08,
            "reinvestment_rate": 362.81,
            "research_to_sale_ratio": 1,
            "price_fair": 35.76,
            "eps_avg_yearly": 1.02,
            "eps_latest_yearly": 0.28,
            "eps_growth_yearly": 776.77
        },
        "20131": {
            "year_quarter": 20131,
            "year": 2013,
            "quarter": 1,
            "eps": -0.14,
            "eps_growth_year": -1500,
            "eps_4q": 0.16,
            "eps_4q_growth_year": -77.11,
            "roe": -0.96,
            "roe_4q": 1.0899999999999999,
            "gross_profit": 19785,
            "gross_margin": 4.76,
            "gross_margin_4q_avg": 7.38,
            "net_income": -11166,
            "net_income_4q": null,
            "revenue": 415970,
            "revenue_4q": null,
            "common_shares": 771279,
            "book_valuer_per_share": 15.01,
            "book_valuer_per_share_4q_avg": 15.18,
            "equity": 1157642,
            "current_ratio": 203.35,
            "debt_ratio": 32.49,
            "inventory_turnover_ratio": 1.37,
            "account_receivable_turnover_ratio": 1.23,
            "reinvestment_rate": -29.27,
            "research_to_sale_ratio": 1.01,
            "price_fair": 35.76,
            "eps_avg_yearly": 1.02,
            "eps_latest_yearly": 0.28,
            "eps_growth_yearly": 776.77
        },
        "20132": {
            "year_quarter": 20132,
            "year": 2013,
            "quarter": 2,
            "eps": 0.15,
            "eps_growth_year": -14.88,
            "eps_4q": 0.14,
            "eps_4q_growth_year": -83.32,
            "roe": 1,
            "roe_4q": 0.92,
            "gross_profit": 39561,
            "gross_margin": 8.91,
            "gross_margin_4q_avg": 6.94,
            "net_income": 11684,
            "net_income_4q": null,
            "revenue": 444244,
            "revenue_4q": null,
            "common_shares": 771279,
            "book_valuer_per_share": 15.15,
            "book_valuer_per_share_4q_avg": 15.08,
            "equity": 1168239,
            "current_ratio": 224.05,
            "debt_ratio": 30.07,
            "inventory_turnover_ratio": 1.31,
            "account_receivable_turnover_ratio": 1.41,
            "reinvestment_rate": -15.59,
            "research_to_sale_ratio": 0.92,
            "price_fair": 35.76,
            "eps_avg_yearly": 1.02,
            "eps_latest_yearly": 0.28,
            "eps_growth_yearly": 776.77
        },
        "20133": {
            "year_quarter": 20133,
            "year": 2013,
            "quarter": 3,
            "eps": 0.14,
            "eps_growth_year": 118.67,
            "eps_4q": 0.07,
            "eps_4q_growth_year": -88.7,
            "roe": 0.91,
            "roe_4q": 1.4000000000000001,
            "gross_profit": 32344,
            "gross_margin": 8.19,
            "gross_margin_4q_avg": 6.54,
            "net_income": 10632,
            "net_income_4q": null,
            "revenue": 394886,
            "revenue_4q": null,
            "common_shares": 783017,
            "book_valuer_per_share": 14.98,
            "book_valuer_per_share_4q_avg": 15.06,
            "equity": 1173138,
            "current_ratio": 254.94,
            "debt_ratio": 26.9,
            "inventory_turnover_ratio": 1.22,
            "account_receivable_turnover_ratio": 1.46,
            "reinvestment_rate": -28.77,
            "research_to_sale_ratio": 1.06,
            "price_fair": 34.42,
            "eps_avg_yearly": 0.98,
            "eps_latest_yearly": 0.56,
            "eps_growth_yearly": 709.81
        },
        "20134": {
            "year_quarter": 20134,
            "year": 2013,
            "quarter": 4,
            "eps": 0.65,
            "eps_growth_year": 872.12,
            "eps_4q": 0.66,
            "eps_4q_growth_year": 110.27,
            "roe": 3.34,
            "roe_4q": 4.29,
            "gross_profit": 61058,
            "gross_margin": 12.25,
            "gross_margin_4q_avg": 8.53,
            "net_income": 40061,
            "net_income_4q": null,
            "revenue": 498574,
            "revenue_4q": null,
            "common_shares": 783017,
            "book_valuer_per_share": 15.64,
            "book_valuer_per_share_4q_avg": 15.2,
            "equity": 1224518,
            "current_ratio": 270.07,
            "debt_ratio": 26.01,
            "inventory_turnover_ratio": 1.85,
            "account_receivable_turnover_ratio": 1.65,
            "reinvestment_rate": -267.4,
            "research_to_sale_ratio": 0.74,
            "price_fair": 37.45,
            "eps_avg_yearly": 1.07,
            "eps_latest_yearly": 2.6,
            "eps_growth_yearly": 783.33
        },
        "20141": {
            "year_quarter": 20141,
            "year": 2014,
            "quarter": 1,
            "eps": 0.25,
            "eps_growth_year": null,
            "eps_4q": 1.05,
            "eps_4q_growth_year": 546.92,
            "roe": 1.58,
            "roe_4q": 6.83,
            "gross_profit": 47999,
            "gross_margin": 10.65,
            "gross_margin_4q_avg": 10,
            "net_income": 19569,
            "net_income_4q": null,
            "revenue": 450705,
            "revenue_4q": null,
            "common_shares": 783642,
            "book_valuer_per_share": 15.89,
            "book_valuer_per_share_4q_avg": 15.42,
            "equity": 1245114,
            "current_ratio": 227.36,
            "debt_ratio": 32.26,
            "inventory_turnover_ratio": 1.53,
            "account_receivable_turnover_ratio": 1.4,
            "reinvestment_rate": -292.22,
            "research_to_sale_ratio": 0.87,
            "price_fair": 34.88,
            "eps_avg_yearly": 1,
            "eps_latest_yearly": 1,
            "eps_growth_yearly": 755.97
        },
        "20142": {
            "year_quarter": 20142,
            "year": 2014,
            "quarter": 2,
            "eps": 0.22,
            "eps_growth_year": 46.67,
            "eps_4q": 1.1,
            "eps_4q_growth_year": 705.76,
            "roe": 1.43,
            "roe_4q": 7.26,
            "gross_profit": 51375,
            "gross_margin": 10.43,
            "gross_margin_4q_avg": 10.38,
            "net_income": 17758,
            "net_income_4q": null,
            "revenue": 492658,
            "revenue_4q": null,
            "common_shares": 783642,
            "book_valuer_per_share": 15.73,
            "book_valuer_per_share_4q_avg": 15.56,
            "equity": 1232377,
            "current_ratio": 240.74,
            "debt_ratio": 30,
            "inventory_turnover_ratio": 1.41,
            "account_receivable_turnover_ratio": 1.49,
            "reinvestment_rate": -306.09,
            "research_to_sale_ratio": 0.82,
            "price_fair": 33.83,
            "eps_avg_yearly": 0.97,
            "eps_latest_yearly": 0.88,
            "eps_growth_yearly": 763.32
        },
        "20143": {
            "year_quarter": 20143,
            "year": 2014,
            "quarter": 3,
            "eps": 0.23,
            "eps_growth_year": 64.29,
            "eps_4q": 1.33,
            "eps_4q_growth_year": 1718.89,
            "roe": 1.5,
            "roe_4q": 7.85,
            "gross_profit": 49941,
            "gross_margin": 9.78,
            "gross_margin_4q_avg": 10.78,
            "net_income": 18698,
            "net_income_4q": null,
            "revenue": 510863,
            "revenue_4q": null,
            "common_shares": 808902,
            "book_valuer_per_share": 15.64,
            "book_valuer_per_share_4q_avg": 15.73,
            "equity": 1264801,
            "current_ratio": 217.99,
            "debt_ratio": 33.97,
            "inventory_turnover_ratio": 1.44,
            "account_receivable_turnover_ratio": 1.35,
            "reinvestment_rate": -361.31,
            "research_to_sale_ratio": 0.85,
            "price_fair": 29.75,
            "eps_avg_yearly": 0.85,
            "eps_latest_yearly": 0.92,
            "eps_growth_yearly": 735.81
        },
        "20144": {
            "year_quarter": 20144,
            "year": 2014,
            "quarter": 4,
            "eps": 0.37,
            "eps_growth_year": -43.47,
            "eps_4q": 1.06,
            "eps_4q_growth_year": 60.81,
            "roe": 2.32,
            "roe_4q": 6.83,
            "gross_profit": 60617,
            "gross_margin": 11.72,
            "gross_margin_4q_avg": 10.65,
            "net_income": 29908,
            "net_income_4q": null,
            "revenue": 517140,
            "revenue_4q": null,
            "common_shares": 808902,
            "book_valuer_per_share": 16.19,
            "book_valuer_per_share_4q_avg": 15.86,
            "equity": 1309391,
            "current_ratio": 264.66,
            "debt_ratio": 29.36,
            "inventory_turnover_ratio": 1.26,
            "account_receivable_turnover_ratio": 1.29,
            "reinvestment_rate": -311.02,
            "research_to_sale_ratio": 0.81,
            "price_fair": 33.02,
            "eps_avg_yearly": 0.94,
            "eps_latest_yearly": 1.48,
            "eps_growth_yearly": 784.26
        },
        "20151": {
            "year_quarter": 20151,
            "year": 2015,
            "quarter": 1,
            "eps": 0.41,
            "eps_growth_year": 64,
            "eps_4q": 1.23,
            "eps_4q_growth_year": 17.04,
            "roe": 2.51,
            "roe_4q": 7.76,
            "gross_profit": 75833,
            "gross_margin": 15.05,
            "gross_margin_4q_avg": 11.75,
            "net_income": 33265,
            "net_income_4q": null,
            "revenue": 504006,
            "revenue_4q": null,
            "common_shares": 808902,
            "book_valuer_per_share": 16.53,
            "book_valuer_per_share_4q_avg": 16.02,
            "equity": 1337420,
            "current_ratio": 315.06,
            "debt_ratio": 25.28,
            "inventory_turnover_ratio": 1.27,
            "account_receivable_turnover_ratio": 1.23,
            "reinvestment_rate": -277.16,
            "research_to_sale_ratio": 0.81,
            "price_fair": 34.89,
            "eps_avg_yearly": 1,
            "eps_latest_yearly": 1.64,
            "eps_growth_yearly": 727.26
        },
        "20152": {
            "year_quarter": 20152,
            "year": 2015,
            "quarter": 2,
            "eps": 0.41,
            "eps_growth_year": 86.36,
            "eps_4q": 1.37,
            "eps_4q_growth_year": 24.87,
            "roe": 2.59,
            "roe_4q": 8.92,
            "gross_profit": 83315,
            "gross_margin": 16.48,
            "gross_margin_4q_avg": 13.26,
            "net_income": 34518,
            "net_income_4q": null,
            "revenue": 505407,
            "revenue_4q": null,
            "common_shares": 808902,
            "book_valuer_per_share": 16.42,
            "book_valuer_per_share_4q_avg": 16.2,
            "equity": 1328516,
            "current_ratio": 279.9,
            "debt_ratio": 28.92,
            "inventory_turnover_ratio": 1.38,
            "account_receivable_turnover_ratio": 1.18,
            "reinvestment_rate": -249.61,
            "research_to_sale_ratio": 0.8,
            "price_fair": 36.5,
            "eps_avg_yearly": 1.04,
            "eps_latest_yearly": 1.64,
            "eps_growth_yearly": 675.31
        },
        "20153": {
            "year_quarter": 20153,
            "year": 2015,
            "quarter": 3,
            "eps": 0.23,
            "eps_growth_year": 0,
            "eps_4q": 1.38,
            "eps_4q_growth_year": 4.33,
            "roe": 1.47,
            "roe_4q": 8.889999999999999,
            "gross_profit": 61445,
            "gross_margin": 11.58,
            "gross_margin_4q_avg": 13.71,
            "net_income": 19873,
            "net_income_4q": null,
            "revenue": 530510,
            "revenue_4q": null,
            "common_shares": 849963,
            "book_valuer_per_share": 16.13,
            "book_valuer_per_share_4q_avg": 16.32,
            "equity": 1371059,
            "current_ratio": 291.94,
            "debt_ratio": 28.02,
            "inventory_turnover_ratio": 1.58,
            "account_receivable_turnover_ratio": 1.48,
            "reinvestment_rate": -276.81,
            "research_to_sale_ratio": 0.64,
            "price_fair": 36.4,
            "eps_avg_yearly": 1.04,
            "eps_latest_yearly": 0.92,
            "eps_growth_yearly": 554.19
        },
        "20154": {
            "year_quarter": 20154,
            "year": 2015,
            "quarter": 4,
            "eps": 0.86,
            "eps_growth_year": 132.33,
            "eps_4q": 1.89,
            "eps_4q_growth_year": 77.94,
            "roe": 5.24,
            "roe_4q": 11.81,
            "gross_profit": 127835,
            "gross_margin": 19.5,
            "gross_margin_4q_avg": 15.65,
            "net_income": 73011,
            "net_income_4q": null,
            "revenue": 655704,
            "revenue_4q": null,
            "common_shares": 849963,
            "book_valuer_per_share": 16.65,
            "book_valuer_per_share_4q_avg": 16.43,
            "equity": 1415507,
            "current_ratio": 275.76,
            "debt_ratio": 30.58,
            "inventory_turnover_ratio": 1.74,
            "account_receivable_turnover_ratio": 2.01,
            "reinvestment_rate": -254.21,
            "research_to_sale_ratio": 0.51,
            "price_fair": 40.9,
            "eps_avg_yearly": 1.17,
            "eps_latest_yearly": 3.44,
            "eps_growth_yearly": 612.22
        },
        "20161": {
            "year_quarter": 20161,
            "year": 2016,
            "quarter": 1,
            "eps": 0.29,
            "eps_growth_year": -29.27,
            "eps_4q": 1.78,
            "eps_4q_growth_year": 44.29,
            "roe": 1.72,
            "roe_4q": 11.02,
            "gross_profit": 73116,
            "gross_margin": 12.21,
            "gross_margin_4q_avg": 14.94,
            "net_income": 24634,
            "net_income_4q": null,
            "revenue": 598975,
            "revenue_4q": null,
            "common_shares": 849963,
            "book_valuer_per_share": 16.98,
            "book_valuer_per_share_4q_avg": 16.55,
            "equity": 1442962,
            "current_ratio": 291.96,
            "debt_ratio": 29.41,
            "inventory_turnover_ratio": 1.61,
            "account_receivable_turnover_ratio": 1.55,
            "reinvestment_rate": -228.54,
            "research_to_sale_ratio": 0.53,
            "price_fair": 43.7,
            "eps_avg_yearly": 1.25,
            "eps_latest_yearly": 1.16,
            "eps_growth_yearly": 621.15
        },
        "20162": {
            "year_quarter": 20162,
            "year": 2016,
            "quarter": 2,
            "eps": 0.05,
            "eps_growth_year": -87.8,
            "eps_4q": 1.32,
            "eps_4q_growth_year": -3.47,
            "roe": 0.32,
            "roe_4q": 8.75,
            "gross_profit": 43721,
            "gross_margin": 7.91,
            "gross_margin_4q_avg": 12.8,
            "net_income": 4426,
            "net_income_4q": null,
            "revenue": 553043,
            "revenue_4q": null,
            "common_shares": 849963,
            "book_valuer_per_share": 16.06,
            "book_valuer_per_share_4q_avg": 16.46,
            "equity": 1365040,
            "current_ratio": 248.47,
            "debt_ratio": 34.1,
            "inventory_turnover_ratio": 1.38,
            "account_receivable_turnover_ratio": 1.57,
            "reinvestment_rate": -252.56,
            "research_to_sale_ratio": 0.59,
            "price_fair": 42.4,
            "eps_avg_yearly": 1.21,
            "eps_latest_yearly": 0.2,
            "eps_growth_yearly": 111.79
        },
        "20163": {
            "year_quarter": 20163,
            "year": 2016,
            "quarter": 3,
            "eps": 0.03,
            "eps_growth_year": -86.96,
            "eps_4q": 1.11,
            "eps_4q_growth_year": -19.96,
            "roe": 0.18,
            "roe_4q": 7.46,
            "gross_profit": 31995,
            "gross_margin": 5.89,
            "gross_margin_4q_avg": 11.38,
            "net_income": 2454,
            "net_income_4q": null,
            "revenue": 543280,
            "revenue_4q": null,
            "common_shares": 921974,
            "book_valuer_per_share": 14.65,
            "book_valuer_per_share_4q_avg": 16.09,
            "equity": 1350699,
            "current_ratio": 273.19,
            "debt_ratio": 31.63,
            "inventory_turnover_ratio": 1.2,
            "account_receivable_turnover_ratio": 1.88,
            "reinvestment_rate": -270.3,
            "research_to_sale_ratio": 0.62,
            "price_fair": 42.1,
            "eps_avg_yearly": 1.2,
            "eps_latest_yearly": 0.12,
            "eps_growth_yearly": 119.41
        },
        "20164": {
            "year_quarter": 20164,
            "year": 2016,
            "quarter": 4,
            "eps": 0.46,
            "eps_growth_year": -46.22,
            "eps_4q": 0.78,
            "eps_4q_growth_year": -58.89,
            "roe": 3.12,
            "roe_4q": 5.34,
            "gross_profit": 75735,
            "gross_margin": 14.35,
            "gross_margin_4q_avg": 10.09,
            "net_income": 42590,
            "net_income_4q": null,
            "revenue": 527907,
            "revenue_4q": null,
            "common_shares": 921974,
            "book_valuer_per_share": 14.99,
            "book_valuer_per_share_4q_avg": 15.67,
            "equity": 1381604,
            "current_ratio": 257.11,
            "debt_ratio": 33.21,
            "inventory_turnover_ratio": 0.93,
            "account_receivable_turnover_ratio": 2.09,
            "reinvestment_rate": -234,
            "research_to_sale_ratio": 0.66,
            "price_fair": 46,
            "eps_avg_yearly": 1.31,
            "eps_latest_yearly": 1.84,
            "eps_growth_yearly": 524.18
        },
        "20171": {
            "year_quarter": 20171,
            "year": 2017,
            "quarter": 1,
            "eps": -0.01,
            "eps_growth_year": -103.45,
            "eps_4q": 0.5,
            "eps_4q_growth_year": -71.82,
            "roe": -0.06,
            "roe_4q": 3.56,
            "gross_profit": 49286,
            "gross_margin": 10.13,
            "gross_margin_4q_avg": 9.57,
            "net_income": -841,
            "net_income_4q": null,
            "revenue": 486495,
            "revenue_4q": null,
            "common_shares": 921974,
            "book_valuer_per_share": 14.73,
            "book_valuer_per_share_4q_avg": 15.11,
            "equity": 1357914,
            "current_ratio": 303.27,
            "debt_ratio": 28.06,
            "inventory_turnover_ratio": 0.89,
            "account_receivable_turnover_ratio": 1.85,
            "reinvestment_rate": -59.13,
            "research_to_sale_ratio": 0.78,
            "price_fair": 46,
            "eps_avg_yearly": 1.31,
            "eps_latest_yearly": 1.84,
            "eps_growth_yearly": 524.18
        },
        "20172": {
            "year_quarter": 20172,
            "year": 2017,
            "quarter": 2,
            "eps": 0.4,
            "eps_growth_year": 700,
            "eps_4q": 0.86,
            "eps_4q_growth_year": -35.25,
            "roe": 2.75,
            "roe_4q": 5.99,
            "gross_profit": 83943,
            "gross_margin": 13.68,
            "gross_margin_4q_avg": 11.01,
            "net_income": 37083,
            "net_income_4q": null,
            "revenue": 613690,
            "revenue_4q": null,
            "common_shares": 921974,
            "book_valuer_per_share": 14.54,
            "book_valuer_per_share_4q_avg": 14.73,
            "equity": 1340964,
            "current_ratio": 275.48,
            "debt_ratio": 30.64,
            "inventory_turnover_ratio": 1.28,
            "account_receivable_turnover_ratio": 1.87,
            "reinvestment_rate": -51.41,
            "research_to_sale_ratio": 0.67,
            "price_fair": 46,
            "eps_avg_yearly": 1.31,
            "eps_latest_yearly": 1.84,
            "eps_growth_yearly": 524.18
        },
        "20173": {
            "year_quarter": 20173,
            "year": 2017,
            "quarter": 3,
            "eps": 0.46,
            "eps_growth_year": 1433.33,
            "eps_4q": 1.32,
            "eps_4q_growth_year": 19.01,
            "roe": 3.12,
            "roe_4q": 8.93,
            "gross_profit": 89121,
            "gross_margin": 14.12,
            "gross_margin_4q_avg": 13.07,
            "net_income": 42647,
            "net_income_4q": null,
            "revenue": 631357,
            "revenue_4q": null,
            "common_shares": 921974,
            "book_valuer_per_share": 15.08,
            "book_valuer_per_share_4q_avg": 14.84,
            "equity": 1390787,
            "current_ratio": 244.14,
            "debt_ratio": 34.63,
            "inventory_turnover_ratio": 1.24,
            "account_receivable_turnover_ratio": 1.8,
            "reinvestment_rate": -38.25,
            "research_to_sale_ratio": 0.63,
            "price_fair": 49.2,
            "eps_avg_yearly": 1.41,
            "eps_latest_yearly": 1.84,
            "eps_growth_yearly": 530.37
        },
        "20174": {
            "year_quarter": 20174,
            "year": 2017,
            "quarter": 4,
            "eps": 0.45,
            "eps_growth_year": -3.15,
            "eps_4q": 1.3,
            "eps_4q_growth_year": 67.67,
            "roe": 2.92,
            "roe_4q": 8.729999999999999,
            "gross_profit": 100964,
            "gross_margin": 16.02,
            "gross_margin_4q_avg": 13.49,
            "net_income": 41250,
            "net_income_4q": null,
            "revenue": 630339,
            "revenue_4q": null,
            "common_shares": 921974,
            "book_valuer_per_share": 15.54,
            "book_valuer_per_share_4q_avg": 14.97,
            "equity": 1432804,
            "current_ratio": 254.12,
            "debt_ratio": 33.44,
            "inventory_turnover_ratio": 1.02,
            "account_receivable_turnover_ratio": 1.81,
            "reinvestment_rate": -34.31,
            "research_to_sale_ratio": 0.66,
            "price_fair": 47.2,
            "eps_avg_yearly": 1.35,
            "eps_latest_yearly": 1.8,
            "eps_growth_yearly": 425.66
        },
        "20181": {
            "year_quarter": 20181,
            "year": 2018,
            "quarter": 1,
            "eps": 0.24,
            "eps_growth_year": null,
            "eps_4q": 1.55,
            "eps_4q_growth_year": 209.91,
            "roe": 1.53,
            "roe_4q": 10.32,
            "gross_profit": 77477,
            "gross_margin": 12.49,
            "gross_margin_4q_avg": 14.08,
            "net_income": 22122,
            "net_income_4q": null,
            "revenue": 620221,
            "revenue_4q": null,
            "common_shares": 921974,
            "book_valuer_per_share": 15.88,
            "book_valuer_per_share_4q_avg": 15.26,
            "equity": 1464184,
            "current_ratio": 292.53,
            "debt_ratio": 29.15,
            "inventory_turnover_ratio": 1.01,
            "account_receivable_turnover_ratio": 1.86,
            "reinvestment_rate": -26.53,
            "research_to_sale_ratio": 0.66,
            "price_fair": 47.1,
            "eps_avg_yearly": 1.35,
            "eps_latest_yearly": 0.96,
            "eps_growth_yearly": 429.91
        },
        "20182": {
            "year_quarter": 20182,
            "year": 2018,
            "quarter": 2,
            "eps": 0.75,
            "eps_growth_year": 87.5,
            "eps_4q": 1.9,
            "eps_4q_growth_year": 122.12,
            "roe": 4.79,
            "roe_4q": 12.36,
            "gross_profit": 104218,
            "gross_margin": 14.99,
            "gross_margin_4q_avg": 14.41,
            "net_income": 69084,
            "net_income_4q": null,
            "revenue": 695440,
            "revenue_4q": null,
            "common_shares": 921974,
            "book_valuer_per_share": 15.4,
            "book_valuer_per_share_4q_avg": 15.48,
            "equity": 1419835,
            "current_ratio": 222.52,
            "debt_ratio": 38.14,
            "inventory_turnover_ratio": 0.96,
            "account_receivable_turnover_ratio": 1.84,
            "reinvestment_rate": -29.24,
            "research_to_sale_ratio": 0.59,
            "price_fair": 52.4,
            "eps_avg_yearly": 1.5,
            "eps_latest_yearly": 3,
            "eps_growth_yearly": 494.05
        },
        "20183": {
            "year_quarter": 20183,
            "year": 2018,
            "quarter": 3,
            "eps": 1,
            "eps_growth_year": 117.39,
            "eps_4q": 2.44,
            "eps_4q_growth_year": 85.27,
            "roe": 6.36,
            "roe_4q": 15.6,
            "gross_profit": 156480,
            "gross_margin": 17.19,
            "gross_margin_4q_avg": 15.17,
            "net_income": 92604,
            "net_income_4q": null,
            "revenue": 910324,
            "revenue_4q": null,
            "common_shares": 921974,
            "book_valuer_per_share": 16.2,
            "book_valuer_per_share_4q_avg": 15.76,
            "equity": 1493389,
            "current_ratio": 222.94,
            "debt_ratio": 37.28,
            "inventory_turnover_ratio": 1.03,
            "account_receivable_turnover_ratio": 1.96,
            "reinvestment_rate": -25.56,
            "research_to_sale_ratio": 0.5,
            "price_fair": 60.1,
            "eps_avg_yearly": 1.72,
            "eps_latest_yearly": 4,
            "eps_growth_yearly": 502.28
        },
        "20184": {
            "year_quarter": 20184,
            "year": 2018,
            "quarter": 4,
            "eps": 0.83,
            "eps_growth_year": 84.4,
            "eps_4q": 2.82,
            "eps_4q_growth_year": 116.31,
            "roe": 4.97,
            "roe_4q": 17.650000000000002,
            "gross_profit": 144709,
            "gross_margin": 15.43,
            "gross_margin_4q_avg": 15.03,
            "net_income": 76063,
            "net_income_4q": null,
            "revenue": 937930,
            "revenue_4q": null,
            "common_shares": 921974,
            "book_valuer_per_share": 16.98,
            "book_valuer_per_share_4q_avg": 16.12,
            "equity": 1565203,
            "current_ratio": 212.42,
            "debt_ratio": 39.86,
            "inventory_turnover_ratio": 0.91,
            "account_receivable_turnover_ratio": 2.09,
            "reinvestment_rate": -13.89,
            "research_to_sale_ratio": 0.48,
            "price_fair": 64.7,
            "eps_avg_yearly": 1.85,
            "eps_latest_yearly": 3.32,
            "eps_growth_yearly": 480.03
        },
        "20191": {
            "year_quarter": 20191,
            "year": 2019,
            "quarter": 1,
            "eps": 0.56,
            "eps_growth_year": 133.33,
            "eps_4q": 3.14,
            "eps_4q_growth_year": 102.29,
            "roe": 3.24,
            "roe_4q": 19.36,
            "gross_profit": 114677,
            "gross_margin": 14.33,
            "gross_margin_4q_avg": 15.49,
            "net_income": 51730,
            "net_income_4q": null,
            "revenue": 800194,
            "revenue_4q": null,
            "common_shares": 921974,
            "book_valuer_per_share": 17.69,
            "book_valuer_per_share_4q_avg": 16.57,
            "equity": 1630958,
            "current_ratio": 206.34,
            "debt_ratio": 40.87,
            "inventory_turnover_ratio": 0.67,
            "account_receivable_turnover_ratio": 1.96,
            "reinvestment_rate": -9.18,
            "research_to_sale_ratio": 0.55,
            "price_fair": 66.2,
            "eps_avg_yearly": 1.89,
            "eps_latest_yearly": 2.24,
            "eps_growth_yearly": 467.65
        },
        "20192": {
            "year_quarter": 20192,
            "year": 2019,
            "quarter": 2,
            "eps": 0.14,
            "eps_growth_year": -81.33,
            "eps_4q": 2.37,
            "eps_4q_growth_year": 24.61,
            "roe": 0.88,
            "roe_4q": 15.45,
            "gross_profit": 80317,
            "gross_margin": 11.94,
            "gross_margin_4q_avg": 14.72,
            "net_income": 13764,
            "net_income_4q": null,
            "revenue": 672741,
            "revenue_4q": null,
            "common_shares": 921974,
            "book_valuer_per_share": 16.05,
            "book_valuer_per_share_4q_avg": 16.73,
            "equity": 1479564,
            "current_ratio": 185.3,
            "debt_ratio": 44.36,
            "inventory_turnover_ratio": 0.58,
            "account_receivable_turnover_ratio": 1.74,
            "reinvestment_rate": -0.16,
            "research_to_sale_ratio": 0.77,
            "price_fair": 63.5,
            "eps_avg_yearly": 1.81,
            "eps_latest_yearly": 0.56,
            "eps_growth_yearly": 446.22
        },
        "20193": {
            "year_quarter": 20193,
            "year": 2019,
            "quarter": 3,
            "eps": 0.5,
            "eps_growth_year": -50,
            "eps_4q": 1.93,
            "eps_4q_growth_year": -21.05,
            "roe": 3.29,
            "roe_4q": 12.379999999999999,
            "gross_profit": 100587,
            "gross_margin": 12.06,
            "gross_margin_4q_avg": 13.44,
            "net_income": 49135,
            "net_income_4q": null,
            "revenue": 833809,
            "revenue_4q": null,
            "common_shares": 989462,
            "book_valuer_per_share": 15.22,
            "book_valuer_per_share_4q_avg": 16.49,
            "equity": 1506111,
            "current_ratio": 198.89,
            "debt_ratio": 38.93,
            "inventory_turnover_ratio": 0.83,
            "account_receivable_turnover_ratio": 2.15,
            "reinvestment_rate": 0.89,
            "research_to_sale_ratio": 0.58,
            "price_fair": 66.2,
            "eps_avg_yearly": 1.89,
            "eps_latest_yearly": 2,
            "eps_growth_yearly": 532.23
        },
        "20194": {
            "year_quarter": 20194,
            "year": 2019,
            "quarter": 4,
            "eps": 0.6,
            "eps_growth_year": -27.52,
            "eps_4q": 1.76,
            "eps_4q_growth_year": -37.68,
            "roe": 3.84,
            "roe_4q": 11.25,
            "gross_profit": 121572,
            "gross_margin": 16.11,
            "gross_margin_4q_avg": 13.61,
            "net_income": 59170,
            "net_income_4q": null,
            "revenue": 754712,
            "revenue_4q": null,
            "common_shares": 989462,
            "book_valuer_per_share": 15.89,
            "book_valuer_per_share_4q_avg": 16.21,
            "equity": 1572056,
            "current_ratio": 216.58,
            "debt_ratio": 34.16,
            "inventory_turnover_ratio": 0.83,
            "account_receivable_turnover_ratio": 2.04,
            "reinvestment_rate": 5.69,
            "research_to_sale_ratio": 0.62,
            "price_fair": 63.6,
            "eps_avg_yearly": 1.82,
            "eps_latest_yearly": 2.4,
            "eps_growth_yearly": 459.69
        },
        "20201": {
            "year_quarter": 20201,
            "year": 2020,
            "quarter": 1,
            "eps": 0.51,
            "eps_growth_year": -8.93,
            "eps_4q": 1.74,
            "eps_4q_growth_year": -44.6,
            "roe": 3.3,
            "roe_4q": 11.31,
            "gross_profit": 93109,
            "gross_margin": 12.88,
            "gross_margin_4q_avg": 13.25,
            "net_income": 50050,
            "net_income_4q": null,
            "revenue": 723072,
            "revenue_4q": null,
            "common_shares": 989462,
            "book_valuer_per_share": 14.74,
            "book_valuer_per_share_4q_avg": 15.48,
            "equity": 1458745,
            "current_ratio": 194.35,
            "debt_ratio": 37.16,
            "inventory_turnover_ratio": 0.9,
            "account_receivable_turnover_ratio": 2.01,
            "reinvestment_rate": 11.17,
            "research_to_sale_ratio": 0.72,
            "price_fair": 65.8,
            "eps_avg_yearly": 1.88,
            "eps_latest_yearly": 2.04,
            "eps_growth_yearly": 474.34
        },
        "20202": {
            "year_quarter": 20202,
            "year": 2020,
            "quarter": 2,
            "eps": 0.4,
            "eps_growth_year": 185.71,
            "eps_4q": 2,
            "eps_4q_growth_year": -15.67,
            "roe": 2.65,
            "roe_4q": 13.079999999999998,
            "gross_profit": 78021,
            "gross_margin": 22.74,
            "gross_margin_4q_avg": 15.95,
            "net_income": 39107,
            "net_income_4q": null,
            "revenue": 343171,
            "revenue_4q": null,
            "common_shares": 989462,
            "book_valuer_per_share": 15.05,
            "book_valuer_per_share_4q_avg": 15.23,
            "equity": 1488790,
            "current_ratio": 218.86,
            "debt_ratio": 32.52,
            "inventory_turnover_ratio": 0.37,
            "account_receivable_turnover_ratio": 1.05,
            "reinvestment_rate": 12.27,
            "research_to_sale_ratio": 1.51,
            "price_fair": 69.3,
            "eps_avg_yearly": 1.98,
            "eps_latest_yearly": 1.6,
            "eps_growth_yearly": 491.82
        },
        "20203": {
            "year_quarter": 20203,
            "year": 2020,
            "quarter": 3,
            "eps": 0.35,
            "eps_growth_year": -30,
            "eps_4q": 1.85,
            "eps_4q_growth_year": -4.08,
            "roe": 2.29,
            "roe_4q": 12.079999999999998,
            "gross_profit": 111016,
            "gross_margin": 18.36,
            "gross_margin_4q_avg": 17.52,
            "net_income": 34587,
            "net_income_4q": null,
            "revenue": 604754,
            "revenue_4q": null,
            "common_shares": 989462,
            "book_valuer_per_share": 15.52,
            "book_valuer_per_share_4q_avg": 15.3,
            "equity": 1535640,
            "current_ratio": 220.31,
            "debt_ratio": 32.77,
            "inventory_turnover_ratio": 0.71,
            "account_receivable_turnover_ratio": 1.93,
            "reinvestment_rate": 12.04,
            "research_to_sale_ratio": 0.84,
            "price_fair": 72.5,
            "eps_avg_yearly": 2.07,
            "eps_latest_yearly": 1.4,
            "eps_growth_yearly": 499.68
        },
        "20204": {
            "year_quarter": 20204,
            "year": 2020,
            "quarter": 4,
            "eps": 0.23,
            "eps_growth_year": -61.98,
            "eps_4q": 1.48,
            "eps_4q_growth_year": -15.86,
            "roe": 1.45,
            "roe_4q": 9.690000000000001,
            "gross_profit": 74676,
            "gross_margin": 13.8,
            "gross_margin_4q_avg": 16.95,
            "net_income": 22496,
            "net_income_4q": null,
            "revenue": 541109,
            "revenue_4q": null,
            "common_shares": 989462,
            "book_valuer_per_share": 15.94,
            "book_valuer_per_share_4q_avg": 15.31,
            "equity": 1576959,
            "current_ratio": 239.56,
            "debt_ratio": 30.1,
            "inventory_turnover_ratio": 0.77,
            "account_receivable_turnover_ratio": 1.51,
            "reinvestment_rate": 8.29,
            "research_to_sale_ratio": 0.78,
            "price_fair": 70.2,
            "eps_avg_yearly": 2.01,
            "eps_latest_yearly": 0.92,
            "eps_growth_yearly": 80.36
        },
        "20211": {
            "year_quarter": 20211,
            "year": 2021,
            "quarter": 1,
            "eps": 0.38,
            "eps_growth_year": -25.49,
            "eps_4q": 1.35,
            "eps_4q_growth_year": -22.54,
            "roe": 2.41,
            "roe_4q": 8.8,
            "gross_profit": 78846,
            "gross_margin": 13.97,
            "gross_margin_4q_avg": 17.22,
            "net_income": 37132,
            "net_income_4q": null,
            "revenue": 564585,
            "revenue_4q": null,
            "common_shares": 989462,
            "book_valuer_per_share": 15.24,
            "book_valuer_per_share_4q_avg": 15.44,
            "equity": 1507610,
            "current_ratio": 191.79,
            "debt_ratio": 38.24,
            "inventory_turnover_ratio": 0.79,
            "account_receivable_turnover_ratio": 1.65,
            "reinvestment_rate": 7.09,
            "research_to_sale_ratio": 0.83,
            "price_fair": 69.07,
            "eps_avg_yearly": 1.97,
            "eps_latest_yearly": 1.52,
            "eps_growth_yearly": 92.39
        },
        "20212": {
            "year_quarter": 20212,
            "year": 2021,
            "quarter": 2,
            "eps": 0.34,
            "eps_growth_year": -15,
            "eps_4q": 1.29,
            "eps_4q_growth_year": -35.36,
            "roe": 2.2,
            "roe_4q": 8.350000000000001,
            "gross_profit": 85042,
            "gross_margin": 13.46,
            "gross_margin_4q_avg": 14.9,
            "net_income": 33421,
            "net_income_4q": null,
            "revenue": 631773,
            "revenue_4q": null,
            "common_shares": 989462,
            "book_valuer_per_share": 15.53,
            "book_valuer_per_share_4q_avg": 15.56,
            "equity": 1536687,
            "current_ratio": 188.79,
            "debt_ratio": 38.79,
            "inventory_turnover_ratio": 0.77,
            "account_receivable_turnover_ratio": 1.72,
            "reinvestment_rate": 8.37,
            "research_to_sale_ratio": 0.74,
            "price_fair": 67.73,
            "eps_avg_yearly": 1.94,
            "eps_latest_yearly": 1.36,
            "eps_growth_yearly": 83.99
        },
        "20213": {
            "year_quarter": 20213,
            "year": 2021,
            "quarter": 3,
            "eps": 0.39,
            "eps_growth_year": 11.43,
            "eps_4q": 1.3,
            "eps_4q_growth_year": -29.85,
            "roe": 2.55,
            "roe_4q": 8.61,
            "gross_profit": 93748,
            "gross_margin": 14.2,
            "gross_margin_4q_avg": 13.86,
            "net_income": 39688,
            "net_income_4q": null,
            "revenue": 660335,
            "revenue_4q": null,
            "common_shares": 1023598,
            "book_valuer_per_share": 15.4,
            "book_valuer_per_share_4q_avg": 15.53,
            "equity": 1575876,
            "current_ratio": 176.54,
            "debt_ratio": 42.09,
            "inventory_turnover_ratio": 0.63,
            "account_receivable_turnover_ratio": 1.63,
            "reinvestment_rate": 14.95,
            "research_to_sale_ratio": 0.74,
            "price_fair": 67.11,
            "eps_avg_yearly": 1.92,
            "eps_latest_yearly": 1.56,
            "eps_growth_yearly": 83.91
        },
        "20214": {
            "year_quarter": 20214,
            "year": 2021,
            "quarter": 4,
            "eps": 0.51,
            "eps_growth_year": 124.72,
            "eps_4q": 1.59,
            "eps_4q_growth_year": 7.44,
            "roe": 3.26,
            "roe_4q": 10.42,
            "gross_profit": 107294,
            "gross_margin": 15.5,
            "gross_margin_4q_avg": 14.28,
            "net_income": 52297,
            "net_income_4q": null,
            "revenue": 692407,
            "revenue_4q": null,
            "common_shares": 1023598,
            "book_valuer_per_share": 15.91,
            "book_valuer_per_share_4q_avg": 15.52,
            "equity": 1628277,
            "current_ratio": 170.13,
            "debt_ratio": 45.19,
            "inventory_turnover_ratio": 0.53,
            "account_receivable_turnover_ratio": 1.45,
            "reinvestment_rate": 15.66,
            "research_to_sale_ratio": 0.72,
            "price_fair": 67.64,
            "eps_avg_yearly": 1.93,
            "eps_latest_yearly": 2.04,
            "eps_growth_yearly": 92.15
        },
        "20221": {
            "year_quarter": 20221,
            "year": 2022,
            "quarter": 1,
            "eps": 0.6,
            "eps_growth_year": 57.89,
            "eps_4q": 1.82,
            "eps_4q_growth_year": 35.17,
            "roe": 3.73,
            "roe_4q": 11.739999999999998,
            "gross_profit": 110131,
            "gross_margin": 15.82,
            "gross_margin_4q_avg": 14.75,
            "net_income": 61029,
            "net_income_4q": null,
            "revenue": 696266,
            "revenue_4q": null,
            "common_shares": 1023598,
            "book_valuer_per_share": 16.02,
            "book_valuer_per_share_4q_avg": 15.72,
            "equity": 1640101,
            "current_ratio": 171.7,
            "debt_ratio": 45.28,
            "inventory_turnover_ratio": 0.49,
            "account_receivable_turnover_ratio": 1.5,
            "reinvestment_rate": 15.24,
            "research_to_sale_ratio": 0.73,
            "price_fair": 70.79,
            "eps_avg_yearly": 2.02,
            "eps_latest_yearly": 2.4,
            "eps_growth_yearly": 108.23
        },
        "20222": {
            "year_quarter": 20222,
            "year": 2022,
            "quarter": 2,
            "eps": 0.8,
            "eps_growth_year": 135.29,
            "eps_4q": 2.2,
            "eps_4q_growth_year": 70.72,
            "roe": 5.24,
            "roe_4q": 14.780000000000001,
            "gross_profit": 150093,
            "gross_margin": 19.61,
            "gross_margin_4q_avg": 16.28,
            "net_income": 87960,
            "net_income_4q": null,
            "revenue": 765350,
            "revenue_4q": null,
            "common_shares": 1094226,
            "book_valuer_per_share": 15.71,
            "book_valuer_per_share_4q_avg": 15.76,
            "equity": 1719120,
            "current_ratio": 177.1,
            "debt_ratio": 43.42,
            "inventory_turnover_ratio": 0.5,
            "account_receivable_turnover_ratio": 1.82,
            "reinvestment_rate": 11.24,
            "research_to_sale_ratio": 0.67,
            "price_fair": 71.23,
            "eps_avg_yearly": 2.04,
            "eps_latest_yearly": 3.2,
            "eps_growth_yearly": 63.43
        },
        "20223": {
            "year_quarter": 20223,
            "year": 2022,
            "quarter": 3,
            "eps": 0.91,
            "eps_growth_year": 133.33,
            "eps_4q": 2.75,
            "eps_4q_growth_year": 112.01,
            "roe": 5.62,
            "roe_4q": 17.85,
            "gross_profit": 160047,
            "gross_margin": 17.61,
            "gross_margin_4q_avg": 17.14,
            "net_income": 99541,
            "net_income_4q": null,
            "revenue": 909017,
            "revenue_4q": null,
            "common_shares": 1094226,
            "book_valuer_per_share": 16.67,
            "book_valuer_per_share_4q_avg": 16.08,
            "equity": 1823541,
            "current_ratio": 185.14,
            "debt_ratio": 42.53,
            "inventory_turnover_ratio": 0.6,
            "account_receivable_turnover_ratio": 2.01,
            "reinvestment_rate": 10.01,
            "research_to_sale_ratio": 0.58,
            "price_fair": 70.44,
            "eps_avg_yearly": 2.01,
            "eps_latest_yearly": 3.64,
            "eps_growth_yearly": 58.54
        },
        "20224": {
            "year_quarter": 20224,
            "year": 2022,
            "quarter": 4,
            "eps": 0.66,
            "eps_growth_year": 28.29,
            "eps_4q": 2.67,
            "eps_4q_growth_year": 68.09,
            "roe": 4.07,
            "roe_4q": 18.66,
            "gross_profit": 169017,
            "gross_margin": 18.29,
            "gross_margin_4q_avg": 17.83,
            "net_income": 80896,
            "net_income_4q": null,
            "revenue": 924056,
            "revenue_4q": null,
            "common_shares": 1234226,
            "book_valuer_per_share": 17.47,
            "book_valuer_per_share_4q_avg": 16.47,
            "equity": 2156041,
            "current_ratio": 246.32,
            "debt_ratio": 32.37,
            "inventory_turnover_ratio": 0.63,
            "account_receivable_turnover_ratio": 2.31,
            "reinvestment_rate": 7.7,
            "research_to_sale_ratio": 0.67,
            "price_fair": 68.95,
            "eps_avg_yearly": 1.97,
            "eps_latest_yearly": 2.64,
            "eps_growth_yearly": 55.92
        },
        "20231": {
            "year_quarter": 20231,
            "year": 2023,
            "quarter": 1,
            "eps": 0.75,
            "eps_growth_year": 25,
            "eps_4q": 2.92,
            "eps_4q_growth_year": 60.49,
            "roe": 4.34,
            "roe_4q": 19.270000000000003,
            "gross_profit": 164750,
            "gross_margin": 15.77,
            "gross_margin_4q_avg": 17.82,
            "net_income": 92372,
            "net_income_4q": null,
            "revenue": 1044860,
            "revenue_4q": null,
            "common_shares": 1234226,
            "book_valuer_per_share": 17.04,
            "book_valuer_per_share_4q_avg": 16.72,
            "equity": 2103578,
            "current_ratio": 193.73,
            "debt_ratio": 39.16,
            "inventory_turnover_ratio": 0.8,
            "account_receivable_turnover_ratio": 2.94,
            "reinvestment_rate": 13.43,
            "research_to_sale_ratio": 0.53,
            "price_fair": 70.61,
            "eps_avg_yearly": 2.02,
            "eps_latest_yearly": 3,
            "eps_growth_yearly": 67.46
        },
        "20232": {
            "year_quarter": 20232,
            "year": 2023,
            "quarter": 2,
            "eps": 0.7,
            "eps_growth_year": -12.5,
            "eps_4q": 2.67,
            "eps_4q_growth_year": 21.22,
            "roe": 4.49,
            "roe_4q": 18.52,
            "gross_profit": 150328,
            "gross_margin": 14.43,
            "gross_margin_4q_avg": 16.53,
            "net_income": 96201,
            "net_income_4q": null,
            "revenue": 1041467,
            "revenue_4q": null,
            "common_shares": 1382333,
            "book_valuer_per_share": 15.76,
            "book_valuer_per_share_4q_avg": 16.74,
            "equity": 2178699,
            "current_ratio": 205.93,
            "debt_ratio": 37.01,
            "inventory_turnover_ratio": 0.9,
            "account_receivable_turnover_ratio": 3.13,
            "reinvestment_rate": 11.17,
            "research_to_sale_ratio": 0.54,
            "price_fair": 75.51,
            "eps_avg_yearly": 2.16,
            "eps_latest_yearly": 2.8,
            "eps_growth_yearly": 84.55
        },
        "20233": {
            "year_quarter": 20233,
            "year": 2023,
            "quarter": 3,
            "eps": 0.57,
            "eps_growth_year": -37.36,
            "eps_4q": 2.52,
            "eps_4q_growth_year": -8.28,
            "roe": 3.55,
            "roe_4q": 16.45,
            "gross_profit": 129116,
            "gross_margin": 15.27,
            "gross_margin_4q_avg": 15.94,
            "net_income": 79115,
            "net_income_4q": null,
            "revenue": 845324,
            "revenue_4q": null,
            "common_shares": 1382333,
            "book_valuer_per_share": 16.47,
            "book_valuer_per_share_4q_avg": 16.69,
            "equity": 2276424,
            "current_ratio": 258.36,
            "debt_ratio": 30.64,
            "inventory_turnover_ratio": 0.84,
            "account_receivable_turnover_ratio": 2.65,
            "reinvestment_rate": 10.37,
            "research_to_sale_ratio": 0.69,
            "price_fair": 55.72,
            "eps_avg_yearly": 2.18,
            "eps_latest_yearly": 2.28,
            "eps_growth_yearly": 15.62
        }
    },
    "months": {
        "2003-09": {
            "month": "2003-09",
            "price": "16.16",
            "revenue": 85627
        },
        "2003-10": {
            "month": "2003-10",
            "price": "17.45",
            "revenue": 82306
        },
        "2003-11": {
            "month": "2003-11",
            "price": "18.28",
            "revenue": 102212
        },
        "2003-12": {
            "month": "2003-12",
            "price": "19.47",
            "revenue": 100314
        },
        "2004-01": {
            "month": "2004-01",
            "price": "22.34",
            "revenue": 65605
        },
        "2004-02": {
            "month": "2004-02",
            "price": "25.49",
            "revenue": 81024
        },
        "2004-03": {
            "month": "2004-03",
            "price": "26.22",
            "revenue": 122503
        },
        "2004-04": {
            "month": "2004-04",
            "price": "24.35",
            "revenue": 130262
        },
        "2004-05": {
            "month": "2004-05",
            "price": "18.75",
            "revenue": 106283
        },
        "2004-06": {
            "month": "2004-06",
            "price": "17.60",
            "revenue": 120134
        },
        "2004-07": {
            "month": "2004-07",
            "price": "15.51",
            "revenue": 164398
        },
        "2004-08": {
            "month": "2004-08",
            "price": "14.25",
            "revenue": 112769
        },
        "2004-09": {
            "month": "2004-09",
            "price": "16.96",
            "revenue": 155863
        },
        "2004-10": {
            "month": "2004-10",
            "price": "17.30",
            "revenue": 142992
        },
        "2004-11": {
            "month": "2004-11",
            "price": "16.90",
            "revenue": 97599
        },
        "2004-12": {
            "month": "2004-12",
            "price": "15.60",
            "revenue": 86614
        },
        "2005-01": {
            "month": "2005-01",
            "price": "14.82",
            "revenue": 78381
        },
        "2005-02": {
            "month": "2005-02",
            "price": "14.96",
            "revenue": 79983
        },
        "2005-03": {
            "month": "2005-03",
            "price": "16.97",
            "revenue": 65492
        },
        "2005-04": {
            "month": "2005-04",
            "price": "15.42",
            "revenue": 65349
        },
        "2005-05": {
            "month": "2005-05",
            "price": "11.77",
            "revenue": 80921
        },
        "2005-06": {
            "month": "2005-06",
            "price": "11.75",
            "revenue": 83486
        },
        "2005-07": {
            "month": "2005-07",
            "price": "12.44",
            "revenue": 100187
        },
        "2005-08": {
            "month": "2005-08",
            "price": "10.26",
            "revenue": 96081
        },
        "2005-09": {
            "month": "2005-09",
            "price": "8.93",
            "revenue": 86453
        },
        "2005-10": {
            "month": "2005-10",
            "price": "7.67",
            "revenue": 106479
        },
        "2005-11": {
            "month": "2005-11",
            "price": "7.57",
            "revenue": 105583
        },
        "2005-12": {
            "month": "2005-12",
            "price": "8.18",
            "revenue": 68042
        },
        "2006-01": {
            "month": "2006-01",
            "price": "8.86",
            "revenue": 102516
        },
        "2006-02": {
            "month": "2006-02",
            "price": "9.14",
            "revenue": 95399
        },
        "2006-03": {
            "month": "2006-03",
            "price": "9.55",
            "revenue": 101741
        },
        "2006-04": {
            "month": "2006-04",
            "price": "12.89",
            "revenue": 80240
        },
        "2006-05": {
            "month": "2006-05",
            "price": "15.23",
            "revenue": 97289
        },
        "2006-06": {
            "month": "2006-06",
            "price": "12.19",
            "revenue": 89851
        },
        "2006-07": {
            "month": "2006-07",
            "price": "11.96",
            "revenue": 141971
        },
        "2006-08": {
            "month": "2006-08",
            "price": "12.29",
            "revenue": 120687
        },
        "2006-09": {
            "month": "2006-09",
            "price": "12.30",
            "revenue": 98593
        },
        "2006-10": {
            "month": "2006-10",
            "price": "12.76",
            "revenue": 109444
        },
        "2006-11": {
            "month": "2006-11",
            "price": "14.15",
            "revenue": 82334
        },
        "2006-12": {
            "month": "2006-12",
            "price": "14.70",
            "revenue": 96527
        },
        "2007-01": {
            "month": "2007-01",
            "price": "15.56",
            "revenue": 98062
        },
        "2007-02": {
            "month": "2007-02",
            "price": "14.77",
            "revenue": 68811
        },
        "2007-03": {
            "month": "2007-03",
            "price": "13.97",
            "revenue": 95065
        },
        "2007-04": {
            "month": "2007-04",
            "price": "14.37",
            "revenue": 77051
        },
        "2007-05": {
            "month": "2007-05",
            "price": "14.80",
            "revenue": 113536
        },
        "2007-06": {
            "month": "2007-06",
            "price": "16.17",
            "revenue": 104022
        },
        "2007-07": {
            "month": "2007-07",
            "price": "18.11",
            "revenue": 114474
        },
        "2007-08": {
            "month": "2007-08",
            "price": "17.76",
            "revenue": 110166
        },
        "2007-09": {
            "month": "2007-09",
            "price": "18.56",
            "revenue": 92807
        },
        "2007-10": {
            "month": "2007-10",
            "price": "17.96",
            "revenue": 105994
        },
        "2007-11": {
            "month": "2007-11",
            "price": "17.40",
            "revenue": 144303
        },
        "2007-12": {
            "month": "2007-12",
            "price": "16.94",
            "revenue": 135518
        },
        "2008-01": {
            "month": "2008-01",
            "price": "15.27",
            "revenue": 60312
        },
        "2008-02": {
            "month": "2008-02",
            "price": "13.18",
            "revenue": 72695
        },
        "2008-03": {
            "month": "2008-03",
            "price": "13.93",
            "revenue": 83907
        },
        "2008-04": {
            "month": "2008-04",
            "price": "14.28",
            "revenue": 80225
        },
        "2008-05": {
            "month": "2008-05",
            "price": "12.86",
            "revenue": 93535
        },
        "2008-06": {
            "month": "2008-06",
            "price": "10.30",
            "revenue": 115917
        },
        "2008-07": {
            "month": "2008-07",
            "price": "8.09",
            "revenue": 105553
        },
        "2008-08": {
            "month": "2008-08",
            "price": "8.50",
            "revenue": 101718
        },
        "2008-09": {
            "month": "2008-09",
            "price": "6.93",
            "revenue": 86155
        },
        "2008-10": {
            "month": "2008-10",
            "price": "6.15",
            "revenue": 115848
        },
        "2008-11": {
            "month": "2008-11",
            "price": "4.88",
            "revenue": 64127
        },
        "2008-12": {
            "month": "2008-12",
            "price": "4.71",
            "revenue": 82137
        },
        "2009-01": {
            "month": "2009-01",
            "price": "4.30",
            "revenue": 66256
        },
        "2009-02": {
            "month": "2009-02",
            "price": "3.91",
            "revenue": 41634
        },
        "2009-03": {
            "month": "2009-03",
            "price": "5.05",
            "revenue": 21060
        },
        "2009-04": {
            "month": "2009-04",
            "price": "5.63",
            "revenue": 62570
        },
        "2009-05": {
            "month": "2009-05",
            "price": "5.81",
            "revenue": 74152
        },
        "2009-06": {
            "month": "2009-06",
            "price": "6.00",
            "revenue": 72007
        },
        "2009-07": {
            "month": "2009-07",
            "price": "6.84",
            "revenue": 79529
        },
        "2009-08": {
            "month": "2009-08",
            "price": "7.20",
            "revenue": 53909
        },
        "2009-09": {
            "month": "2009-09",
            "price": "7.08",
            "revenue": 86402
        },
        "2009-10": {
            "month": "2009-10",
            "price": "7.92",
            "revenue": 73810
        },
        "2009-11": {
            "month": "2009-11",
            "price": "8.20",
            "revenue": 67813
        },
        "2009-12": {
            "month": "2009-12",
            "price": "9.01",
            "revenue": 69286
        },
        "2010-01": {
            "month": "2010-01",
            "price": "9.75",
            "revenue": 77801
        },
        "2010-02": {
            "month": "2010-02",
            "price": "8.57",
            "revenue": 67866
        },
        "2010-03": {
            "month": "2010-03",
            "price": "10.62",
            "revenue": 81524
        },
        "2010-04": {
            "month": "2010-04",
            "price": "13.21",
            "revenue": 89612
        },
        "2010-05": {
            "month": "2010-05",
            "price": "14.41",
            "revenue": 66765
        },
        "2010-06": {
            "month": "2010-06",
            "price": "12.70",
            "revenue": 75322
        },
        "2010-07": {
            "month": "2010-07",
            "price": "13.11",
            "revenue": 108604
        },
        "2010-08": {
            "month": "2010-08",
            "price": "14.60",
            "revenue": 95800
        },
        "2010-09": {
            "month": "2010-09",
            "price": "14.09",
            "revenue": 125941
        },
        "2010-10": {
            "month": "2010-10",
            "price": "14.35",
            "revenue": 85395
        },
        "2010-11": {
            "month": "2010-11",
            "price": "13.57",
            "revenue": 90156
        },
        "2010-12": {
            "month": "2010-12",
            "price": "14.77",
            "revenue": 80660
        },
        "2011-01": {
            "month": "2011-01",
            "price": "15.01",
            "revenue": 80119
        },
        "2011-02": {
            "month": "2011-02",
            "price": "14.35",
            "revenue": 29251
        },
        "2011-03": {
            "month": "2011-03",
            "price": "14.59",
            "revenue": 93781
        },
        "2011-04": {
            "month": "2011-04",
            "price": "14.74",
            "revenue": 64777
        },
        "2011-05": {
            "month": "2011-05",
            "price": "14.06",
            "revenue": 54253
        },
        "2011-06": {
            "month": "2011-06",
            "price": "13.44",
            "revenue": 75536
        },
        "2011-07": {
            "month": "2011-07",
            "price": "11.86",
            "revenue": 79508
        },
        "2011-08": {
            "month": "2011-08",
            "price": "9.21",
            "revenue": 62201
        },
        "2011-09": {
            "month": "2011-09",
            "price": "8.88",
            "revenue": 109850
        },
        "2011-10": {
            "month": "2011-10",
            "price": "8.86",
            "revenue": 92692
        },
        "2011-11": {
            "month": "2011-11",
            "price": "8.68",
            "revenue": 95578
        },
        "2011-12": {
            "month": "2011-12",
            "price": "8.02",
            "revenue": 98436
        },
        "2012-01": {
            "month": "2012-01",
            "price": "7.82",
            "revenue": 85368
        },
        "2012-02": {
            "month": "2012-02",
            "price": "9.45",
            "revenue": 85850
        },
        "2012-03": {
            "month": "2012-03",
            "price": "10.83",
            "revenue": 85603
        },
        "2012-04": {
            "month": "2012-04",
            "price": "10.18",
            "revenue": 84046
        },
        "2012-05": {
            "month": "2012-05",
            "price": "10.18",
            "revenue": 82765
        },
        "2012-06": {
            "month": "2012-06",
            "price": "9.90",
            "revenue": 85249
        },
        "2012-07": {
            "month": "2012-07",
            "price": "9.91",
            "revenue": 88284
        },
        "2012-08": {
            "month": "2012-08",
            "price": "9.58",
            "revenue": 129495
        },
        "2012-09": {
            "month": "2012-09",
            "price": "9.87",
            "revenue": 85771
        },
        "2012-10": {
            "month": "2012-10",
            "price": "9.62",
            "revenue": 72406
        },
        "2012-11": {
            "month": "2012-11",
            "price": "9.15",
            "revenue": 117029
        },
        "2012-12": {
            "month": "2012-12",
            "price": "9.14",
            "revenue": 78809
        },
        "2013-01": {
            "month": "2013-01",
            "price": "8.97",
            "revenue": 171985
        },
        "2013-02": {
            "month": "2013-02",
            "price": "9.03",
            "revenue": 108910
        },
        "2013-03": {
            "month": "2013-03",
            "price": "9.19",
            "revenue": 137846
        },
        "2013-04": {
            "month": "2013-04",
            "price": "9.73",
            "revenue": 165568
        },
        "2013-05": {
            "month": "2013-05",
            "price": "9.56",
            "revenue": 174858
        },
        "2013-06": {
            "month": "2013-06",
            "price": "9.28",
            "revenue": 112553
        },
        "2013-07": {
            "month": "2013-07",
            "price": "9.03",
            "revenue": 111412
        },
        "2013-08": {
            "month": "2013-08",
            "price": "8.71",
            "revenue": 153340
        },
        "2013-09": {
            "month": "2013-09",
            "price": "8.73",
            "revenue": 119539
        },
        "2013-10": {
            "month": "2013-10",
            "price": "8.89",
            "revenue": 134920
        },
        "2013-11": {
            "month": "2013-11",
            "price": "9.12",
            "revenue": 187602
        },
        "2013-12": {
            "month": "2013-12",
            "price": "9.20",
            "revenue": 170562
        },
        "2014-01": {
            "month": "2014-01",
            "price": "9.83",
            "revenue": 169624
        },
        "2014-02": {
            "month": "2014-02",
            "price": "10.73",
            "revenue": 154829
        },
        "2014-03": {
            "month": "2014-03",
            "price": "13.38",
            "revenue": 126255
        },
        "2014-04": {
            "month": "2014-04",
            "price": "12.44",
            "revenue": 154773
        },
        "2014-05": {
            "month": "2014-05",
            "price": "11.72",
            "revenue": 168439
        },
        "2014-06": {
            "month": "2014-06",
            "price": "11.92",
            "revenue": 169759
        },
        "2014-07": {
            "month": "2014-07",
            "price": "12.49",
            "revenue": 198034
        },
        "2014-08": {
            "month": "2014-08",
            "price": "11.94",
            "revenue": 149903
        },
        "2014-09": {
            "month": "2014-09",
            "price": "11.88",
            "revenue": 163210
        },
        "2014-10": {
            "month": "2014-10",
            "price": "11.16",
            "revenue": 167053
        },
        "2014-11": {
            "month": "2014-11",
            "price": "11.04",
            "revenue": 169246
        },
        "2014-12": {
            "month": "2014-12",
            "price": "11.35",
            "revenue": 180841
        },
        "2015-01": {
            "month": "2015-01",
            "price": "11.78",
            "revenue": 193672
        },
        "2015-02": {
            "month": "2015-02",
            "price": "11.93",
            "revenue": 152021
        },
        "2015-03": {
            "month": "2015-03",
            "price": "13.12",
            "revenue": 158313
        },
        "2015-04": {
            "month": "2015-04",
            "price": "13.08",
            "revenue": 179204
        },
        "2015-05": {
            "month": "2015-05",
            "price": "13.84",
            "revenue": 158795
        },
        "2015-06": {
            "month": "2015-06",
            "price": "14.11",
            "revenue": 167408
        },
        "2015-07": {
            "month": "2015-07",
            "price": "13.79",
            "revenue": 223896
        },
        "2015-08": {
            "month": "2015-08",
            "price": "13.39",
            "revenue": 145450
        },
        "2015-09": {
            "month": "2015-09",
            "price": "13.30",
            "revenue": 161164
        },
        "2015-10": {
            "month": "2015-10",
            "price": "13.26",
            "revenue": 196342
        },
        "2015-11": {
            "month": "2015-11",
            "price": "12.88",
            "revenue": 229423
        },
        "2015-12": {
            "month": "2015-12",
            "price": "12.89",
            "revenue": 229939
        },
        "2016-01": {
            "month": "2016-01",
            "price": "12.81",
            "revenue": 198019
        },
        "2016-02": {
            "month": "2016-02",
            "price": "13.54",
            "revenue": 153272
        },
        "2016-03": {
            "month": "2016-03",
            "price": "15.74",
            "revenue": 247684
        },
        "2016-04": {
            "month": "2016-04",
            "price": "17.60",
            "revenue": 172685
        },
        "2016-05": {
            "month": "2016-05",
            "price": "15.02",
            "revenue": 198464
        },
        "2016-06": {
            "month": "2016-06",
            "price": "15.42",
            "revenue": 181894
        },
        "2016-07": {
            "month": "2016-07",
            "price": "14.68",
            "revenue": 173685
        },
        "2016-08": {
            "month": "2016-08",
            "price": "12.79",
            "revenue": 169710
        },
        "2016-09": {
            "month": "2016-09",
            "price": "12.64",
            "revenue": 199885
        },
        "2016-10": {
            "month": "2016-10",
            "price": "12.48",
            "revenue": 182761
        },
        "2016-11": {
            "month": "2016-11",
            "price": "11.09",
            "revenue": 210810
        },
        "2016-12": {
            "month": "2016-12",
            "price": "11.30",
            "revenue": 134336
        },
        "2017-01": {
            "month": "2017-01",
            "price": "11.18",
            "revenue": 137907
        },
        "2017-02": {
            "month": "2017-02",
            "price": "11.58",
            "revenue": 148026
        },
        "2017-03": {
            "month": "2017-03",
            "price": "12.03",
            "revenue": 200562
        },
        "2017-04": {
            "month": "2017-04",
            "price": "12.13",
            "revenue": 163838
        },
        "2017-05": {
            "month": "2017-05",
            "price": "12.11",
            "revenue": 195674
        },
        "2017-06": {
            "month": "2017-06",
            "price": "11.72",
            "revenue": 254178
        },
        "2017-07": {
            "month": "2017-07",
            "price": "11.91",
            "revenue": 210151
        },
        "2017-08": {
            "month": "2017-08",
            "price": "12.33",
            "revenue": 228917
        },
        "2017-09": {
            "month": "2017-09",
            "price": "13.31",
            "revenue": 192289
        },
        "2017-10": {
            "month": "2017-10",
            "price": "13.41",
            "revenue": 166719
        },
        "2017-11": {
            "month": "2017-11",
            "price": "13.54",
            "revenue": 257405
        },
        "2017-12": {
            "month": "2017-12",
            "price": "13.41",
            "revenue": 206215
        },
        "2018-01": {
            "month": "2018-01",
            "price": "14.12",
            "revenue": 207162
        },
        "2018-02": {
            "month": "2018-02",
            "price": "13.74",
            "revenue": 183504
        },
        "2018-03": {
            "month": "2018-03",
            "price": "15.17",
            "revenue": 229555
        },
        "2018-04": {
            "month": "2018-04",
            "price": "15.74",
            "revenue": 214521
        },
        "2018-05": {
            "month": "2018-05",
            "price": "15.36",
            "revenue": 204650
        },
        "2018-06": {
            "month": "2018-06",
            "price": "15.12",
            "revenue": 276269
        },
        "2018-07": {
            "month": "2018-07",
            "price": "14.80",
            "revenue": 305167
        },
        "2018-08": {
            "month": "2018-08",
            "price": "16.94",
            "revenue": 312278
        },
        "2018-09": {
            "month": "2018-09",
            "price": "18.21",
            "revenue": 292879
        },
        "2018-10": {
            "month": "2018-10",
            "price": "17.08",
            "revenue": 340238
        },
        "2018-11": {
            "month": "2018-11",
            "price": "20.60",
            "revenue": 319401
        },
        "2018-12": {
            "month": "2018-12",
            "price": "23.34",
            "revenue": 278290
        },
        "2019-01": {
            "month": "2019-01",
            "price": "23.74",
            "revenue": 345573
        },
        "2019-02": {
            "month": "2019-02",
            "price": "30.68",
            "revenue": 176907
        },
        "2019-03": {
            "month": "2019-03",
            "price": "30.12",
            "revenue": 277714
        },
        "2019-04": {
            "month": "2019-04",
            "price": "31.34",
            "revenue": 213219
        },
        "2019-05": {
            "month": "2019-05",
            "price": "27.83",
            "revenue": 233642
        },
        "2019-06": {
            "month": "2019-06",
            "price": "28.74",
            "revenue": 225879
        },
        "2019-07": {
            "month": "2019-07",
            "price": "25.36",
            "revenue": 258744
        },
        "2019-08": {
            "month": "2019-08",
            "price": "21.35",
            "revenue": 296522
        },
        "2019-09": {
            "month": "2019-09",
            "price": "21.46",
            "revenue": 278543
        },
        "2019-10": {
            "month": "2019-10",
            "price": "20.65",
            "revenue": 291535
        },
        "2019-11": {
            "month": "2019-11",
            "price": "20.96",
            "revenue": 241396
        },
        "2019-12": {
            "month": "2019-12",
            "price": "21.30",
            "revenue": 221782
        },
        "2020-01": {
            "month": "2020-01",
            "price": "20.78",
            "revenue": 251498
        },
        "2020-02": {
            "month": "2020-02",
            "price": "19.71",
            "revenue": 235034
        },
        "2020-03": {
            "month": "2020-03",
            "price": "18.25",
            "revenue": 236540
        },
        "2020-04": {
            "month": "2020-04",
            "price": "19.15",
            "revenue": 102632
        },
        "2020-05": {
            "month": "2020-05",
            "price": "20.94",
            "revenue": 110431
        },
        "2020-06": {
            "month": "2020-06",
            "price": "20.36",
            "revenue": 130108
        },
        "2020-07": {
            "month": "2020-07",
            "price": "18.71",
            "revenue": 204186
        },
        "2020-08": {
            "month": "2020-08",
            "price": "19.02",
            "revenue": 190553
        },
        "2020-09": {
            "month": "2020-09",
            "price": "19.40",
            "revenue": 210015
        },
        "2020-10": {
            "month": "2020-10",
            "price": "18.68",
            "revenue": 169711
        },
        "2020-11": {
            "month": "2020-11",
            "price": "18.96",
            "revenue": 177342
        },
        "2020-12": {
            "month": "2020-12",
            "price": "20.00",
            "revenue": 194056
        },
        "2021-01": {
            "month": "2021-01",
            "price": "19.26",
            "revenue": 203520
        },
        "2021-02": {
            "month": "2021-02",
            "price": "19.51",
            "revenue": 161399
        },
        "2021-03": {
            "month": "2021-03",
            "price": "20.94",
            "revenue": 199666
        },
        "2021-04": {
            "month": "2021-04",
            "price": "21.36",
            "revenue": 202732
        },
        "2021-05": {
            "month": "2021-05",
            "price": "20.27",
            "revenue": 203460
        },
        "2021-06": {
            "month": "2021-06",
            "price": "20.76",
            "revenue": 225581
        },
        "2021-07": {
            "month": "2021-07",
            "price": "22.16",
            "revenue": 232718
        },
        "2021-08": {
            "month": "2021-08",
            "price": "20.79",
            "revenue": 215815
        },
        "2021-09": {
            "month": "2021-09",
            "price": "19.89",
            "revenue": 211802
        },
        "2021-10": {
            "month": "2021-10",
            "price": "19.15",
            "revenue": 205341
        },
        "2021-11": {
            "month": "2021-11",
            "price": "19.38",
            "revenue": 235030
        },
        "2021-12": {
            "month": "2021-12",
            "price": "21.97",
            "revenue": 252036
        },
        "2022-01": {
            "month": "2022-01",
            "price": "31.30",
            "revenue": 231762
        },
        "2022-02": {
            "month": "2022-02",
            "price": "26.31",
            "revenue": 198883
        },
        "2022-03": {
            "month": "2022-03",
            "price": "25.59",
            "revenue": 265621
        },
        "2022-04": {
            "month": "2022-04",
            "price": "23.98",
            "revenue": 199990
        },
        "2022-05": {
            "month": "2022-05",
            "price": "23.36",
            "revenue": 235197
        },
        "2022-06": {
            "month": "2022-06",
            "price": "23.66",
            "revenue": 330163
        },
        "2022-07": {
            "month": "2022-07",
            "price": "21.77",
            "revenue": 356366
        },
        "2022-08": {
            "month": "2022-08",
            "price": "26.55",
            "revenue": 261230
        },
        "2022-09": {
            "month": "2022-09",
            "price": "25.10",
            "revenue": 291421
        },
        "2022-10": {
            "month": "2022-10",
            "price": "23.08",
            "revenue": 325020
        },
        "2022-11": {
            "month": "2022-11",
            "price": "24.60",
            "revenue": 316634
        },
        "2022-12": {
            "month": "2022-12",
            "price": "25.28",
            "revenue": 282402
        },
        "2023-01": {
            "month": "2023-01",
            "price": "24.22",
            "revenue": 363349
        },
        "2023-02": {
            "month": "2023-02",
            "price": "29.51",
            "revenue": 287003
        },
        "2023-03": {
            "month": "2023-03",
            "price": "34.14",
            "revenue": 394508
        },
        "2023-04": {
            "month": "2023-04",
            "price": "44.41",
            "revenue": 367328
        },
        "2023-05": {
            "month": "2023-05",
            "price": "41.68",
            "revenue": 392728
        },
        "2023-06": {
            "month": "2023-06",
            "price": "41.73",
            "revenue": 281411
        },
        "2023-07": {
            "month": "2023-07",
            "price": "38.00",
            "revenue": 320277
        },
        "2023-08": {
            "month": "2023-08",
            "price": "34.06",
            "revenue": 275769
        },
        "2023-09": {
            "month": "2023-09",
            "price": "33.44",
            "revenue": 249278
        },
        "2023-10": {
            "month": "2023-10",
            "price": "31.88",
            "revenue": 225253
        },
        "2023-11": {
            "month": "2023-11",
            "price": "32.11",
            "revenue": 240339
        },
        "2023-12": {
            "month": "2023-12",
            "price": "32.43",
            "revenue": 263072
        }
    }
}
