{
    "summary": {
        "stock_name": "台郡",
        "stock_id": "6269",
        "category": "電子零組件",
        "main_business": "加成(Build-up)銅箔基層板之製造<br>多層加成(Build-up)印刷電路板,軟式印刷電路板製造<br>聚醯亞胺薄膜銅箔基層板半製品之零組配件之製造,研究,開發,買賣",
        "website_url": "https://www.flexium.com.tw",
        "ceo": "鄭明智",
        "pe_ratio": 10,
        "report_year_from": 2001,
        "report_year_to": 2023,
        "age": 22,
        "eps_negative_percentage": 9,
        "eps_growth_avg": {
            "last_all": 20.96,
            "last_2y": 5.36,
            "last_4y": 3.03,
            "last_8y": 4.66,
            "last_12y": 14.57,
            "last_16y": 22.25,
            "last_20y": null,
            "at_2006_last_3y": 14.5,
            "at_2007_last_3y": -28.25,
            "at_2008_last_3y": 0,
            "at_2009_last_3y": 72.2,
            "at_2010_last_3y": 61.08,
            "at_2011_last_3y": 64,
            "at_2012_last_3y": 46.71,
            "at_2013_last_3y": 36.88,
            "at_2014_last_3y": 19.79,
            "at_2015_last_3y": 16.57,
            "at_2016_last_3y": 3,
            "at_2017_last_3y": 6.69,
            "at_2018_last_3y": 10.13,
            "at_2019_last_3y": -1.14,
            "at_2020_last_3y": 1.32,
            "at_2021_last_3y": -4.32,
            "at_2022_last_3y": 7.73,
            "at_2023_last_3y": 7.73,
            "at_2006_last_all": 14.5,
            "at_2007_last_all": 14.5,
            "at_2008_last_all": 35.87,
            "at_2009_last_all": 37.58,
            "at_2010_last_all": 37.79,
            "at_2011_last_all": 42.78,
            "at_2012_last_all": 41.29,
            "at_2013_last_all": 37.27,
            "at_2014_last_all": 30.59,
            "at_2015_last_all": 33.25,
            "at_2016_last_all": 28.53,
            "at_2017_last_all": 27.86,
            "at_2018_last_all": 24.74,
            "at_2019_last_all": 24.08,
            "at_2020_last_all": 21.72,
            "at_2021_last_all": 20.29,
            "at_2022_last_all": 20.96,
            "at_2023_last_all": 20.96
        },
        "latest_eps": 8.8,
        "latest_price": 92.2,
        "latest_roe": 12.1,
        "latest_gross_margin": 9.61,
        "latest_equity": 23553940,
        "latest_revenue": 8095928,
        "latest_gross_profit": 778077,
        "latest_net_income": 100704,
        "latest_debt_ratio": 43.43,
        "latest_current_ratio": 158.09,
        "latest_account_receivable_turnover_ratio": 1.55,
        "latest_inventory_turnover_ratio": 1.71,
        "latest_reinvestment_rate": 94.06,
        "latest_research_to_sale_ratio": 5.91
    },
    "eps_dividends": {
        "2001": {
            "cash": 0,
            "stock": 0,
            "eps": 0
        },
        "2002": {
            "cash": 0,
            "stock": 0,
            "eps": 1.14
        },
        "2003": {
            "cash": 0,
            "stock": 120,
            "eps": 2.46
        },
        "2004": {
            "cash": 0.3,
            "stock": 1.2,
            "eps": 3.53
        },
        "2005": {
            "cash": 1.2,
            "stock": 0.6,
            "eps": -2.31
        },
        "2006": {
            "cash": 0,
            "stock": 0,
            "eps": -0.48
        },
        "2007": {
            "cash": 0,
            "stock": 0,
            "eps": 0.52
        },
        "2008": {
            "cash": 0,
            "stock": 0,
            "eps": 2.05
        },
        "2009": {
            "cash": 0.8,
            "stock": 1.2,
            "eps": 2.96
        },
        "2010": {
            "cash": 1.53,
            "stock": 0.51,
            "eps": 4.11
        },
        "2011": {
            "cash": 4,
            "stock": 1,
            "eps": 7.1
        },
        "2012": {
            "cash": 0,
            "stock": 0,
            "eps": 9.29
        },
        "2013": {
            "cash": 2,
            "stock": 0.5,
            "eps": 9.76
        },
        "2014": {
            "cash": 2.5,
            "stock": 1,
            "eps": 6.88
        },
        "2015": {
            "cash": 2.5,
            "stock": 0.5,
            "eps": 11
        },
        "2016": {
            "cash": 4.5,
            "stock": 0.5,
            "eps": 8.42
        },
        "2017": {
            "cash": 4.5,
            "stock": 0.5,
            "eps": 10.09
        },
        "2018": {
            "cash": 5,
            "stock": 0,
            "eps": 8.5
        },
        "2019": {
            "cash": 5,
            "stock": 0,
            "eps": 9.76
        },
        "2020": {
            "cash": 5,
            "stock": 0,
            "eps": 8.43
        },
        "2021": {
            "cash": 5,
            "stock": 0,
            "eps": 8.2
        },
        "2022": {
            "cash": 5,
            "stock": 0,
            "eps": 10.86
        },
        "2023": {
            "cash": 5,
            "stock": 0,
            "eps": 0.31
        }
    },
    "dividends": {
        "2003-04-03": {
            "cash": 0,
            "stock": 120
        },
        "2004-02-27": {
            "cash": 0.3,
            "stock": 1.2
        },
        "2005-03-28": {
            "cash": 1.2,
            "stock": 0.6
        },
        "2009-03-24": {
            "cash": 0.8,
            "stock": 1.2
        },
        "2010-03-02": {
            "cash": 1.53,
            "stock": 0.51
        },
        "2011-01-01": {
            "cash": 2,
            "stock": 0.5
        },
        "2011-03-02": {
            "cash": 2,
            "stock": 0.5
        },
        "2013-04-25": {
            "cash": 2,
            "stock": 0.5
        },
        "2014-10-02": {
            "cash": 2.5,
            "stock": 1
        },
        "2015-10-06": {
            "cash": 2.5,
            "stock": 0.5
        },
        "2016-10-26": {
            "cash": 4.5,
            "stock": 0.5
        },
        "2017-09-20": {
            "cash": 4.5,
            "stock": 0.5
        },
        "2018-09-06": {
            "cash": 5,
            "stock": 0
        },
        "2019-08-30": {
            "cash": 5,
            "stock": 0
        },
        "2020-08-28": {
            "cash": 5,
            "stock": 0
        },
        "2021-07-22": {
            "cash": 5,
            "stock": 0
        },
        "2022-07-08": {
            "cash": 5,
            "stock": 0
        },
        "2023-07-07": {
            "cash": 5,
            "stock": 0
        }
    },
    "prices": {
        "200101": "無",
        "200102": "無",
        "200103": "無",
        "200104": "無",
        "200105": "無",
        "200106": "無",
        "200107": "無",
        "200108": "無",
        "200109": "無",
        "200110": "無",
        "200111": "無",
        "200112": "無",
        "200201": "無",
        "200202": "無",
        "200203": "無",
        "200204": "無",
        "200205": "無",
        "200206": "無",
        "200207": "無",
        "200208": "無",
        "200209": "無",
        "200210": "無",
        "200211": "無",
        "200212": "無",
        "200301": "無",
        "200302": "無",
        "200303": "無",
        "200304": "無",
        "200305": "無",
        "200306": "無",
        "200307": "無",
        "200308": "無",
        "200309": "33.92",
        "200310": "38.72",
        "200311": "40.46",
        "200312": "43.63",
        "200401": "49.57",
        "200402": "49.35",
        "200403": "47.06",
        "200404": "46.00",
        "200405": "42.14",
        "200406": "36.68",
        "200407": "30.26",
        "200408": "30.10",
        "200409": "30.85",
        "200410": "26.26",
        "200411": "24.10",
        "200412": "23.10",
        "200501": "21.21",
        "200502": "22.82",
        "200503": "24.52",
        "200504": "22.24",
        "200505": "21.52",
        "200506": "21.33",
        "200507": "18.36",
        "200508": "14.35",
        "200509": "12.50",
        "200510": "11.24",
        "200511": "10.25",
        "200512": "13.99",
        "200601": "15.69",
        "200602": "16.31",
        "200603": "14.88",
        "200604": "14.20",
        "200605": "12.35",
        "200606": "10.34",
        "200607": "10.06",
        "200608": "10.26",
        "200609": "10.80",
        "200610": "10.90",
        "200611": "12.62",
        "200612": "15.86",
        "200701": "16.93",
        "200702": "16.66",
        "200703": "17.38",
        "200704": "17.10",
        "200705": "15.65",
        "200706": "16.20",
        "200707": "17.06",
        "200708": "15.71",
        "200709": "15.03",
        "200710": "16.25",
        "200711": "17.64",
        "200712": "17.93",
        "200801": "16.49",
        "200802": "15.34",
        "200803": "16.23",
        "200804": "17.18",
        "200805": "21.00",
        "200806": "18.86",
        "200807": "16.26",
        "200808": "19.96",
        "200809": "19.53",
        "200810": "16.56",
        "200811": "11.28",
        "200812": "9.72",
        "200901": "11.37",
        "200902": "13.96",
        "200903": "14.99",
        "200904": "18.18",
        "200905": "23.47",
        "200906": "23.05",
        "200907": "27.49",
        "200908": "29.74",
        "200909": "35.41",
        "200910": "39.71",
        "200911": "42.63",
        "200912": "52.58",
        "201001": "50.92",
        "201002": "41.66",
        "201003": "44.65",
        "201004": "46.95",
        "201005": "43.14",
        "201006": "38.69",
        "201007": "37.65",
        "201008": "42.45",
        "201009": "51.28",
        "201010": "48.94",
        "201011": "48.67",
        "201012": "55.85",
        "201101": "56.64",
        "201102": "56.06",
        "201103": "55.77",
        "201104": "60.36",
        "201105": "65.85",
        "201106": "70.93",
        "201107": "79.53",
        "201108": "82.81",
        "201109": "81.12",
        "201110": "76.00",
        "201111": "75.39",
        "201112": "74.53",
        "201201": "86.85",
        "201202": "114.12",
        "201203": "129.04",
        "201204": "110.65",
        "201205": "103.77",
        "201206": "117.29",
        "201207": "115.98",
        "201208": "131.64",
        "201209": "125.68",
        "201210": "117.73",
        "201211": "119.59",
        "201212": "109.28",
        "201301": "97.29",
        "201302": "96.05",
        "201303": "91.59",
        "201304": "94.31",
        "201305": "107.49",
        "201306": "111.18",
        "201307": "106.39",
        "201308": "112.17",
        "201309": "106.50",
        "201310": "94.23",
        "201311": "91.04",
        "201312": "93.27",
        "201401": "95.99",
        "201402": "89.70",
        "201403": "88.98",
        "201404": "91.34",
        "201405": "79.00",
        "201406": "80.70",
        "201407": "81.91",
        "201408": "80.08",
        "201409": "81.02",
        "201410": "68.41",
        "201411": "62.26",
        "201412": "69.75",
        "201501": "72.72",
        "201502": "76.62",
        "201503": "84.78",
        "201504": "104.20",
        "201505": "109.62",
        "201506": "120.29",
        "201507": "122.93",
        "201508": "93.86",
        "201509": "92.44",
        "201510": "94.94",
        "201511": "92.53",
        "201512": "83.48",
        "201601": "71.76",
        "201602": "81.39",
        "201603": "86.67",
        "201604": "79.02",
        "201605": "78.38",
        "201606": "81.33",
        "201607": "84.80",
        "201608": "87.40",
        "201609": "87.18",
        "201610": "90.82",
        "201611": "85.38",
        "201612": "83.70",
        "201701": "87.83",
        "201702": "93.47",
        "201703": "98.03",
        "201704": "102.73",
        "201705": "113.48",
        "201706": "112.61",
        "201707": "118.86",
        "201708": "133.52",
        "201709": "122.16",
        "201710": "119.34",
        "201711": "120.66",
        "201712": "109.48",
        "201801": "111.05",
        "201802": "111.12",
        "201803": "107.85",
        "201804": "93.07",
        "201805": "85.23",
        "201806": "92.76",
        "201807": "100.17",
        "201808": "100.36",
        "201809": "90.89",
        "201810": "81.26",
        "201811": "79.46",
        "201812": "78.07",
        "201901": "71.75",
        "201902": "87.22",
        "201903": "90.08",
        "201904": "96.84",
        "201905": "85.39",
        "201906": "82.33",
        "201907": "92.60",
        "201908": "93.62",
        "201909": "95.74",
        "201910": "96.43",
        "201911": "112.74",
        "201912": "111.20",
        "202001": "116.30",
        "202002": "115.71",
        "202003": "100.61",
        "202004": "102.01",
        "202005": "105.88",
        "202006": "116.92",
        "202007": "141.37",
        "202008": "132.57",
        "202009": "123.93",
        "202010": "121.95",
        "202011": "116.29",
        "202012": "119.76",
        "202101": "121.12",
        "202102": "124.54",
        "202103": "123.98",
        "202104": "123.34",
        "202105": "114.40",
        "202106": "123.67",
        "202107": "130.00",
        "202108": "120.91",
        "202109": "109.25",
        "202110": "95.46",
        "202111": "99.60",
        "202112": "103.52",
        "202201": "100.79",
        "202202": "96.83",
        "202203": "97.79",
        "202204": "96.73",
        "202205": "94.25",
        "202206": "92.18",
        "202207": "82.81",
        "202208": "93.63",
        "202209": "93.57",
        "202210": "89.42",
        "202211": "104.42",
        "202212": "102.29",
        "202301": "99.11",
        "202302": "99.92",
        "202303": "97.76",
        "202304": "97.96",
        "202305": "95.67",
        "202306": "93.93"
    },
    "quarters": {
        "20011": {
            "year_quarter": 20011,
            "year": 2001,
            "quarter": 1,
            "eps": null,
            "eps_growth_year": null,
            "eps_4q": null,
            "eps_4q_growth_year": null,
            "roe": null,
            "roe_4q": 0,
            "gross_profit": null,
            "gross_margin": null,
            "gross_margin_4q_avg": 0,
            "net_income": null,
            "revenue": null,
            "common_shares": null,
            "book_valuer_per_share": null,
            "book_valuer_per_share_4q_avg": 0,
            "equity": null,
            "current_ratio": null,
            "debt_ratio": null,
            "inventory_turnover_ratio": null,
            "account_receivable_turnover_ratio": null,
            "reinvestment_rate": null,
            "research_to_sale_ratio": null,
            "price_fair": 0,
            "eps_avg_yearly": 0,
            "eps_latest_yearly": 0,
            "eps_growth_yearly": 0
        },
        "20012": {
            "year_quarter": 20012,
            "year": 2001,
            "quarter": 2,
            "eps": null,
            "eps_growth_year": null,
            "eps_4q": null,
            "eps_4q_growth_year": null,
            "roe": null,
            "roe_4q": 0,
            "gross_profit": null,
            "gross_margin": null,
            "gross_margin_4q_avg": 0,
            "net_income": null,
            "revenue": null,
            "common_shares": null,
            "book_valuer_per_share": null,
            "book_valuer_per_share_4q_avg": 0,
            "equity": null,
            "current_ratio": null,
            "debt_ratio": null,
            "inventory_turnover_ratio": null,
            "account_receivable_turnover_ratio": null,
            "reinvestment_rate": null,
            "research_to_sale_ratio": null,
            "price_fair": 0,
            "eps_avg_yearly": 0,
            "eps_latest_yearly": 0,
            "eps_growth_yearly": 0
        },
        "20013": {
            "year_quarter": 20013,
            "year": 2001,
            "quarter": 3,
            "eps": null,
            "eps_growth_year": null,
            "eps_4q": null,
            "eps_4q_growth_year": null,
            "roe": null,
            "roe_4q": 0,
            "gross_profit": null,
            "gross_margin": null,
            "gross_margin_4q_avg": 0,
            "net_income": null,
            "revenue": null,
            "common_shares": null,
            "book_valuer_per_share": null,
            "book_valuer_per_share_4q_avg": 0,
            "equity": null,
            "current_ratio": null,
            "debt_ratio": null,
            "inventory_turnover_ratio": null,
            "account_receivable_turnover_ratio": null,
            "reinvestment_rate": null,
            "research_to_sale_ratio": null,
            "price_fair": 0,
            "eps_avg_yearly": 0,
            "eps_latest_yearly": 0,
            "eps_growth_yearly": 0
        },
        "20014": {
            "year_quarter": 20014,
            "year": 2001,
            "quarter": 4,
            "eps": null,
            "eps_growth_year": null,
            "eps_4q": null,
            "eps_4q_growth_year": null,
            "roe": null,
            "roe_4q": 0,
            "gross_profit": null,
            "gross_margin": null,
            "gross_margin_4q_avg": 0,
            "net_income": null,
            "revenue": null,
            "common_shares": 500000,
            "book_valuer_per_share": 10.46,
            "book_valuer_per_share_4q_avg": 2.62,
            "equity": 522802,
            "current_ratio": 183.92,
            "debt_ratio": 40.71,
            "inventory_turnover_ratio": null,
            "account_receivable_turnover_ratio": null,
            "reinvestment_rate": null,
            "research_to_sale_ratio": null,
            "price_fair": 0,
            "eps_avg_yearly": 0,
            "eps_latest_yearly": 0,
            "eps_growth_yearly": 0
        },
        "20021": {
            "year_quarter": 20021,
            "year": 2002,
            "quarter": 1,
            "eps": null,
            "eps_growth_year": null,
            "eps_4q": null,
            "eps_4q_growth_year": null,
            "roe": null,
            "roe_4q": 0,
            "gross_profit": null,
            "gross_margin": null,
            "gross_margin_4q_avg": 0,
            "net_income": null,
            "revenue": null,
            "common_shares": null,
            "book_valuer_per_share": null,
            "book_valuer_per_share_4q_avg": 2.62,
            "equity": null,
            "current_ratio": null,
            "debt_ratio": null,
            "inventory_turnover_ratio": null,
            "account_receivable_turnover_ratio": null,
            "reinvestment_rate": null,
            "research_to_sale_ratio": null,
            "price_fair": 0,
            "eps_avg_yearly": 0,
            "eps_latest_yearly": 0,
            "eps_growth_yearly": 0
        },
        "20022": {
            "year_quarter": 20022,
            "year": 2002,
            "quarter": 2,
            "eps": null,
            "eps_growth_year": null,
            "eps_4q": null,
            "eps_4q_growth_year": null,
            "roe": null,
            "roe_4q": 0,
            "gross_profit": null,
            "gross_margin": null,
            "gross_margin_4q_avg": 0,
            "net_income": null,
            "revenue": null,
            "common_shares": null,
            "book_valuer_per_share": null,
            "book_valuer_per_share_4q_avg": 2.62,
            "equity": null,
            "current_ratio": null,
            "debt_ratio": null,
            "inventory_turnover_ratio": null,
            "account_receivable_turnover_ratio": null,
            "reinvestment_rate": null,
            "research_to_sale_ratio": null,
            "price_fair": 0,
            "eps_avg_yearly": 0,
            "eps_latest_yearly": 0,
            "eps_growth_yearly": 0
        },
        "20023": {
            "year_quarter": 20023,
            "year": 2002,
            "quarter": 3,
            "eps": 0.41,
            "eps_growth_year": null,
            "eps_4q": null,
            "eps_4q_growth_year": null,
            "roe": 3.32,
            "roe_4q": 3.32,
            "gross_profit": 60375,
            "gross_margin": 19.69,
            "gross_margin_4q_avg": 4.92,
            "net_income": 24522,
            "revenue": 306673,
            "common_shares": 600000,
            "book_valuer_per_share": 12.32,
            "book_valuer_per_share_4q_avg": 5.7,
            "equity": 738972,
            "current_ratio": 211.77,
            "debt_ratio": 30.95,
            "inventory_turnover_ratio": 2.64,
            "account_receivable_turnover_ratio": null,
            "reinvestment_rate": null,
            "research_to_sale_ratio": null,
            "price_fair": 0,
            "eps_avg_yearly": 0,
            "eps_latest_yearly": 0,
            "eps_growth_yearly": 0
        },
        "20024": {
            "year_quarter": 20024,
            "year": 2002,
            "quarter": 4,
            "eps": 0.73,
            "eps_growth_year": null,
            "eps_4q": null,
            "eps_4q_growth_year": null,
            "roe": 5.34,
            "roe_4q": 8.66,
            "gross_profit": 66370,
            "gross_margin": 21.43,
            "gross_margin_4q_avg": 10.28,
            "net_income": 40510,
            "revenue": 309660,
            "common_shares": 600000,
            "book_valuer_per_share": 12.99,
            "book_valuer_per_share_4q_avg": 6.33,
            "equity": 779267,
            "current_ratio": 197.67,
            "debt_ratio": 30.91,
            "inventory_turnover_ratio": 2.37,
            "account_receivable_turnover_ratio": null,
            "reinvestment_rate": null,
            "research_to_sale_ratio": null,
            "price_fair": 102.2,
            "eps_avg_yearly": 2.92,
            "eps_latest_yearly": 2.92,
            "eps_growth_yearly": 312.2
        },
        "20031": {
            "year_quarter": 20031,
            "year": 2003,
            "quarter": 1,
            "eps": 0.49,
            "eps_growth_year": null,
            "eps_4q": null,
            "eps_4q_growth_year": null,
            "roe": 3.69,
            "roe_4q": 12.35,
            "gross_profit": 69694,
            "gross_margin": 22.33,
            "gross_margin_4q_avg": 15.86,
            "net_income": 29304,
            "revenue": 312081,
            "common_shares": 600000,
            "book_valuer_per_share": 13.48,
            "book_valuer_per_share_4q_avg": 9.7,
            "equity": 808566,
            "current_ratio": 192.34,
            "debt_ratio": 32.89,
            "inventory_turnover_ratio": 1.87,
            "account_receivable_turnover_ratio": null,
            "reinvestment_rate": null,
            "research_to_sale_ratio": null,
            "price_fair": 85.4,
            "eps_avg_yearly": 2.44,
            "eps_latest_yearly": 1.96,
            "eps_growth_yearly": 90.34
        },
        "20032": {
            "year_quarter": 20032,
            "year": 2003,
            "quarter": 2,
            "eps": 0.55,
            "eps_growth_year": null,
            "eps_4q": 1.91,
            "eps_4q_growth_year": null,
            "roe": 4.63,
            "roe_4q": 16.98,
            "gross_profit": 79415,
            "gross_margin": 21.63,
            "gross_margin_4q_avg": 21.27,
            "net_income": 38210,
            "revenue": 367231,
            "common_shares": 600000,
            "book_valuer_per_share": 14.06,
            "book_valuer_per_share_4q_avg": 13.21,
            "equity": 843655,
            "current_ratio": 186.85,
            "debt_ratio": 33.29,
            "inventory_turnover_ratio": 1.97,
            "account_receivable_turnover_ratio": null,
            "reinvestment_rate": null,
            "research_to_sale_ratio": null,
            "price_fair": 82.6,
            "eps_avg_yearly": 2.36,
            "eps_latest_yearly": 2.2,
            "eps_growth_yearly": 76.56
        },
        "20033": {
            "year_quarter": 20033,
            "year": 2003,
            "quarter": 3,
            "eps": 0.55,
            "eps_growth_year": 34.15,
            "eps_4q": 2.09,
            "eps_4q_growth_year": null,
            "roe": 4.48,
            "roe_4q": 18.14,
            "gross_profit": 88758,
            "gross_margin": 21.61,
            "gross_margin_4q_avg": 21.75,
            "net_income": 38600,
            "revenue": 410649,
            "common_shares": 700000,
            "book_valuer_per_share": 12.58,
            "book_valuer_per_share_4q_avg": 13.28,
            "equity": 880623,
            "current_ratio": 164.26,
            "debt_ratio": 38.63,
            "inventory_turnover_ratio": 2.04,
            "account_receivable_turnover_ratio": null,
            "reinvestment_rate": null,
            "research_to_sale_ratio": null,
            "price_fair": 81.2,
            "eps_avg_yearly": 2.32,
            "eps_latest_yearly": 2.2,
            "eps_growth_yearly": 57.42
        },
        "20034": {
            "year_quarter": 20034,
            "year": 2003,
            "quarter": 4,
            "eps": 0.87,
            "eps_growth_year": 19.18,
            "eps_4q": 2.38,
            "eps_4q_growth_year": null,
            "roe": 6.7,
            "roe_4q": 19.5,
            "gross_profit": 116144,
            "gross_margin": 23.57,
            "gross_margin_4q_avg": 22.29,
            "net_income": 61047,
            "revenue": 492828,
            "common_shares": 700000,
            "book_valuer_per_share": 13.45,
            "book_valuer_per_share_4q_avg": 13.39,
            "equity": 941386,
            "current_ratio": 252.15,
            "debt_ratio": 56.56,
            "inventory_turnover_ratio": 1.86,
            "account_receivable_turnover_ratio": null,
            "reinvestment_rate": null,
            "research_to_sale_ratio": null,
            "price_fair": 89.32,
            "eps_avg_yearly": 2.55,
            "eps_latest_yearly": 3.48,
            "eps_growth_yearly": 92.48
        },
        "20041": {
            "year_quarter": 20041,
            "year": 2004,
            "quarter": 1,
            "eps": 0.99,
            "eps_growth_year": 102.04,
            "eps_4q": 2.96,
            "eps_4q_growth_year": null,
            "roe": 7.11,
            "roe_4q": 22.919999999999998,
            "gross_profit": 141497,
            "gross_margin": 24.71,
            "gross_margin_4q_avg": 22.88,
            "net_income": 69351,
            "revenue": 572691,
            "common_shares": 700000,
            "book_valuer_per_share": 14.4,
            "book_valuer_per_share_4q_avg": 13.62,
            "equity": 1008143,
            "current_ratio": 242,
            "debt_ratio": 55.87,
            "inventory_turnover_ratio": 1.87,
            "account_receivable_turnover_ratio": null,
            "reinvestment_rate": null,
            "research_to_sale_ratio": null,
            "price_fair": 97.53,
            "eps_avg_yearly": 2.79,
            "eps_latest_yearly": 3.96,
            "eps_growth_yearly": 86.26
        },
        "20042": {
            "year_quarter": 20042,
            "year": 2004,
            "quarter": 2,
            "eps": 1.37,
            "eps_growth_year": 149.09,
            "eps_4q": 3.7,
            "eps_4q_growth_year": 93.92,
            "roe": 8.89,
            "roe_4q": 27.18,
            "gross_profit": 178162,
            "gross_margin": 27.35,
            "gross_margin_4q_avg": 24.31,
            "net_income": 99380,
            "revenue": 651477,
            "common_shares": 793000,
            "book_valuer_per_share": 15.47,
            "book_valuer_per_share_4q_avg": 13.98,
            "equity": 1226630,
            "current_ratio": 199.15,
            "debt_ratio": 55.72,
            "inventory_turnover_ratio": 1.88,
            "account_receivable_turnover_ratio": null,
            "reinvestment_rate": null,
            "research_to_sale_ratio": null,
            "price_fair": 111,
            "eps_avg_yearly": 3.17,
            "eps_latest_yearly": 5.48,
            "eps_growth_yearly": 95.87
        },
        "20043": {
            "year_quarter": 20043,
            "year": 2004,
            "quarter": 3,
            "eps": 0.88,
            "eps_growth_year": 60,
            "eps_4q": 3.59,
            "eps_4q_growth_year": 71.94,
            "roe": 5.9,
            "roe_4q": 28.6,
            "gross_profit": 164087,
            "gross_margin": 24.05,
            "gross_margin_4q_avg": 24.92,
            "net_income": 74553,
            "revenue": 682146,
            "common_shares": 903880,
            "book_valuer_per_share": 14.4,
            "book_valuer_per_share_4q_avg": 14.43,
            "equity": 1301423,
            "current_ratio": 202.27,
            "debt_ratio": 53.19,
            "inventory_turnover_ratio": 1.84,
            "account_receivable_turnover_ratio": null,
            "reinvestment_rate": null,
            "research_to_sale_ratio": null,
            "price_fair": 112.53,
            "eps_avg_yearly": 3.22,
            "eps_latest_yearly": 3.52,
            "eps_growth_yearly": 66
        },
        "20044": {
            "year_quarter": 20044,
            "year": 2004,
            "quarter": 4,
            "eps": 0.29,
            "eps_growth_year": -66.67,
            "eps_4q": 3.13,
            "eps_4q_growth_year": 31.48,
            "roe": 1.91,
            "roe_4q": 23.810000000000002,
            "gross_profit": 130144,
            "gross_margin": 19.49,
            "gross_margin_4q_avg": 23.9,
            "net_income": 24823,
            "revenue": 667753,
            "common_shares": 903880,
            "book_valuer_per_share": 14.39,
            "book_valuer_per_share_4q_avg": 14.67,
            "equity": 1300711,
            "current_ratio": 177.02,
            "debt_ratio": 58.88,
            "inventory_turnover_ratio": 1.49,
            "account_receivable_turnover_ratio": null,
            "reinvestment_rate": null,
            "research_to_sale_ratio": null,
            "price_fair": 104.53,
            "eps_avg_yearly": 2.99,
            "eps_latest_yearly": 1.16,
            "eps_growth_yearly": 28.87
        },
        "20051": {
            "year_quarter": 20051,
            "year": 2005,
            "quarter": 1,
            "eps": -0.85,
            "eps_growth_year": -185.86,
            "eps_4q": 1.04,
            "eps_4q_growth_year": -64.72,
            "roe": -6.1,
            "roe_4q": 10.600000000000001,
            "gross_profit": 34593,
            "gross_margin": 6.37,
            "gross_margin_4q_avg": 19.32,
            "net_income": -89221,
            "revenue": 543180,
            "common_shares": 1103880,
            "book_valuer_per_share": 14.74,
            "book_valuer_per_share_4q_avg": 14.75,
            "equity": 1626692,
            "current_ratio": 263.86,
            "debt_ratio": 45.73,
            "inventory_turnover_ratio": 1.47,
            "account_receivable_turnover_ratio": null,
            "reinvestment_rate": null,
            "research_to_sale_ratio": null,
            "price_fair": 104.53,
            "eps_avg_yearly": 2.99,
            "eps_latest_yearly": 1.16,
            "eps_growth_yearly": 28.87
        },
        "20052": {
            "year_quarter": 20052,
            "year": 2005,
            "quarter": 2,
            "eps": -1.02,
            "eps_growth_year": -174.45,
            "eps_4q": -0.9,
            "eps_4q_growth_year": -124.43,
            "roe": -7.39,
            "roe_4q": -5.679999999999998,
            "gross_profit": 7135,
            "gross_margin": 1.66,
            "gross_margin_4q_avg": 12.89,
            "net_income": -110093,
            "revenue": 428809,
            "common_shares": 1105610,
            "book_valuer_per_share": 12.25,
            "book_valuer_per_share_4q_avg": 13.95,
            "equity": 1354501,
            "current_ratio": 198.69,
            "debt_ratio": 53.26,
            "inventory_turnover_ratio": 1.8,
            "account_receivable_turnover_ratio": null,
            "reinvestment_rate": null,
            "research_to_sale_ratio": null,
            "price_fair": 104.53,
            "eps_avg_yearly": 2.99,
            "eps_latest_yearly": 1.16,
            "eps_growth_yearly": 28.87
        },
        "20053": {
            "year_quarter": 20053,
            "year": 2005,
            "quarter": 3,
            "eps": 0.04,
            "eps_growth_year": -95.45,
            "eps_4q": -1.52,
            "eps_4q_growth_year": -142.28,
            "roe": 0.33,
            "roe_4q": -11.25,
            "gross_profit": 71111,
            "gross_margin": 13.38,
            "gross_margin_4q_avg": 10.23,
            "net_income": 4478,
            "revenue": 531364,
            "common_shares": 1184688,
            "book_valuer_per_share": 11.7,
            "book_valuer_per_share_4q_avg": 13.27,
            "equity": 1386284,
            "current_ratio": 214.87,
            "debt_ratio": 50.66,
            "inventory_turnover_ratio": 2,
            "account_receivable_turnover_ratio": null,
            "reinvestment_rate": null,
            "research_to_sale_ratio": null,
            "price_fair": 104.53,
            "eps_avg_yearly": 2.99,
            "eps_latest_yearly": 1.16,
            "eps_growth_yearly": 28.87
        },
        "20054": {
            "year_quarter": 20054,
            "year": 2005,
            "quarter": 4,
            "eps": -0.48,
            "eps_growth_year": -265.52,
            "eps_4q": -2.09,
            "eps_4q_growth_year": -166.7,
            "roe": -4.1,
            "roe_4q": -17.259999999999998,
            "gross_profit": 100441,
            "gross_margin": 17.19,
            "gross_margin_4q_avg": 9.65,
            "net_income": -56248,
            "revenue": 584326,
            "common_shares": 1184688,
            "book_valuer_per_share": 11.21,
            "book_valuer_per_share_4q_avg": 12.48,
            "equity": 1357340,
            "current_ratio": 169.4,
            "debt_ratio": 56.08,
            "inventory_turnover_ratio": 1.52,
            "account_receivable_turnover_ratio": null,
            "reinvestment_rate": null,
            "research_to_sale_ratio": null,
            "price_fair": 104.53,
            "eps_avg_yearly": 2.99,
            "eps_latest_yearly": 1.16,
            "eps_growth_yearly": 28.87
        },
        "20061": {
            "year_quarter": 20061,
            "year": 2006,
            "quarter": 1,
            "eps": -0.14,
            "eps_growth_year": null,
            "eps_4q": -1.48,
            "eps_4q_growth_year": -241.94,
            "roe": -1.27,
            "roe_4q": -12.43,
            "gross_profit": 54219,
            "gross_margin": 11.6,
            "gross_margin_4q_avg": 10.96,
            "net_income": -16896,
            "revenue": 467261,
            "common_shares": 1184688,
            "book_valuer_per_share": 11.04,
            "book_valuer_per_share_4q_avg": 11.55,
            "equity": 1307627,
            "current_ratio": 256.48,
            "debt_ratio": 46.24,
            "inventory_turnover_ratio": 1.33,
            "account_receivable_turnover_ratio": null,
            "reinvestment_rate": null,
            "research_to_sale_ratio": null,
            "price_fair": 104.53,
            "eps_avg_yearly": 2.99,
            "eps_latest_yearly": 1.16,
            "eps_growth_yearly": 28.87
        },
        "20062": {
            "year_quarter": 20062,
            "year": 2006,
            "quarter": 2,
            "eps": -0.43,
            "eps_growth_year": null,
            "eps_4q": -1,
            "eps_4q_growth_year": null,
            "roe": -3.92,
            "roe_4q": -8.959999999999999,
            "gross_profit": -8892,
            "gross_margin": -2.08,
            "gross_margin_4q_avg": 10.02,
            "net_income": -50266,
            "revenue": 426876,
            "common_shares": 1184688,
            "book_valuer_per_share": 10.62,
            "book_valuer_per_share_4q_avg": 11.14,
            "equity": 1257566,
            "current_ratio": 248.96,
            "debt_ratio": 49.85,
            "inventory_turnover_ratio": 1.91,
            "account_receivable_turnover_ratio": null,
            "reinvestment_rate": 326.75,
            "research_to_sale_ratio": null,
            "price_fair": 104.53,
            "eps_avg_yearly": 2.99,
            "eps_latest_yearly": 1.16,
            "eps_growth_yearly": 28.87
        },
        "20063": {
            "year_quarter": 20063,
            "year": 2006,
            "quarter": 3,
            "eps": 0.06,
            "eps_growth_year": 50,
            "eps_4q": -0.95,
            "eps_4q_growth_year": null,
            "roe": 0.58,
            "roe_4q": -8.709999999999999,
            "gross_profit": 66375,
            "gross_margin": 13.64,
            "gross_margin_4q_avg": 10.09,
            "net_income": 7319,
            "revenue": 486728,
            "common_shares": 1184688,
            "book_valuer_per_share": 10.83,
            "book_valuer_per_share_4q_avg": 10.93,
            "equity": 1283044,
            "current_ratio": 244.77,
            "debt_ratio": 50.9,
            "inventory_turnover_ratio": 1.91,
            "account_receivable_turnover_ratio": null,
            "reinvestment_rate": 72.45,
            "research_to_sale_ratio": null,
            "price_fair": 104.53,
            "eps_avg_yearly": 2.99,
            "eps_latest_yearly": 1.16,
            "eps_growth_yearly": 28.87
        },
        "20064": {
            "year_quarter": 20064,
            "year": 2006,
            "quarter": 4,
            "eps": 0.03,
            "eps_growth_year": null,
            "eps_4q": -0.56,
            "eps_4q_growth_year": null,
            "roe": 0.23,
            "roe_4q": -4.38,
            "gross_profit": 87202,
            "gross_margin": 16.53,
            "gross_margin_4q_avg": 9.92,
            "net_income": 3052,
            "revenue": 527476,
            "common_shares": 1191258,
            "book_valuer_per_share": 10.84,
            "book_valuer_per_share_4q_avg": 10.83,
            "equity": 1320412,
            "current_ratio": 188.21,
            "debt_ratio": 52.54,
            "inventory_turnover_ratio": 1.61,
            "account_receivable_turnover_ratio": null,
            "reinvestment_rate": 571.98,
            "research_to_sale_ratio": null,
            "price_fair": 8.03,
            "eps_avg_yearly": 2.68,
            "eps_latest_yearly": 0.12,
            "eps_growth_yearly": -28.04
        },
        "20071": {
            "year_quarter": 20071,
            "year": 2007,
            "quarter": 1,
            "eps": 0.05,
            "eps_growth_year": null,
            "eps_4q": -0.29,
            "eps_4q_growth_year": null,
            "roe": 0.44,
            "roe_4q": -2.67,
            "gross_profit": 38980,
            "gross_margin": 11.61,
            "gross_margin_4q_avg": 9.93,
            "net_income": 5792,
            "revenue": 335858,
            "common_shares": 1191633,
            "book_valuer_per_share": 11,
            "book_valuer_per_share_4q_avg": 10.82,
            "equity": 1310982,
            "current_ratio": 315.53,
            "debt_ratio": 42.99,
            "inventory_turnover_ratio": 1.24,
            "account_receivable_turnover_ratio": null,
            "reinvestment_rate": 153.77,
            "research_to_sale_ratio": null,
            "price_fair": 64.99,
            "eps_avg_yearly": 2.48,
            "eps_latest_yearly": 0.2,
            "eps_growth_yearly": 16.2
        },
        "20072": {
            "year_quarter": 20072,
            "year": 2007,
            "quarter": 2,
            "eps": 0.11,
            "eps_growth_year": null,
            "eps_4q": 0.24,
            "eps_4q_growth_year": null,
            "roe": 1,
            "roe_4q": 2.25,
            "gross_profit": 46893,
            "gross_margin": 13.31,
            "gross_margin_4q_avg": 13.77,
            "net_income": 13210,
            "revenue": 352359,
            "common_shares": 1191633,
            "book_valuer_per_share": 11.14,
            "book_valuer_per_share_4q_avg": 10.95,
            "equity": 1328056,
            "current_ratio": 287.16,
            "debt_ratio": 42.23,
            "inventory_turnover_ratio": 2.12,
            "account_receivable_turnover_ratio": null,
            "reinvestment_rate": 139.63,
            "research_to_sale_ratio": null,
            "price_fair": 79.96,
            "eps_avg_yearly": 2.28,
            "eps_latest_yearly": 0.44,
            "eps_growth_yearly": 64.09
        },
        "20073": {
            "year_quarter": 20073,
            "year": 2007,
            "quarter": 3,
            "eps": 0.08,
            "eps_growth_year": 33.33,
            "eps_4q": 0.26,
            "eps_4q_growth_year": null,
            "roe": 0.73,
            "roe_4q": 2.4,
            "gross_profit": 64313,
            "gross_margin": 15.67,
            "gross_margin_4q_avg": 14.28,
            "net_income": 9743,
            "revenue": 410340,
            "common_shares": 1193121,
            "book_valuer_per_share": 11.25,
            "book_valuer_per_share_4q_avg": 11.06,
            "equity": 1342636,
            "current_ratio": 271.88,
            "debt_ratio": 42.58,
            "inventory_turnover_ratio": 2.83,
            "account_receivable_turnover_ratio": null,
            "reinvestment_rate": 120.47,
            "research_to_sale_ratio": null,
            "price_fair": 72.64,
            "eps_avg_yearly": 2.08,
            "eps_latest_yearly": 0.32,
            "eps_growth_yearly": 51.97
        },
        "20074": {
            "year_quarter": 20074,
            "year": 2007,
            "quarter": 4,
            "eps": 0.28,
            "eps_growth_year": 833.33,
            "eps_4q": 0.52,
            "eps_4q_growth_year": null,
            "roe": 2.43,
            "roe_4q": 4.6000000000000005,
            "gross_profit": 63996,
            "gross_margin": 13.77,
            "gross_margin_4q_avg": 13.59,
            "net_income": 33526,
            "revenue": 464652,
            "common_shares": 1195821,
            "book_valuer_per_share": 11.63,
            "book_valuer_per_share_4q_avg": 11.26,
            "equity": 1417834,
            "current_ratio": 183.59,
            "debt_ratio": 44.12,
            "inventory_turnover_ratio": 2.16,
            "account_receivable_turnover_ratio": null,
            "reinvestment_rate": 2470.59,
            "research_to_sale_ratio": null,
            "price_fair": 63.47,
            "eps_avg_yearly": 1.81,
            "eps_latest_yearly": 1.12,
            "eps_growth_yearly": 137.23
        },
        "20081": {
            "year_quarter": 20081,
            "year": 2008,
            "quarter": 1,
            "eps": 0.06,
            "eps_growth_year": 20,
            "eps_4q": 0.55,
            "eps_4q_growth_year": null,
            "roe": 0.49,
            "roe_4q": 4.65,
            "gross_profit": 122822,
            "gross_margin": 19.49,
            "gross_margin_4q_avg": 15.56,
            "net_income": 6860,
            "revenue": 630141,
            "common_shares": 1195821,
            "book_valuer_per_share": 11.54,
            "book_valuer_per_share_4q_avg": 11.39,
            "equity": 1407615,
            "current_ratio": 188.7,
            "debt_ratio": 44.06,
            "inventory_turnover_ratio": 1.83,
            "account_receivable_turnover_ratio": null,
            "reinvestment_rate": null,
            "research_to_sale_ratio": null,
            "price_fair": 49,
            "eps_avg_yearly": 1.4,
            "eps_latest_yearly": 0.24,
            "eps_growth_yearly": 96.18
        },
        "20082": {
            "year_quarter": 20082,
            "year": 2008,
            "quarter": 2,
            "eps": 0.61,
            "eps_growth_year": 454.55,
            "eps_4q": 1.03,
            "eps_4q_growth_year": 322.15,
            "roe": 4.98,
            "roe_4q": 8.63,
            "gross_profit": 110831,
            "gross_margin": 15.98,
            "gross_margin_4q_avg": 16.23,
            "net_income": 72404,
            "revenue": 693400,
            "common_shares": 1201921,
            "book_valuer_per_share": 12.24,
            "book_valuer_per_share_4q_avg": 11.67,
            "equity": 1498735,
            "current_ratio": 153.82,
            "debt_ratio": 46.27,
            "inventory_turnover_ratio": 2.01,
            "account_receivable_turnover_ratio": null,
            "reinvestment_rate": null,
            "research_to_sale_ratio": null,
            "price_fair": 37.18,
            "eps_avg_yearly": 1.06,
            "eps_latest_yearly": 2.44,
            "eps_growth_yearly": 486.52
        },
        "20083": {
            "year_quarter": 20083,
            "year": 2008,
            "quarter": 3,
            "eps": 0.87,
            "eps_growth_year": 987.5,
            "eps_4q": 1.82,
            "eps_4q_growth_year": 595.79,
            "roe": 6.66,
            "roe_4q": 14.56,
            "gross_profit": 236429,
            "gross_margin": 29.34,
            "gross_margin_4q_avg": 19.65,
            "net_income": 103662,
            "revenue": 805889,
            "common_shares": 1197501,
            "book_valuer_per_share": 13.46,
            "book_valuer_per_share_4q_avg": 12.22,
            "equity": 1612208,
            "current_ratio": 167.82,
            "debt_ratio": 46.39,
            "inventory_turnover_ratio": 1.89,
            "account_receivable_turnover_ratio": null,
            "reinvestment_rate": null,
            "research_to_sale_ratio": null,
            "price_fair": 37.02,
            "eps_avg_yearly": 1.06,
            "eps_latest_yearly": 3.48,
            "eps_growth_yearly": 521.36
        },
        "20084": {
            "year_quarter": 20084,
            "year": 2008,
            "quarter": 4,
            "eps": 0.51,
            "eps_growth_year": 82.14,
            "eps_4q": 2.04,
            "eps_4q_growth_year": 291.7,
            "roe": 3.7,
            "roe_4q": 15.83,
            "gross_profit": 159918,
            "gross_margin": 23.22,
            "gross_margin_4q_avg": 22.01,
            "net_income": 61090,
            "revenue": 688584,
            "common_shares": 1197501,
            "book_valuer_per_share": 14.09,
            "book_valuer_per_share_4q_avg": 12.83,
            "equity": 1686799,
            "current_ratio": 192.37,
            "debt_ratio": 41.47,
            "inventory_turnover_ratio": 1.93,
            "account_receivable_turnover_ratio": 1.47,
            "reinvestment_rate": null,
            "research_to_sale_ratio": null,
            "price_fair": 40.44,
            "eps_avg_yearly": 1.16,
            "eps_latest_yearly": 2.04,
            "eps_growth_yearly": 532.77
        },
        "20091": {
            "year_quarter": 20091,
            "year": 2009,
            "quarter": 1,
            "eps": 0.26,
            "eps_growth_year": 333.33,
            "eps_4q": 2.23,
            "eps_4q_growth_year": 302.44,
            "roe": 1.83,
            "roe_4q": 17.17,
            "gross_profit": 89861,
            "gross_margin": 17.41,
            "gross_margin_4q_avg": 21.49,
            "net_income": 31278,
            "revenue": 516114,
            "common_shares": 1197501,
            "book_valuer_per_share": 14.52,
            "book_valuer_per_share_4q_avg": 13.58,
            "equity": 1739142,
            "current_ratio": 217.35,
            "debt_ratio": 36.42,
            "inventory_turnover_ratio": 2.16,
            "account_receivable_turnover_ratio": 0.63,
            "reinvestment_rate": 148.29,
            "research_to_sale_ratio": null,
            "price_fair": 40.04,
            "eps_avg_yearly": 1.14,
            "eps_latest_yearly": 1.04,
            "eps_growth_yearly": 459.89
        },
        "20092": {
            "year_quarter": 20092,
            "year": 2009,
            "quarter": 2,
            "eps": 0.77,
            "eps_growth_year": 26.23,
            "eps_4q": 2.22,
            "eps_4q_growth_year": 115.3,
            "roe": 5.98,
            "roe_4q": 18.17,
            "gross_profit": 190233,
            "gross_margin": 25.11,
            "gross_margin_4q_avg": 23.77,
            "net_income": 103866,
            "revenue": 757600,
            "common_shares": 1197501,
            "book_valuer_per_share": 14.49,
            "book_valuer_per_share_4q_avg": 14.14,
            "equity": 1735742,
            "current_ratio": 178.73,
            "debt_ratio": 43.84,
            "inventory_turnover_ratio": 2.96,
            "account_receivable_turnover_ratio": 0.91,
            "reinvestment_rate": 53.92,
            "research_to_sale_ratio": null,
            "price_fair": 46.2,
            "eps_avg_yearly": 1.32,
            "eps_latest_yearly": 3.08,
            "eps_growth_yearly": 489.41
        },
        "20093": {
            "year_quarter": 20093,
            "year": 2009,
            "quarter": 3,
            "eps": 1.02,
            "eps_growth_year": 17.24,
            "eps_4q": 2.48,
            "eps_4q_growth_year": 36.77,
            "roe": 7.6,
            "roe_4q": 19.11,
            "gross_profit": 267096,
            "gross_margin": 28.54,
            "gross_margin_4q_avg": 23.57,
            "net_income": 136671,
            "revenue": 935779,
            "common_shares": 1351726,
            "book_valuer_per_share": 13.77,
            "book_valuer_per_share_4q_avg": 14.22,
            "equity": 1861399,
            "current_ratio": 190.99,
            "debt_ratio": 41.24,
            "inventory_turnover_ratio": 2.71,
            "account_receivable_turnover_ratio": 0.87,
            "reinvestment_rate": 37.07,
            "research_to_sale_ratio": null,
            "price_fair": 54.25,
            "eps_avg_yearly": 1.55,
            "eps_latest_yearly": 4.08,
            "eps_growth_yearly": 459.44
        },
        "20094": {
            "year_quarter": 20094,
            "year": 2009,
            "quarter": 4,
            "eps": 0.91,
            "eps_growth_year": 78.43,
            "eps_4q": 2.9,
            "eps_4q_growth_year": 42.38,
            "roe": 6.35,
            "roe_4q": 21.759999999999998,
            "gross_profit": 225960,
            "gross_margin": 25.72,
            "gross_margin_4q_avg": 24.2,
            "net_income": 122270,
            "revenue": 878511,
            "common_shares": 1358736,
            "book_valuer_per_share": 14.66,
            "book_valuer_per_share_4q_avg": 14.36,
            "equity": 1992361,
            "current_ratio": 206.66,
            "debt_ratio": 39.61,
            "inventory_turnover_ratio": 2.46,
            "account_receivable_turnover_ratio": 1.55,
            "reinvestment_rate": 58.31,
            "research_to_sale_ratio": null,
            "price_fair": 59.88,
            "eps_avg_yearly": 1.71,
            "eps_latest_yearly": 3.64,
            "eps_growth_yearly": 420.78
        },
        "20101": {
            "year_quarter": 20101,
            "year": 2010,
            "quarter": 1,
            "eps": 0.67,
            "eps_growth_year": 157.69,
            "eps_4q": 3.31,
            "eps_4q_growth_year": 48.35,
            "roe": 4.43,
            "roe_4q": 24.36,
            "gross_profit": 160671,
            "gross_margin": 21.48,
            "gross_margin_4q_avg": 25.21,
            "net_income": 90385,
            "revenue": 747956,
            "common_shares": 1367154,
            "book_valuer_per_share": 15.24,
            "book_valuer_per_share_4q_avg": 14.54,
            "equity": 2086493,
            "current_ratio": 198.19,
            "debt_ratio": 41.01,
            "inventory_turnover_ratio": 1.59,
            "account_receivable_turnover_ratio": 0.66,
            "reinvestment_rate": 128.46,
            "research_to_sale_ratio": 3.71,
            "price_fair": 62.3,
            "eps_avg_yearly": 1.78,
            "eps_latest_yearly": 2.68,
            "eps_growth_yearly": 383.19
        },
        "20102": {
            "year_quarter": 20102,
            "year": 2010,
            "quarter": 2,
            "eps": 1.35,
            "eps_growth_year": 74.99,
            "eps_4q": 3.82,
            "eps_4q_growth_year": 71.7,
            "roe": 9.36,
            "roe_4q": 27.740000000000002,
            "gross_profit": 298570,
            "gross_margin": 26.13,
            "gross_margin_4q_avg": 25.47,
            "net_income": 190596,
            "revenue": 1142517,
            "common_shares": 1372739,
            "book_valuer_per_share": 14.76,
            "book_valuer_per_share_4q_avg": 14.61,
            "equity": 1987583,
            "current_ratio": 165.33,
            "debt_ratio": 44.65,
            "inventory_turnover_ratio": 1.77,
            "account_receivable_turnover_ratio": 0.84,
            "reinvestment_rate": 115.31,
            "research_to_sale_ratio": 2.48,
            "price_fair": 70.75,
            "eps_avg_yearly": 2.02,
            "eps_latest_yearly": 5.4,
            "eps_growth_yearly": 384.71
        },
        "20103": {
            "year_quarter": 20103,
            "year": 2010,
            "quarter": 3,
            "eps": 1.35,
            "eps_growth_year": 32.46,
            "eps_4q": 4.21,
            "eps_4q_growth_year": 69.64,
            "roe": 9.21,
            "roe_4q": 29.35,
            "gross_profit": 324411,
            "gross_margin": 25.02,
            "gross_margin_4q_avg": 24.59,
            "net_income": 190252,
            "revenue": 1296845,
            "common_shares": 1442669,
            "book_valuer_per_share": 15.21,
            "book_valuer_per_share_4q_avg": 14.97,
            "equity": 2141819,
            "current_ratio": 178.49,
            "debt_ratio": 45.23,
            "inventory_turnover_ratio": 1.87,
            "account_receivable_turnover_ratio": 0.75,
            "reinvestment_rate": 112.41,
            "research_to_sale_ratio": 2.18,
            "price_fair": 78.14,
            "eps_avg_yearly": 2.23,
            "eps_latest_yearly": 5.4,
            "eps_growth_yearly": 360.67
        },
        "20104": {
            "year_quarter": 20104,
            "year": 2010,
            "quarter": 4,
            "eps": 0.74,
            "eps_growth_year": -18.53,
            "eps_4q": 4.08,
            "eps_4q_growth_year": 40.76,
            "roe": 4.78,
            "roe_4q": 27.78,
            "gross_profit": 234658,
            "gross_margin": 17.19,
            "gross_margin_4q_avg": 22.46,
            "net_income": 104567,
            "revenue": 1365206,
            "common_shares": 1444731,
            "book_valuer_per_share": 15.84,
            "book_valuer_per_share_4q_avg": 15.26,
            "equity": 2233063,
            "current_ratio": 172.12,
            "debt_ratio": 45.93,
            "inventory_turnover_ratio": 2.21,
            "account_receivable_turnover_ratio": 0.76,
            "reinvestment_rate": 48.36,
            "research_to_sale_ratio": 2.74,
            "price_fair": 84.35,
            "eps_avg_yearly": 2.41,
            "eps_latest_yearly": 2.96,
            "eps_growth_yearly": 361.87
        },
        "20111": {
            "year_quarter": 20111,
            "year": 2011,
            "quarter": 1,
            "eps": 1.29,
            "eps_growth_year": 92.54,
            "eps_4q": 4.66,
            "eps_4q_growth_year": 40.8,
            "roe": 7.51,
            "roe_4q": 30.86,
            "gross_profit": 336255,
            "gross_margin": 24.03,
            "gross_margin_4q_avg": 23.09,
            "net_income": 182296,
            "revenue": 1399563,
            "common_shares": 1452701,
            "book_valuer_per_share": 18.33,
            "book_valuer_per_share_4q_avg": 16.04,
            "equity": 2623910,
            "current_ratio": 195.04,
            "debt_ratio": 52.89,
            "inventory_turnover_ratio": 1.9,
            "account_receivable_turnover_ratio": 0.78,
            "reinvestment_rate": 115.38,
            "research_to_sale_ratio": 4.23,
            "price_fair": 95.2,
            "eps_avg_yearly": 2.72,
            "eps_latest_yearly": 5.16,
            "eps_growth_yearly": 363.79
        },
        "20112": {
            "year_quarter": 20112,
            "year": 2011,
            "quarter": 2,
            "eps": 1.56,
            "eps_growth_year": 15.85,
            "eps_4q": 4.73,
            "eps_4q_growth_year": 24.04,
            "roe": 9.01,
            "roe_4q": 30.51,
            "gross_profit": 498372,
            "gross_margin": 29.77,
            "gross_margin_4q_avg": 24,
            "net_income": 234697,
            "revenue": 1673820,
            "common_shares": 1457656,
            "book_valuer_per_share": 18.05,
            "book_valuer_per_share_4q_avg": 16.86,
            "equity": 2584915,
            "current_ratio": 169.62,
            "debt_ratio": 56.12,
            "inventory_turnover_ratio": 2.04,
            "account_receivable_turnover_ratio": 0.87,
            "reinvestment_rate": 124.4,
            "research_to_sale_ratio": 4.25,
            "price_fair": 107.89,
            "eps_avg_yearly": 3.08,
            "eps_latest_yearly": 6.24,
            "eps_growth_yearly": 339.02
        },
        "20113": {
            "year_quarter": 20113,
            "year": 2011,
            "quarter": 3,
            "eps": 2.13,
            "eps_growth_year": 57.98,
            "eps_4q": 5.2,
            "eps_4q_growth_year": 23.43,
            "roe": 10.83,
            "roe_4q": 32.13,
            "gross_profit": 600388,
            "gross_margin": 30.59,
            "gross_margin_4q_avg": 25.4,
            "net_income": 362838,
            "revenue": 1962592,
            "common_shares": 1711584,
            "book_valuer_per_share": 24.22,
            "book_valuer_per_share_4q_avg": 19.11,
            "equity": 4114903,
            "current_ratio": 182.47,
            "debt_ratio": 46.2,
            "inventory_turnover_ratio": 2.03,
            "account_receivable_turnover_ratio": 0.86,
            "reinvestment_rate": 157.7,
            "research_to_sale_ratio": 3.23,
            "price_fair": 125.83,
            "eps_avg_yearly": 3.6,
            "eps_latest_yearly": 8.52,
            "eps_growth_yearly": 354.97
        },
        "20114": {
            "year_quarter": 20114,
            "year": 2011,
            "quarter": 4,
            "eps": 2.12,
            "eps_growth_year": 186.55,
            "eps_4q": 6.59,
            "eps_4q_growth_year": 61.41,
            "roe": 8.38,
            "roe_4q": 35.73,
            "gross_profit": 671566,
            "gross_margin": 26.57,
            "gross_margin_4q_avg": 27.74,
            "net_income": 371047,
            "revenue": 2527510,
            "common_shares": 1761758,
            "book_valuer_per_share": 27.13,
            "book_valuer_per_share_4q_avg": 21.93,
            "equity": 4738898,
            "current_ratio": 185.12,
            "debt_ratio": 43.55,
            "inventory_turnover_ratio": 2.16,
            "account_receivable_turnover_ratio": 0.91,
            "reinvestment_rate": 120.17,
            "research_to_sale_ratio": 2.98,
            "price_fair": 141.93,
            "eps_avg_yearly": 4.06,
            "eps_latest_yearly": 8.48,
            "eps_growth_yearly": 292.35
        },
        "20121": {
            "year_quarter": 20121,
            "year": 2012,
            "quarter": 1,
            "eps": 2.34,
            "eps_growth_year": 81.4,
            "eps_4q": 7.76,
            "eps_4q_growth_year": 66.44,
            "roe": 8.25,
            "roe_4q": 36.47,
            "gross_profit": 744051,
            "gross_margin": 28.65,
            "gross_margin_4q_avg": 28.9,
            "net_income": 409230,
            "revenue": 2597289,
            "common_shares": 1776780,
            "book_valuer_per_share": 29.33,
            "book_valuer_per_share_4q_avg": 24.68,
            "equity": 5179327,
            "current_ratio": 184.5,
            "debt_ratio": 41.92,
            "inventory_turnover_ratio": 2.2,
            "account_receivable_turnover_ratio": 0.9,
            "reinvestment_rate": 116.62,
            "research_to_sale_ratio": 3.4,
            "price_fair": 161.88,
            "eps_avg_yearly": 4.63,
            "eps_latest_yearly": 9.36,
            "eps_growth_yearly": 314.59
        },
        "20122": {
            "year_quarter": 20122,
            "year": 2012,
            "quarter": 2,
            "eps": 1.27,
            "eps_growth_year": -18.96,
            "eps_4q": 7.36,
            "eps_4q_growth_year": 55.5,
            "roe": 4.59,
            "roe_4q": 32.05,
            "gross_profit": 396550,
            "gross_margin": 22.03,
            "gross_margin_4q_avg": 26.96,
            "net_income": 237183,
            "revenue": 1799680,
            "common_shares": 1795422,
            "book_valuer_per_share": 28.89,
            "book_valuer_per_share_4q_avg": 27.39,
            "equity": 5162277,
            "current_ratio": 171.52,
            "debt_ratio": 41.92,
            "inventory_turnover_ratio": 1.73,
            "account_receivable_turnover_ratio": 0.68,
            "reinvestment_rate": 122.59,
            "research_to_sale_ratio": 6.36,
            "price_fair": 167.65,
            "eps_avg_yearly": 4.79,
            "eps_latest_yearly": 5.08,
            "eps_growth_yearly": 73.99
        },
        "20123": {
            "year_quarter": 20123,
            "year": 2012,
            "quarter": 3,
            "eps": 2.48,
            "eps_growth_year": 15.99,
            "eps_4q": 7.86,
            "eps_4q_growth_year": 51.16,
            "roe": 8.59,
            "roe_4q": 29.810000000000002,
            "gross_profit": 787222,
            "gross_margin": 28.88,
            "gross_margin_4q_avg": 26.53,
            "net_income": 467481,
            "revenue": 2725606,
            "common_shares": 1896274,
            "book_valuer_per_share": 30.35,
            "book_valuer_per_share_4q_avg": 28.93,
            "equity": 5725045,
            "current_ratio": 169.46,
            "debt_ratio": 54.01,
            "inventory_turnover_ratio": 1.66,
            "account_receivable_turnover_ratio": 0.89,
            "reinvestment_rate": 137.28,
            "research_to_sale_ratio": 4.13,
            "price_fair": 181.74,
            "eps_avg_yearly": 5.19,
            "eps_latest_yearly": 9.92,
            "eps_growth_yearly": 87.16
        },
        "20124": {
            "year_quarter": 20124,
            "year": 2012,
            "quarter": 4,
            "eps": 3.2,
            "eps_growth_year": 50.55,
            "eps_4q": 9.07,
            "eps_4q_growth_year": 37.71,
            "roe": 9.99,
            "roe_4q": 31.419999999999998,
            "gross_profit": 1074069,
            "gross_margin": 27.15,
            "gross_margin_4q_avg": 26.68,
            "net_income": 606324,
            "revenue": 3956393,
            "common_shares": 1905639,
            "book_valuer_per_share": 33.84,
            "book_valuer_per_share_4q_avg": 30.6,
            "equity": 6414345,
            "current_ratio": 175.05,
            "debt_ratio": 52.32,
            "inventory_turnover_ratio": 1.97,
            "account_receivable_turnover_ratio": 0.94,
            "reinvestment_rate": 133.17,
            "research_to_sale_ratio": 2.98,
            "price_fair": 205.28,
            "eps_avg_yearly": 5.87,
            "eps_latest_yearly": 12.8,
            "eps_growth_yearly": 104.76
        },
        "20131": {
            "year_quarter": 20131,
            "year": 2013,
            "quarter": 1,
            "eps": 2.02,
            "eps_growth_year": -13.68,
            "eps_4q": 8.85,
            "eps_4q_growth_year": 14.15,
            "roe": 5.78,
            "roe_4q": 28.95,
            "gross_profit": 592036,
            "gross_margin": 25.16,
            "gross_margin_4q_avg": 25.81,
            "net_income": 382505,
            "revenue": 2352665,
            "common_shares": 1905969,
            "book_valuer_per_share": 35.88,
            "book_valuer_per_share_4q_avg": 32.24,
            "equity": 6818532,
            "current_ratio": 204.14,
            "debt_ratio": 45.25,
            "inventory_turnover_ratio": 1.42,
            "account_receivable_turnover_ratio": 0.64,
            "reinvestment_rate": 66.76,
            "research_to_sale_ratio": 5.08,
            "price_fair": 220.68,
            "eps_avg_yearly": 6.31,
            "eps_latest_yearly": 8.08,
            "eps_growth_yearly": 107.79
        },
        "20132": {
            "year_quarter": 20132,
            "year": 2013,
            "quarter": 2,
            "eps": 1.06,
            "eps_growth_year": -16.21,
            "eps_4q": 8.25,
            "eps_4q_growth_year": 12.13,
            "roe": 2.97,
            "roe_4q": 27.330000000000002,
            "gross_profit": 536668,
            "gross_margin": 24.51,
            "gross_margin_4q_avg": 26.43,
            "net_income": 201163,
            "revenue": 2189224,
            "common_shares": 1911311,
            "book_valuer_per_share": 35.14,
            "book_valuer_per_share_4q_avg": 33.8,
            "equity": 6719828,
            "current_ratio": 178.93,
            "debt_ratio": 48.26,
            "inventory_turnover_ratio": 1.54,
            "account_receivable_turnover_ratio": 0.87,
            "reinvestment_rate": 75.05,
            "research_to_sale_ratio": 8.54,
            "price_fair": 223.21,
            "eps_avg_yearly": 6.38,
            "eps_latest_yearly": 4.24,
            "eps_growth_yearly": 46.87
        },
        "20133": {
            "year_quarter": 20133,
            "year": 2013,
            "quarter": 3,
            "eps": 2.8,
            "eps_growth_year": 13.1,
            "eps_4q": 8.71,
            "eps_4q_growth_year": 10.75,
            "roe": 8.03,
            "roe_4q": 26.770000000000003,
            "gross_profit": 999785,
            "gross_margin": 25.11,
            "gross_margin_4q_avg": 25.48,
            "net_income": 562540,
            "revenue": 3981884,
            "common_shares": 2008167,
            "book_valuer_per_share": 36.2,
            "book_valuer_per_share_4q_avg": 35.27,
            "equity": 7284610,
            "current_ratio": 161.36,
            "debt_ratio": 60.58,
            "inventory_turnover_ratio": 1.84,
            "account_receivable_turnover_ratio": 1.26,
            "reinvestment_rate": 80.04,
            "research_to_sale_ratio": 3.78,
            "price_fair": 238.79,
            "eps_avg_yearly": 6.82,
            "eps_latest_yearly": 11.2,
            "eps_growth_yearly": 79.8
        },
        "20134": {
            "year_quarter": 20134,
            "year": 2013,
            "quarter": 4,
            "eps": 3.88,
            "eps_growth_year": 21.4,
            "eps_4q": 9.58,
            "eps_4q_growth_year": 5.54,
            "roe": 10.15,
            "roe_4q": 26.93,
            "gross_profit": 1099040,
            "gross_margin": 21.63,
            "gross_margin_4q_avg": 24.1,
            "net_income": 781590,
            "revenue": 5081438,
            "common_shares": 2012638,
            "book_valuer_per_share": 40.33,
            "book_valuer_per_share_4q_avg": 36.89,
            "equity": 8117038,
            "current_ratio": 172.63,
            "debt_ratio": 57.38,
            "inventory_turnover_ratio": 2.05,
            "account_receivable_turnover_ratio": 1.09,
            "reinvestment_rate": 65.47,
            "research_to_sale_ratio": 2.94,
            "price_fair": 264.78,
            "eps_avg_yearly": 7.57,
            "eps_latest_yearly": 15.52,
            "eps_growth_yearly": 92.13
        },
        "20141": {
            "year_quarter": 20141,
            "year": 2014,
            "quarter": 1,
            "eps": 0.92,
            "eps_growth_year": -54.46,
            "eps_4q": 8.56,
            "eps_4q_growth_year": -3.29,
            "roe": 2.24,
            "roe_4q": 23.39,
            "gross_profit": 311959,
            "gross_margin": 12.42,
            "gross_margin_4q_avg": 20.92,
            "net_income": 184725,
            "revenue": 2510762,
            "common_shares": 2013388,
            "book_valuer_per_share": 41.38,
            "book_valuer_per_share_4q_avg": 38.26,
            "equity": 8341258,
            "current_ratio": 208.81,
            "debt_ratio": 50.18,
            "inventory_turnover_ratio": 1.63,
            "account_receivable_turnover_ratio": 0.61,
            "reinvestment_rate": 68.42,
            "research_to_sale_ratio": 5.72,
            "price_fair": 266.96,
            "eps_avg_yearly": 7.63,
            "eps_latest_yearly": 3.68,
            "eps_growth_yearly": 79.66
        },
        "20142": {
            "year_quarter": 20142,
            "year": 2014,
            "quarter": 2,
            "eps": 0.12,
            "eps_growth_year": -88.68,
            "eps_4q": 6.98,
            "eps_4q_growth_year": -15.41,
            "roe": 0.29,
            "roe_4q": 20.71,
            "gross_profit": 421966,
            "gross_margin": 20.12,
            "gross_margin_4q_avg": 19.82,
            "net_income": 23554,
            "revenue": 2096820,
            "common_shares": 2019018,
            "book_valuer_per_share": 38.65,
            "book_valuer_per_share_4q_avg": 39.14,
            "equity": 7806203,
            "current_ratio": 192.57,
            "debt_ratio": 52.54,
            "inventory_turnover_ratio": 1.41,
            "account_receivable_turnover_ratio": 0.81,
            "reinvestment_rate": 66.68,
            "research_to_sale_ratio": 6.85,
            "price_fair": 256.2,
            "eps_avg_yearly": 7.32,
            "eps_latest_yearly": 0.48,
            "eps_growth_yearly": 32.54
        },
        "20143": {
            "year_quarter": 20143,
            "year": 2014,
            "quarter": 3,
            "eps": 1.62,
            "eps_growth_year": -42.14,
            "eps_4q": 6.07,
            "eps_4q_growth_year": -30.34,
            "roe": 4.48,
            "roe_4q": 17.16,
            "gross_profit": 694708,
            "gross_margin": 22.05,
            "gross_margin_4q_avg": 19.06,
            "net_income": 359579,
            "revenue": 3150487,
            "common_shares": 2221800,
            "book_valuer_per_share": 37.18,
            "book_valuer_per_share_4q_avg": 39.39,
            "equity": 8263900,
            "current_ratio": 156.75,
            "debt_ratio": 55.87,
            "inventory_turnover_ratio": 1.28,
            "account_receivable_turnover_ratio": 1.19,
            "reinvestment_rate": 62.77,
            "research_to_sale_ratio": 4.69,
            "price_fair": 258.56,
            "eps_avg_yearly": 7.39,
            "eps_latest_yearly": 6.48,
            "eps_growth_yearly": 345.04
        },
        "20144": {
            "year_quarter": 20144,
            "year": 2014,
            "quarter": 4,
            "eps": 4.22,
            "eps_growth_year": 8.73,
            "eps_4q": 6.83,
            "eps_4q_growth_year": -28.67,
            "roe": 10.63,
            "roe_4q": 17.64,
            "gross_profit": 1464349,
            "gross_margin": 27.56,
            "gross_margin_4q_avg": 20.54,
            "net_income": 918667,
            "revenue": 5313714,
            "common_shares": 2223281,
            "book_valuer_per_share": 41.47,
            "book_valuer_per_share_4q_avg": 39.67,
            "equity": 9016714,
            "current_ratio": 156.71,
            "debt_ratio": 55.39,
            "inventory_turnover_ratio": 1.8,
            "account_receivable_turnover_ratio": 1.46,
            "reinvestment_rate": 61.29,
            "research_to_sale_ratio": 2.83,
            "price_fair": 289.01,
            "eps_avg_yearly": 8.26,
            "eps_latest_yearly": 16.88,
            "eps_growth_yearly": 396.46
        },
        "20151": {
            "year_quarter": 20151,
            "year": 2015,
            "quarter": 1,
            "eps": 3.28,
            "eps_growth_year": 256.52,
            "eps_4q": 9.15,
            "eps_4q_growth_year": 6.9,
            "roe": 7.53,
            "roe_4q": 22.93,
            "gross_profit": 1135241,
            "gross_margin": 28.16,
            "gross_margin_4q_avg": 24.47,
            "net_income": 711746,
            "revenue": 4030756,
            "common_shares": 2224051,
            "book_valuer_per_share": 45.5,
            "book_valuer_per_share_4q_avg": 40.7,
            "equity": 9888711,
            "current_ratio": 177.37,
            "debt_ratio": 49.52,
            "inventory_turnover_ratio": 1.78,
            "account_receivable_turnover_ratio": 1.14,
            "reinvestment_rate": 46.12,
            "research_to_sale_ratio": 4.25,
            "price_fair": 306.43,
            "eps_avg_yearly": 8.76,
            "eps_latest_yearly": 13.12,
            "eps_growth_yearly": 372.31
        },
        "20152": {
            "year_quarter": 20152,
            "year": 2015,
            "quarter": 2,
            "eps": 1.5,
            "eps_growth_year": 1150,
            "eps_4q": 9.12,
            "eps_4q_growth_year": 30.67,
            "roe": 3.31,
            "roe_4q": 25.95,
            "gross_profit": 1184828,
            "gross_margin": 28.27,
            "gross_margin_4q_avg": 26.51,
            "net_income": 359309,
            "revenue": 4190723,
            "common_shares": 2518191,
            "book_valuer_per_share": 47.92,
            "book_valuer_per_share_4q_avg": 43.02,
            "equity": 11819118,
            "current_ratio": 198.79,
            "debt_ratio": 41.78,
            "inventory_turnover_ratio": 2.13,
            "account_receivable_turnover_ratio": 1.39,
            "reinvestment_rate": 37.56,
            "research_to_sale_ratio": 4.42,
            "price_fair": 305.9,
            "eps_avg_yearly": 8.74,
            "eps_latest_yearly": 6,
            "eps_growth_yearly": 353.51
        },
        "20153": {
            "year_quarter": 20153,
            "year": 2015,
            "quarter": 3,
            "eps": 3.34,
            "eps_growth_year": 106.17,
            "eps_4q": 10.76,
            "eps_4q_growth_year": 77.32,
            "roe": 6.94,
            "roe_4q": 28.410000000000004,
            "gross_profit": 1145850,
            "gross_margin": 25.08,
            "gross_margin_4q_avg": 27.27,
            "net_income": 899124,
            "revenue": 4568498,
            "common_shares": 2779090,
            "book_valuer_per_share": 52.52,
            "book_valuer_per_share_4q_avg": 46.85,
            "equity": 14101865,
            "current_ratio": 232.19,
            "debt_ratio": 36.06,
            "inventory_turnover_ratio": 1.98,
            "account_receivable_turnover_ratio": 1.23,
            "reinvestment_rate": 24.3,
            "research_to_sale_ratio": 3.95,
            "price_fair": 316.49,
            "eps_avg_yearly": 9.04,
            "eps_latest_yearly": 13.36,
            "eps_growth_yearly": 375.05
        },
        "20154": {
            "year_quarter": 20154,
            "year": 2015,
            "quarter": 4,
            "eps": 2.88,
            "eps_growth_year": -31.68,
            "eps_4q": 10.09,
            "eps_4q_growth_year": 47.7,
            "roe": 5.38,
            "roe_4q": 23.16,
            "gross_profit": 1340030,
            "gross_margin": 25.23,
            "gross_margin_4q_avg": 26.69,
            "net_income": 788600,
            "revenue": 5310350,
            "common_shares": 2779829,
            "book_valuer_per_share": 55.59,
            "book_valuer_per_share_4q_avg": 50.38,
            "equity": 15199975,
            "current_ratio": 283.8,
            "debt_ratio": 30.67,
            "inventory_turnover_ratio": 2.07,
            "account_receivable_turnover_ratio": 1.47,
            "reinvestment_rate": 19.35,
            "research_to_sale_ratio": 4.04,
            "price_fair": 323.14,
            "eps_avg_yearly": 9.23,
            "eps_latest_yearly": 11.52,
            "eps_growth_yearly": 371.72
        },
        "20161": {
            "year_quarter": 20161,
            "year": 2016,
            "quarter": 1,
            "eps": 1.63,
            "eps_growth_year": -50.3,
            "eps_4q": 9.74,
            "eps_4q_growth_year": 6.42,
            "roe": 2.88,
            "roe_4q": 18.509999999999998,
            "gross_profit": 924907,
            "gross_margin": 24.66,
            "gross_margin_4q_avg": 25.81,
            "net_income": 421845,
            "revenue": 3751182,
            "common_shares": 2779829,
            "book_valuer_per_share": 55.64,
            "book_valuer_per_share_4q_avg": 52.92,
            "equity": 14105508,
            "current_ratio": 294.29,
            "debt_ratio": 29.57,
            "inventory_turnover_ratio": 1.78,
            "account_receivable_turnover_ratio": 1.35,
            "reinvestment_rate": 13.65,
            "research_to_sale_ratio": 5.02,
            "price_fair": 316.93,
            "eps_avg_yearly": 9.06,
            "eps_latest_yearly": 6.52,
            "eps_growth_yearly": 358.28
        },
        "20162": {
            "year_quarter": 20162,
            "year": 2016,
            "quarter": 2,
            "eps": 0.41,
            "eps_growth_year": -72.67,
            "eps_4q": 8.31,
            "eps_4q_growth_year": -8.89,
            "roe": 0.76,
            "roe_4q": 15.96,
            "gross_profit": 718958,
            "gross_margin": 20.8,
            "gross_margin_4q_avg": 23.94,
            "net_income": 103306,
            "revenue": 3456426,
            "common_shares": 2780477,
            "book_valuer_per_share": 51.44,
            "book_valuer_per_share_4q_avg": 53.8,
            "equity": 13041597,
            "current_ratio": 274.98,
            "debt_ratio": 38.68,
            "inventory_turnover_ratio": 2.01,
            "account_receivable_turnover_ratio": 1.36,
            "reinvestment_rate": 10.08,
            "research_to_sale_ratio": 7.42,
            "price_fair": 309.4,
            "eps_avg_yearly": 8.84,
            "eps_latest_yearly": 1.64,
            "eps_growth_yearly": 351
        },
        "20163": {
            "year_quarter": 20163,
            "year": 2016,
            "quarter": 3,
            "eps": 2.71,
            "eps_growth_year": -18.86,
            "eps_4q": 7.54,
            "eps_4q_growth_year": -29.88,
            "roe": 5.37,
            "roe_4q": 14.39,
            "gross_profit": 1438558,
            "gross_margin": 25.13,
            "gross_margin_4q_avg": 23.96,
            "net_income": 724388,
            "revenue": 5723694,
            "common_shares": 2909832,
            "book_valuer_per_share": 51.52,
            "book_valuer_per_share_4q_avg": 53.55,
            "equity": 13921986,
            "current_ratio": 226.98,
            "debt_ratio": 40.87,
            "inventory_turnover_ratio": 2.4,
            "account_receivable_turnover_ratio": 1.71,
            "reinvestment_rate": -1.93,
            "research_to_sale_ratio": 3.77,
            "price_fair": 311.41,
            "eps_avg_yearly": 8.9,
            "eps_latest_yearly": 10.84,
            "eps_growth_yearly": 467.42
        },
        "20164": {
            "year_quarter": 20164,
            "year": 2016,
            "quarter": 4,
            "eps": 3.67,
            "eps_growth_year": 27.22,
            "eps_4q": 8.14,
            "eps_4q_growth_year": -19.33,
            "roe": 6.96,
            "roe_4q": 15.969999999999999,
            "gross_profit": 1456959,
            "gross_margin": 23.63,
            "gross_margin_4q_avg": 23.56,
            "net_income": 1025641,
            "revenue": 6164981,
            "common_shares": 2991044,
            "book_valuer_per_share": 55.56,
            "book_valuer_per_share_4q_avg": 53.54,
            "equity": 15529902,
            "current_ratio": 294.68,
            "debt_ratio": 33.96,
            "inventory_turnover_ratio": 2.19,
            "account_receivable_turnover_ratio": 1.46,
            "reinvestment_rate": -9.52,
            "research_to_sale_ratio": 3.99,
            "price_fair": 315.53,
            "eps_avg_yearly": 9.02,
            "eps_latest_yearly": 14.68,
            "eps_growth_yearly": 469.02
        },
        "20171": {
            "year_quarter": 20171,
            "year": 2017,
            "quarter": 1,
            "eps": 0.87,
            "eps_growth_year": -46.63,
            "eps_4q": 7.34,
            "eps_4q_growth_year": -24.62,
            "roe": 1.55,
            "roe_4q": 14.639999999999999,
            "gross_profit": 985281,
            "gross_margin": 23.02,
            "gross_margin_4q_avg": 23.15,
            "net_income": 244552,
            "revenue": 4280605,
            "common_shares": 3003723,
            "book_valuer_per_share": 55.91,
            "book_valuer_per_share_4q_avg": 53.61,
            "equity": 15977493,
            "current_ratio": 371.92,
            "debt_ratio": 27.31,
            "inventory_turnover_ratio": 1.74,
            "account_receivable_turnover_ratio": 1.16,
            "reinvestment_rate": 15.49,
            "research_to_sale_ratio": 4.71,
            "price_fair": 305.46,
            "eps_avg_yearly": 8.73,
            "eps_latest_yearly": 3.48,
            "eps_growth_yearly": 459.16
        },
        "20172": {
            "year_quarter": 20172,
            "year": 2017,
            "quarter": 2,
            "eps": 1.27,
            "eps_growth_year": 209.76,
            "eps_4q": 7.73,
            "eps_4q_growth_year": -7,
            "roe": 2.33,
            "roe_4q": 16.21,
            "gross_profit": 900208,
            "gross_margin": 24.31,
            "gross_margin_4q_avg": 24.02,
            "net_income": 366300,
            "revenue": 3703513,
            "common_shares": 3031762,
            "book_valuer_per_share": 53.16,
            "book_valuer_per_share_4q_avg": 54.04,
            "equity": 15468790,
            "current_ratio": 289.71,
            "debt_ratio": 31.32,
            "inventory_turnover_ratio": 1.48,
            "account_receivable_turnover_ratio": 1.15,
            "reinvestment_rate": 19.64,
            "research_to_sale_ratio": 7.65,
            "price_fair": 307.3,
            "eps_avg_yearly": 8.78,
            "eps_latest_yearly": 5.08,
            "eps_growth_yearly": 482.54
        },
        "20173": {
            "year_quarter": 20173,
            "year": 2017,
            "quarter": 3,
            "eps": 3.48,
            "eps_growth_year": 28.41,
            "eps_4q": 8.72,
            "eps_4q_growth_year": 15.62,
            "roe": 6.61,
            "roe_4q": 17.450000000000003,
            "gross_profit": 1639407,
            "gross_margin": 23.03,
            "gross_margin_4q_avg": 23.5,
            "net_income": 1069960,
            "revenue": 7117197,
            "common_shares": 3176824,
            "book_valuer_per_share": 54.57,
            "book_valuer_per_share_4q_avg": 54.8,
            "equity": 16927543,
            "current_ratio": 230.97,
            "debt_ratio": 37.02,
            "inventory_turnover_ratio": 1.83,
            "account_receivable_turnover_ratio": 1.46,
            "reinvestment_rate": 14.77,
            "research_to_sale_ratio": 3.66,
            "price_fair": 313.25,
            "eps_avg_yearly": 8.95,
            "eps_latest_yearly": 13.92,
            "eps_growth_yearly": 485.01
        },
        "20174": {
            "year_quarter": 20174,
            "year": 2017,
            "quarter": 4,
            "eps": 4.47,
            "eps_growth_year": 21.92,
            "eps_4q": 9.94,
            "eps_4q_growth_year": 22.09,
            "roe": 7.91,
            "roe_4q": 18.400000000000002,
            "gross_profit": 2136932,
            "gross_margin": 19.89,
            "gross_margin_4q_avg": 22.56,
            "net_income": 1376024,
            "revenue": 10745088,
            "common_shares": 3179912,
            "book_valuer_per_share": 58.06,
            "book_valuer_per_share_4q_avg": 55.43,
            "equity": 17860408,
            "current_ratio": 196.24,
            "debt_ratio": 41.87,
            "inventory_turnover_ratio": 1.94,
            "account_receivable_turnover_ratio": 1.48,
            "reinvestment_rate": 12.22,
            "research_to_sale_ratio": 2.43,
            "price_fair": 318.41,
            "eps_avg_yearly": 9.1,
            "eps_latest_yearly": 17.88,
            "eps_growth_yearly": 482.47
        },
        "20181": {
            "year_quarter": 20181,
            "year": 2018,
            "quarter": 1,
            "eps": 0.8,
            "eps_growth_year": -8.05,
            "eps_4q": 9.9,
            "eps_4q_growth_year": 34.92,
            "roe": 1.36,
            "roe_4q": 18.21,
            "gross_profit": 802130,
            "gross_margin": 14.68,
            "gross_margin_4q_avg": 20.48,
            "net_income": 245932,
            "revenue": 5463228,
            "common_shares": 3179912,
            "book_valuer_per_share": 59.1,
            "book_valuer_per_share_4q_avg": 56.22,
            "equity": 18246678,
            "current_ratio": 275.65,
            "debt_ratio": 29.67,
            "inventory_turnover_ratio": 1.02,
            "account_receivable_turnover_ratio": 0.92,
            "reinvestment_rate": 8.23,
            "research_to_sale_ratio": 5.06,
            "price_fair": 317.36,
            "eps_avg_yearly": 9.07,
            "eps_latest_yearly": 3.2,
            "eps_growth_yearly": 481.02
        },
        "20182": {
            "year_quarter": 20182,
            "year": 2018,
            "quarter": 2,
            "eps": 0.47,
            "eps_growth_year": -62.99,
            "eps_4q": 9.24,
            "eps_4q_growth_year": 19.52,
            "roe": 0.83,
            "roe_4q": 16.71,
            "gross_profit": 630833,
            "gross_margin": 12.73,
            "gross_margin_4q_avg": 17.58,
            "net_income": 145764,
            "revenue": 4953732,
            "common_shares": 3179912,
            "book_valuer_per_share": 54.35,
            "book_valuer_per_share_4q_avg": 56.52,
            "equity": 16691929,
            "current_ratio": 255.49,
            "debt_ratio": 31.68,
            "inventory_turnover_ratio": 1.13,
            "account_receivable_turnover_ratio": 1.22,
            "reinvestment_rate": 6.79,
            "research_to_sale_ratio": 6.53,
            "price_fair": 320.43,
            "eps_avg_yearly": 9.16,
            "eps_latest_yearly": 1.88,
            "eps_growth_yearly": 492.45
        },
        "20183": {
            "year_quarter": 20183,
            "year": 2018,
            "quarter": 3,
            "eps": 3.22,
            "eps_growth_year": -7.47,
            "eps_4q": 8.92,
            "eps_4q_growth_year": 2.32,
            "roe": 5.8,
            "roe_4q": 15.9,
            "gross_profit": 1702200,
            "gross_margin": 21.36,
            "gross_margin_4q_avg": 17.17,
            "net_income": 996752,
            "revenue": 7970379,
            "common_shares": 3179912,
            "book_valuer_per_share": 57.06,
            "book_valuer_per_share_4q_avg": 57.14,
            "equity": 17677424,
            "current_ratio": 245.5,
            "debt_ratio": 33.28,
            "inventory_turnover_ratio": 1.63,
            "account_receivable_turnover_ratio": 1.42,
            "reinvestment_rate": 5.46,
            "research_to_sale_ratio": 3.86,
            "price_fair": 334.43,
            "eps_avg_yearly": 9.56,
            "eps_latest_yearly": 12.88,
            "eps_growth_yearly": 326.22
        },
        "20184": {
            "year_quarter": 20184,
            "year": 2018,
            "quarter": 4,
            "eps": 4.01,
            "eps_growth_year": -10.36,
            "eps_4q": 8.44,
            "eps_4q_growth_year": -15.05,
            "roe": 6.81,
            "roe_4q": 14.799999999999999,
            "gross_profit": 1985120,
            "gross_margin": 23.68,
            "gross_margin_4q_avg": 18.11,
            "net_income": 1256264,
            "revenue": 8383152,
            "common_shares": 3182142,
            "book_valuer_per_share": 61.3,
            "book_valuer_per_share_4q_avg": 57.95,
            "equity": 19201677,
            "current_ratio": 277.41,
            "debt_ratio": 30.49,
            "inventory_turnover_ratio": 1.59,
            "account_receivable_turnover_ratio": 1.23,
            "reinvestment_rate": 0.7,
            "research_to_sale_ratio": 3.63,
            "price_fair": 332.59,
            "eps_avg_yearly": 9.5,
            "eps_latest_yearly": 16.04,
            "eps_growth_yearly": 292.23
        },
        "20191": {
            "year_quarter": 20191,
            "year": 2019,
            "quarter": 1,
            "eps": 0.37,
            "eps_growth_year": -53.75,
            "eps_4q": 8.02,
            "eps_4q_growth_year": -19.01,
            "roe": 0.59,
            "roe_4q": 14.03,
            "gross_profit": 494567,
            "gross_margin": 11.39,
            "gross_margin_4q_avg": 17.29,
            "net_income": 115105,
            "revenue": 4340730,
            "common_shares": 3182492,
            "book_valuer_per_share": 62.9,
            "book_valuer_per_share_4q_avg": 58.9,
            "equity": 19707714,
            "current_ratio": 458.8,
            "debt_ratio": 29.6,
            "inventory_turnover_ratio": 1.22,
            "account_receivable_turnover_ratio": 0.81,
            "reinvestment_rate": 2.43,
            "research_to_sale_ratio": 7.04,
            "price_fair": 307.13,
            "eps_avg_yearly": 8.78,
            "eps_latest_yearly": 1.48,
            "eps_growth_yearly": 275.11
        },
        "20192": {
            "year_quarter": 20192,
            "year": 2019,
            "quarter": 2,
            "eps": 0.77,
            "eps_growth_year": 63.83,
            "eps_4q": 8.31,
            "eps_4q_growth_year": -10.11,
            "roe": 1.26,
            "roe_4q": 14.46,
            "gross_profit": 758524,
            "gross_margin": 16.29,
            "gross_margin_4q_avg": 18.18,
            "net_income": 239983,
            "revenue": 4655308,
            "common_shares": 3182492,
            "book_valuer_per_share": 58.41,
            "book_valuer_per_share_4q_avg": 59.92,
            "equity": 18314530,
            "current_ratio": 322.55,
            "debt_ratio": 36.48,
            "inventory_turnover_ratio": 1.48,
            "account_receivable_turnover_ratio": 1.16,
            "reinvestment_rate": 11.93,
            "research_to_sale_ratio": 8.09,
            "price_fair": 300.74,
            "eps_avg_yearly": 8.59,
            "eps_latest_yearly": 3.08,
            "eps_growth_yearly": 315.7
        },
        "20193": {
            "year_quarter": 20193,
            "year": 2019,
            "quarter": 3,
            "eps": 3.65,
            "eps_growth_year": 13.35,
            "eps_4q": 8.64,
            "eps_4q_growth_year": -3.16,
            "roe": 6.09,
            "roe_4q": 14.75,
            "gross_profit": 1980626,
            "gross_margin": 23.85,
            "gross_margin_4q_avg": 18.8,
            "net_income": 1145795,
            "revenue": 8304011,
            "common_shares": 3240602,
            "book_valuer_per_share": 60.5,
            "book_valuer_per_share_4q_avg": 60.78,
            "equity": 19304219,
            "current_ratio": 303.31,
            "debt_ratio": 39.09,
            "inventory_turnover_ratio": 2.17,
            "account_receivable_turnover_ratio": 1.43,
            "reinvestment_rate": 12.27,
            "research_to_sale_ratio": 4.5,
            "price_fair": 303.45,
            "eps_avg_yearly": 8.67,
            "eps_latest_yearly": 14.6,
            "eps_growth_yearly": 378.54
        },
        "20194": {
            "year_quarter": 20194,
            "year": 2019,
            "quarter": 4,
            "eps": 4.97,
            "eps_growth_year": 24.06,
            "eps_4q": 9.49,
            "eps_4q_growth_year": 12.46,
            "roe": 8.01,
            "roe_4q": 15.95,
            "gross_profit": 2711288,
            "gross_margin": 31.05,
            "gross_margin_4q_avg": 20.65,
            "net_income": 1652320,
            "revenue": 8733181,
            "common_shares": 3329549,
            "book_valuer_per_share": 66.35,
            "book_valuer_per_share_4q_avg": 62.04,
            "equity": 21927802,
            "current_ratio": 319.06,
            "debt_ratio": 36.36,
            "inventory_turnover_ratio": 2.18,
            "account_receivable_turnover_ratio": 1.2,
            "reinvestment_rate": 17.43,
            "research_to_sale_ratio": 4.18,
            "price_fair": 321.74,
            "eps_avg_yearly": 9.19,
            "eps_latest_yearly": 19.88,
            "eps_growth_yearly": 391.03
        },
        "20201": {
            "year_quarter": 20201,
            "year": 2020,
            "quarter": 1,
            "eps": 1.12,
            "eps_growth_year": 202.7,
            "eps_4q": 10.13,
            "eps_4q_growth_year": 26.23,
            "roe": 1.65,
            "roe_4q": 17.01,
            "gross_profit": 941428,
            "gross_margin": 20.45,
            "gross_margin_4q_avg": 22.91,
            "net_income": 367592,
            "revenue": 4602765,
            "common_shares": 3357034,
            "book_valuer_per_share": 67.78,
            "book_valuer_per_share_4q_avg": 63.26,
            "equity": 22584447,
            "current_ratio": 305.21,
            "debt_ratio": 33.56,
            "inventory_turnover_ratio": 1.45,
            "account_receivable_turnover_ratio": 0.79,
            "reinvestment_rate": 17.56,
            "research_to_sale_ratio": 7.61,
            "price_fair": 317.28,
            "eps_avg_yearly": 9.07,
            "eps_latest_yearly": 4.48,
            "eps_growth_yearly": 382.51
        },
        "20202": {
            "year_quarter": 20202,
            "year": 2020,
            "quarter": 2,
            "eps": 1.58,
            "eps_growth_year": 105.19,
            "eps_4q": 10.87,
            "eps_4q_growth_year": 30.81,
            "roe": 2.37,
            "roe_4q": 18.119999999999997,
            "gross_profit": 1314323,
            "gross_margin": 20.04,
            "gross_margin_4q_avg": 23.85,
            "net_income": 523615,
            "revenue": 6558689,
            "common_shares": 3388881,
            "book_valuer_per_share": 64.15,
            "book_valuer_per_share_4q_avg": 64.7,
            "equity": 21581669,
            "current_ratio": 254.64,
            "debt_ratio": 39.57,
            "inventory_turnover_ratio": 1.94,
            "account_receivable_turnover_ratio": 1.29,
            "reinvestment_rate": 16.46,
            "research_to_sale_ratio": 6.72,
            "price_fair": 327.51,
            "eps_avg_yearly": 9.36,
            "eps_latest_yearly": 6.32,
            "eps_growth_yearly": 411.49
        },
        "20203": {
            "year_quarter": 20203,
            "year": 2020,
            "quarter": 3,
            "eps": 1.68,
            "eps_growth_year": -53.97,
            "eps_4q": 8.73,
            "eps_4q_growth_year": 1,
            "roe": 2.55,
            "roe_4q": 14.58,
            "gross_profit": 1516495,
            "gross_margin": 18.85,
            "gross_margin_4q_avg": 22.6,
            "net_income": 576441,
            "revenue": 8046793,
            "common_shares": 3468368,
            "book_valuer_per_share": 68.58,
            "book_valuer_per_share_4q_avg": 66.72,
            "equity": 23614989,
            "current_ratio": 268.67,
            "debt_ratio": 38.22,
            "inventory_turnover_ratio": 1.91,
            "account_receivable_turnover_ratio": 1.34,
            "reinvestment_rate": 25,
            "research_to_sale_ratio": 6.53,
            "price_fair": 318.5,
            "eps_avg_yearly": 9.1,
            "eps_latest_yearly": 6.72,
            "eps_growth_yearly": 272.83
        },
        "20204": {
            "year_quarter": 20204,
            "year": 2020,
            "quarter": 4,
            "eps": 4.05,
            "eps_growth_year": -18.52,
            "eps_4q": 8.11,
            "eps_4q_growth_year": -14.57,
            "roe": 5.96,
            "roe_4q": 12.53,
            "gross_profit": 2361853,
            "gross_margin": 22.09,
            "gross_margin_4q_avg": 20.36,
            "net_income": 1466395,
            "revenue": 10689749,
            "common_shares": 3613734,
            "book_valuer_per_share": 70.72,
            "book_valuer_per_share_4q_avg": 67.81,
            "equity": 25557489,
            "current_ratio": 245.33,
            "debt_ratio": 40.24,
            "inventory_turnover_ratio": 2.08,
            "account_receivable_turnover_ratio": 1.54,
            "reinvestment_rate": 27.94,
            "research_to_sale_ratio": 4.77,
            "price_fair": 321.83,
            "eps_avg_yearly": 9.2,
            "eps_latest_yearly": 16.2,
            "eps_growth_yearly": 299.24
        },
        "20211": {
            "year_quarter": 20211,
            "year": 2021,
            "quarter": 1,
            "eps": 1.45,
            "eps_growth_year": 29.46,
            "eps_4q": 8.52,
            "eps_4q_growth_year": -15.88,
            "roe": 2.07,
            "roe_4q": 12.95,
            "gross_profit": 1236163,
            "gross_margin": 17.34,
            "gross_margin_4q_avg": 19.58,
            "net_income": 516821,
            "revenue": 7130447,
            "common_shares": 3619830,
            "book_valuer_per_share": 67.38,
            "book_valuer_per_share_4q_avg": 67.71,
            "equity": 24390525,
            "current_ratio": 255.89,
            "debt_ratio": 45.92,
            "inventory_turnover_ratio": 1.55,
            "account_receivable_turnover_ratio": 1.08,
            "reinvestment_rate": 37.49,
            "research_to_sale_ratio": 7.52,
            "price_fair": 326.9,
            "eps_avg_yearly": 9.34,
            "eps_latest_yearly": 5.8,
            "eps_growth_yearly": 302.27
        },
        "20212": {
            "year_quarter": 20212,
            "year": 2021,
            "quarter": 2,
            "eps": 0.33,
            "eps_growth_year": -79.11,
            "eps_4q": 7.62,
            "eps_4q_growth_year": -29.88,
            "roe": 0.49,
            "roe_4q": 11.07,
            "gross_profit": 1009354,
            "gross_margin": 14.31,
            "gross_margin_4q_avg": 18.15,
            "net_income": 117624,
            "revenue": 7051799,
            "common_shares": 3612026,
            "book_valuer_per_share": 66.41,
            "book_valuer_per_share_4q_avg": 68.27,
            "equity": 23334892,
            "current_ratio": 249.8,
            "debt_ratio": 46.34,
            "inventory_turnover_ratio": 1.47,
            "account_receivable_turnover_ratio": 1.22,
            "reinvestment_rate": 48.39,
            "research_to_sale_ratio": 8.13,
            "price_fair": 318.68,
            "eps_avg_yearly": 9.11,
            "eps_latest_yearly": 1.32,
            "eps_growth_yearly": 271.46
        },
        "20213": {
            "year_quarter": 20213,
            "year": 2021,
            "quarter": 3,
            "eps": 2.69,
            "eps_growth_year": 60.12,
            "eps_4q": 8.64,
            "eps_4q_growth_year": -0.98,
            "roe": 3.93,
            "roe_4q": 12.45,
            "gross_profit": 1649405,
            "gross_margin": 18.13,
            "gross_margin_4q_avg": 17.97,
            "net_income": 935879,
            "revenue": 9099207,
            "common_shares": 3513918,
            "book_valuer_per_share": 69.07,
            "book_valuer_per_share_4q_avg": 68.4,
            "equity": 24269083,
            "current_ratio": 236.04,
            "debt_ratio": 46.69,
            "inventory_turnover_ratio": 1.38,
            "account_receivable_turnover_ratio": 1.47,
            "reinvestment_rate": 52.8,
            "research_to_sale_ratio": 4.92,
            "price_fair": 311.76,
            "eps_avg_yearly": 8.91,
            "eps_latest_yearly": 10.76,
            "eps_growth_yearly": 406.75
        },
        "20214": {
            "year_quarter": 20214,
            "year": 2021,
            "quarter": 4,
            "eps": 3.73,
            "eps_growth_year": -8.05,
            "eps_4q": 8.2,
            "eps_4q_growth_year": 1.07,
            "roe": 5.24,
            "roe_4q": 11.73,
            "gross_profit": 2434576,
            "gross_margin": 19.81,
            "gross_margin_4q_avg": 17.4,
            "net_income": 1309426,
            "revenue": 12287213,
            "common_shares": 3513309,
            "book_valuer_per_share": 73.11,
            "book_valuer_per_share_4q_avg": 68.99,
            "equity": 25684454,
            "current_ratio": 228.07,
            "debt_ratio": 46.84,
            "inventory_turnover_ratio": 1.71,
            "account_receivable_turnover_ratio": 1.61,
            "reinvestment_rate": 72.7,
            "research_to_sale_ratio": 4.06,
            "price_fair": 305.29,
            "eps_avg_yearly": 8.72,
            "eps_latest_yearly": 14.92,
            "eps_growth_yearly": 409.3
        },
        "20221": {
            "year_quarter": 20221,
            "year": 2022,
            "quarter": 1,
            "eps": 2.29,
            "eps_growth_year": 57.93,
            "eps_4q": 9.5,
            "eps_4q_growth_year": 11.57,
            "roe": 3.19,
            "roe_4q": 12.85,
            "gross_profit": 1508529,
            "gross_margin": 15.89,
            "gross_margin_4q_avg": 17.04,
            "net_income": 783143,
            "revenue": 9492917,
            "common_shares": 3504019,
            "book_valuer_per_share": 70.58,
            "book_valuer_per_share_4q_avg": 69.79,
            "equity": 23363609,
            "current_ratio": 164.13,
            "debt_ratio": 50.6,
            "inventory_turnover_ratio": 1.47,
            "account_receivable_turnover_ratio": 1.26,
            "reinvestment_rate": 72.21,
            "research_to_sale_ratio": 5.05,
            "price_fair": 318.33,
            "eps_avg_yearly": 9.1,
            "eps_latest_yearly": 9.16,
            "eps_growth_yearly": 420.17
        },
        "20222": {
            "year_quarter": 20222,
            "year": 2022,
            "quarter": 2,
            "eps": 0.9,
            "eps_growth_year": 172.73,
            "eps_4q": 10.35,
            "eps_4q_growth_year": 35.9,
            "roe": 1.26,
            "roe_4q": 13.620000000000001,
            "gross_profit": 811587,
            "gross_margin": 11.1,
            "gross_margin_4q_avg": 16.23,
            "net_income": 288430,
            "revenue": 7311166,
            "common_shares": 3203411,
            "book_valuer_per_share": 70.12,
            "book_valuer_per_share_4q_avg": 70.72,
            "equity": 22463640,
            "current_ratio": 169.15,
            "debt_ratio": 48.3,
            "inventory_turnover_ratio": 1.21,
            "account_receivable_turnover_ratio": 1.23,
            "reinvestment_rate": 69.32,
            "research_to_sale_ratio": 6.79,
            "price_fair": 322.09,
            "eps_avg_yearly": 9.2,
            "eps_latest_yearly": 3.6,
            "eps_growth_yearly": 415.31
        },
        "20223": {
            "year_quarter": 20223,
            "year": 2022,
            "quarter": 3,
            "eps": 5.98,
            "eps_growth_year": 122.3,
            "eps_4q": 13.28,
            "eps_4q_growth_year": 53.67,
            "roe": 8.12,
            "roe_4q": 17.81,
            "gross_profit": 2709254,
            "gross_margin": 22.31,
            "gross_margin_4q_avg": 17.28,
            "net_income": 1906018,
            "revenue": 12143223,
            "common_shares": 3228104,
            "book_valuer_per_share": 75.91,
            "book_valuer_per_share_4q_avg": 72.43,
            "equity": 24504601,
            "current_ratio": 156.84,
            "debt_ratio": 49.4,
            "inventory_turnover_ratio": 1.64,
            "account_receivable_turnover_ratio": 1.74,
            "reinvestment_rate": 64.76,
            "research_to_sale_ratio": 4.36,
            "price_fair": 346.24,
            "eps_avg_yearly": 9.89,
            "eps_latest_yearly": 23.92,
            "eps_growth_yearly": 410.15
        },
        "20224": {
            "year_quarter": 20224,
            "year": 2022,
            "quarter": 4,
            "eps": 1.69,
            "eps_growth_year": -54.78,
            "eps_4q": 10.91,
            "eps_4q_growth_year": 33.1,
            "roe": 2.2,
            "roe_4q": 14.77,
            "gross_profit": 1793701,
            "gross_margin": 16.13,
            "gross_margin_4q_avg": 16.36,
            "net_income": 543966,
            "revenue": 11122816,
            "common_shares": 3227909,
            "book_valuer_per_share": 77.28,
            "book_valuer_per_share_4q_avg": 73.47,
            "equity": 24946880,
            "current_ratio": 162.03,
            "debt_ratio": 45.91,
            "inventory_turnover_ratio": 1.65,
            "account_receivable_turnover_ratio": 1.52,
            "reinvestment_rate": 94.16,
            "research_to_sale_ratio": 4.91,
            "price_fair": 325.94,
            "eps_avg_yearly": 9.31,
            "eps_latest_yearly": 6.76,
            "eps_growth_yearly": 386.08
        },
        "20231": {
            "year_quarter": 20231,
            "year": 2023,
            "quarter": 1,
            "eps": 0.31,
            "eps_growth_year": -86.46,
            "eps_4q": 8.8,
            "eps_4q_growth_year": -7.44,
            "roe": 0.42,
            "roe_4q": 11.999999999999998,
            "gross_profit": 778077,
            "gross_margin": 9.61,
            "gross_margin_4q_avg": 14.79,
            "net_income": 100704,
            "revenue": 8095928,
            "common_shares": 3227629,
            "book_valuer_per_share": 72.98,
            "book_valuer_per_share_4q_avg": 74.07,
            "equity": 23553940,
            "current_ratio": 158.09,
            "debt_ratio": 43.43,
            "inventory_turnover_ratio": 1.71,
            "account_receivable_turnover_ratio": 1.55,
            "reinvestment_rate": 94.06,
            "research_to_sale_ratio": 5.91,
            "price_fair": 325.41,
            "eps_avg_yearly": 9.3,
            "eps_latest_yearly": 1.24,
            "eps_growth_yearly": 388.36
        }
    },
    "months": {
        "2003-09": {
            "month": "2003-09",
            "price": "33.92",
            "revenue": 144961
        },
        "2003-10": {
            "month": "2003-10",
            "price": "38.72",
            "revenue": 156014
        },
        "2003-11": {
            "month": "2003-11",
            "price": "40.46",
            "revenue": 161297
        },
        "2003-12": {
            "month": "2003-12",
            "price": "43.63",
            "revenue": 175518
        },
        "2004-01": {
            "month": "2004-01",
            "price": "49.57",
            "revenue": 176290
        },
        "2004-02": {
            "month": "2004-02",
            "price": "49.35",
            "revenue": 184177
        },
        "2004-03": {
            "month": "2004-03",
            "price": "47.06",
            "revenue": 212224
        },
        "2004-04": {
            "month": "2004-04",
            "price": "46.00",
            "revenue": 229981
        },
        "2004-05": {
            "month": "2004-05",
            "price": "42.14",
            "revenue": 192736
        },
        "2004-06": {
            "month": "2004-06",
            "price": "36.68",
            "revenue": 236108
        },
        "2004-07": {
            "month": "2004-07",
            "price": "30.26",
            "revenue": 243195
        },
        "2004-08": {
            "month": "2004-08",
            "price": "30.10",
            "revenue": 234363
        },
        "2004-09": {
            "month": "2004-09",
            "price": "30.85",
            "revenue": 204588
        },
        "2004-10": {
            "month": "2004-10",
            "price": "26.26",
            "revenue": 220104
        },
        "2004-11": {
            "month": "2004-11",
            "price": "24.10",
            "revenue": 240971
        },
        "2004-12": {
            "month": "2004-12",
            "price": "23.10",
            "revenue": 215455
        },
        "2005-01": {
            "month": "2005-01",
            "price": "21.21",
            "revenue": 205608
        },
        "2005-02": {
            "month": "2005-02",
            "price": "22.82",
            "revenue": 151978
        },
        "2005-03": {
            "month": "2005-03",
            "price": "24.52",
            "revenue": 206333
        },
        "2005-04": {
            "month": "2005-04",
            "price": "22.24",
            "revenue": 166038
        },
        "2005-05": {
            "month": "2005-05",
            "price": "21.52",
            "revenue": 136684
        },
        "2005-06": {
            "month": "2005-06",
            "price": "21.33",
            "revenue": 130702
        },
        "2005-07": {
            "month": "2005-07",
            "price": "18.36",
            "revenue": 153823
        },
        "2005-08": {
            "month": "2005-08",
            "price": "14.35",
            "revenue": 185995
        },
        "2005-09": {
            "month": "2005-09",
            "price": "12.50",
            "revenue": 186932
        },
        "2005-10": {
            "month": "2005-10",
            "price": "11.24",
            "revenue": 202428
        },
        "2005-11": {
            "month": "2005-11",
            "price": "10.25",
            "revenue": 205244
        },
        "2005-12": {
            "month": "2005-12",
            "price": "13.99",
            "revenue": 176653
        },
        "2006-01": {
            "month": "2006-01",
            "price": "15.69",
            "revenue": 161167
        },
        "2006-02": {
            "month": "2006-02",
            "price": "16.31",
            "revenue": 141197
        },
        "2006-03": {
            "month": "2006-03",
            "price": "14.88",
            "revenue": 164895
        },
        "2006-04": {
            "month": "2006-04",
            "price": "14.20",
            "revenue": 134607
        },
        "2006-05": {
            "month": "2006-05",
            "price": "12.35",
            "revenue": 157159
        },
        "2006-06": {
            "month": "2006-06",
            "price": "10.34",
            "revenue": 135109
        },
        "2006-07": {
            "month": "2006-07",
            "price": "10.06",
            "revenue": 150000
        },
        "2006-08": {
            "month": "2006-08",
            "price": "10.26",
            "revenue": 166620
        },
        "2006-09": {
            "month": "2006-09",
            "price": "10.80",
            "revenue": 170106
        },
        "2006-10": {
            "month": "2006-10",
            "price": "10.90",
            "revenue": 181335
        },
        "2006-11": {
            "month": "2006-11",
            "price": "12.62",
            "revenue": 191409
        },
        "2006-12": {
            "month": "2006-12",
            "price": "15.86",
            "revenue": 151282
        },
        "2007-01": {
            "month": "2007-01",
            "price": "16.93",
            "revenue": 121276
        },
        "2007-02": {
            "month": "2007-02",
            "price": "16.66",
            "revenue": 102647
        },
        "2007-03": {
            "month": "2007-03",
            "price": "17.38",
            "revenue": 120368
        },
        "2007-04": {
            "month": "2007-04",
            "price": "17.10",
            "revenue": 120974
        },
        "2007-05": {
            "month": "2007-05",
            "price": "15.65",
            "revenue": 111362
        },
        "2007-06": {
            "month": "2007-06",
            "price": "16.20",
            "revenue": 120022
        },
        "2007-07": {
            "month": "2007-07",
            "price": "17.06",
            "revenue": 132894
        },
        "2007-08": {
            "month": "2007-08",
            "price": "15.71",
            "revenue": 140315
        },
        "2007-09": {
            "month": "2007-09",
            "price": "15.03",
            "revenue": 137132
        },
        "2007-10": {
            "month": "2007-10",
            "price": "16.25",
            "revenue": 150858
        },
        "2007-11": {
            "month": "2007-11",
            "price": "17.64",
            "revenue": 151880
        },
        "2007-12": {
            "month": "2007-12",
            "price": "17.93",
            "revenue": 161913
        },
        "2008-01": {
            "month": "2008-01",
            "price": "16.49",
            "revenue": 215715
        },
        "2008-02": {
            "month": "2008-02",
            "price": "15.34",
            "revenue": 183397
        },
        "2008-03": {
            "month": "2008-03",
            "price": "16.23",
            "revenue": 219310
        },
        "2008-04": {
            "month": "2008-04",
            "price": "17.18",
            "revenue": 225695
        },
        "2008-05": {
            "month": "2008-05",
            "price": "21.00",
            "revenue": 198220
        },
        "2008-06": {
            "month": "2008-06",
            "price": "18.86",
            "revenue": 216293
        },
        "2008-07": {
            "month": "2008-07",
            "price": "16.26",
            "revenue": 267566
        },
        "2008-08": {
            "month": "2008-08",
            "price": "19.96",
            "revenue": 304433
        },
        "2008-09": {
            "month": "2008-09",
            "price": "19.53",
            "revenue": 314743
        },
        "2008-10": {
            "month": "2008-10",
            "price": "16.56",
            "revenue": 297283
        },
        "2008-11": {
            "month": "2008-11",
            "price": "11.28",
            "revenue": 195763
        },
        "2008-12": {
            "month": "2008-12",
            "price": "9.72",
            "revenue": 180038
        },
        "2009-01": {
            "month": "2009-01",
            "price": "11.37",
            "revenue": 151136
        },
        "2009-02": {
            "month": "2009-02",
            "price": "13.96",
            "revenue": 170402
        },
        "2009-03": {
            "month": "2009-03",
            "price": "14.99",
            "revenue": 197290
        },
        "2009-04": {
            "month": "2009-04",
            "price": "18.18",
            "revenue": 230837
        },
        "2009-05": {
            "month": "2009-05",
            "price": "23.47",
            "revenue": 247117
        },
        "2009-06": {
            "month": "2009-06",
            "price": "23.05",
            "revenue": 276181
        },
        "2009-07": {
            "month": "2009-07",
            "price": "27.49",
            "revenue": 276225
        },
        "2009-08": {
            "month": "2009-08",
            "price": "29.74",
            "revenue": 300174
        },
        "2009-09": {
            "month": "2009-09",
            "price": "35.41",
            "revenue": 360927
        },
        "2009-10": {
            "month": "2009-10",
            "price": "39.71",
            "revenue": 367485
        },
        "2009-11": {
            "month": "2009-11",
            "price": "42.63",
            "revenue": 295306
        },
        "2009-12": {
            "month": "2009-12",
            "price": "52.58",
            "revenue": 223960
        },
        "2010-01": {
            "month": "2010-01",
            "price": "50.92",
            "revenue": 247237
        },
        "2010-02": {
            "month": "2010-02",
            "price": "41.66",
            "revenue": 194118
        },
        "2010-03": {
            "month": "2010-03",
            "price": "44.65",
            "revenue": 306687
        },
        "2010-04": {
            "month": "2010-04",
            "price": "46.95",
            "revenue": 386574
        },
        "2010-05": {
            "month": "2010-05",
            "price": "43.14",
            "revenue": 368192
        },
        "2010-06": {
            "month": "2010-06",
            "price": "38.69",
            "revenue": 388888
        },
        "2010-07": {
            "month": "2010-07",
            "price": "37.65",
            "revenue": 403423
        },
        "2010-08": {
            "month": "2010-08",
            "price": "42.45",
            "revenue": 428707
        },
        "2010-09": {
            "month": "2010-09",
            "price": "51.28",
            "revenue": 465860
        },
        "2010-10": {
            "month": "2010-10",
            "price": "48.94",
            "revenue": 440234
        },
        "2010-11": {
            "month": "2010-11",
            "price": "48.67",
            "revenue": 428744
        },
        "2010-12": {
            "month": "2010-12",
            "price": "55.85",
            "revenue": 457130
        },
        "2011-01": {
            "month": "2011-01",
            "price": "56.64",
            "revenue": 460056
        },
        "2011-02": {
            "month": "2011-02",
            "price": "56.06",
            "revenue": 423346
        },
        "2011-03": {
            "month": "2011-03",
            "price": "55.77",
            "revenue": 539316
        },
        "2011-04": {
            "month": "2011-04",
            "price": "60.36",
            "revenue": 524473
        },
        "2011-05": {
            "month": "2011-05",
            "price": "65.85",
            "revenue": 561831
        },
        "2011-06": {
            "month": "2011-06",
            "price": "70.93",
            "revenue": 589016
        },
        "2011-07": {
            "month": "2011-07",
            "price": "79.53",
            "revenue": 546852
        },
        "2011-08": {
            "month": "2011-08",
            "price": "82.81",
            "revenue": 666907
        },
        "2011-09": {
            "month": "2011-09",
            "price": "81.12",
            "revenue": 751523
        },
        "2011-10": {
            "month": "2011-10",
            "price": "76.00",
            "revenue": 752560
        },
        "2011-11": {
            "month": "2011-11",
            "price": "75.39",
            "revenue": 820763
        },
        "2011-12": {
            "month": "2011-12",
            "price": "74.53",
            "revenue": 927453
        },
        "2012-01": {
            "month": "2012-01",
            "price": "86.85",
            "revenue": 928779
        },
        "2012-02": {
            "month": "2012-02",
            "price": "114.12",
            "revenue": 931264
        },
        "2012-03": {
            "month": "2012-03",
            "price": "129.04",
            "revenue": 738019
        },
        "2012-04": {
            "month": "2012-04",
            "price": "110.65",
            "revenue": 607128
        },
        "2012-05": {
            "month": "2012-05",
            "price": "103.77",
            "revenue": 604720
        },
        "2012-06": {
            "month": "2012-06",
            "price": "117.29",
            "revenue": 580243
        },
        "2012-07": {
            "month": "2012-07",
            "price": "115.98",
            "revenue": 748386
        },
        "2012-08": {
            "month": "2012-08",
            "price": "131.64",
            "revenue": 840208
        },
        "2012-09": {
            "month": "2012-09",
            "price": "125.68",
            "revenue": 1143828
        },
        "2012-10": {
            "month": "2012-10",
            "price": "117.73",
            "revenue": 1179839
        },
        "2012-11": {
            "month": "2012-11",
            "price": "119.59",
            "revenue": 1437694
        },
        "2012-12": {
            "month": "2012-12",
            "price": "109.28",
            "revenue": 1338860
        },
        "2013-01": {
            "month": "2013-01",
            "price": "97.29",
            "revenue": 1201033
        },
        "2013-02": {
            "month": "2013-02",
            "price": "96.05",
            "revenue": 510264
        },
        "2013-03": {
            "month": "2013-03",
            "price": "91.59",
            "revenue": 641368
        },
        "2013-04": {
            "month": "2013-04",
            "price": "94.31",
            "revenue": 683570
        },
        "2013-05": {
            "month": "2013-05",
            "price": "107.49",
            "revenue": 903794
        },
        "2013-06": {
            "month": "2013-06",
            "price": "111.18",
            "revenue": 601861
        },
        "2013-07": {
            "month": "2013-07",
            "price": "106.39",
            "revenue": 1000814
        },
        "2013-08": {
            "month": "2013-08",
            "price": "112.17",
            "revenue": 1388229
        },
        "2013-09": {
            "month": "2013-09",
            "price": "106.50",
            "revenue": 1592840
        },
        "2013-10": {
            "month": "2013-10",
            "price": "94.23",
            "revenue": 1806728
        },
        "2013-11": {
            "month": "2013-11",
            "price": "91.04",
            "revenue": 1820866
        },
        "2013-12": {
            "month": "2013-12",
            "price": "93.27",
            "revenue": 1453846
        },
        "2014-01": {
            "month": "2014-01",
            "price": "95.99",
            "revenue": 1084967
        },
        "2014-02": {
            "month": "2014-02",
            "price": "89.70",
            "revenue": 597239
        },
        "2014-03": {
            "month": "2014-03",
            "price": "88.98",
            "revenue": 828556
        },
        "2014-04": {
            "month": "2014-04",
            "price": "91.34",
            "revenue": 607055
        },
        "2014-05": {
            "month": "2014-05",
            "price": "79.00",
            "revenue": 708991
        },
        "2014-06": {
            "month": "2014-06",
            "price": "80.70",
            "revenue": 780774
        },
        "2014-07": {
            "month": "2014-07",
            "price": "81.91",
            "revenue": 820008
        },
        "2014-08": {
            "month": "2014-08",
            "price": "80.08",
            "revenue": 1020464
        },
        "2014-09": {
            "month": "2014-09",
            "price": "81.02",
            "revenue": 1310016
        },
        "2014-10": {
            "month": "2014-10",
            "price": "68.41",
            "revenue": 1537245
        },
        "2014-11": {
            "month": "2014-11",
            "price": "62.26",
            "revenue": 1874017
        },
        "2014-12": {
            "month": "2014-12",
            "price": "69.75",
            "revenue": 1902452
        },
        "2015-01": {
            "month": "2015-01",
            "price": "72.72",
            "revenue": 1742135
        },
        "2015-02": {
            "month": "2015-02",
            "price": "76.62",
            "revenue": 957553
        },
        "2015-03": {
            "month": "2015-03",
            "price": "84.78",
            "revenue": 1331068
        },
        "2015-04": {
            "month": "2015-04",
            "price": "104.20",
            "revenue": 1353520
        },
        "2015-05": {
            "month": "2015-05",
            "price": "109.62",
            "revenue": 1409772
        },
        "2015-06": {
            "month": "2015-06",
            "price": "120.29",
            "revenue": 1427431
        },
        "2015-07": {
            "month": "2015-07",
            "price": "122.93",
            "revenue": 1022582
        },
        "2015-08": {
            "month": "2015-08",
            "price": "93.86",
            "revenue": 1429978
        },
        "2015-09": {
            "month": "2015-09",
            "price": "92.44",
            "revenue": 2115938
        },
        "2015-10": {
            "month": "2015-10",
            "price": "94.94",
            "revenue": 2412604
        },
        "2015-11": {
            "month": "2015-11",
            "price": "92.53",
            "revenue": 1877859
        },
        "2015-12": {
            "month": "2015-12",
            "price": "83.48",
            "revenue": 1019887
        },
        "2016-01": {
            "month": "2016-01",
            "price": "71.76",
            "revenue": 1641462
        },
        "2016-02": {
            "month": "2016-02",
            "price": "81.39",
            "revenue": 883703
        },
        "2016-03": {
            "month": "2016-03",
            "price": "86.67",
            "revenue": 1226016
        },
        "2016-04": {
            "month": "2016-04",
            "price": "79.02",
            "revenue": 1167164
        },
        "2016-05": {
            "month": "2016-05",
            "price": "78.38",
            "revenue": 1074387
        },
        "2016-06": {
            "month": "2016-06",
            "price": "81.33",
            "revenue": 1214876
        },
        "2016-07": {
            "month": "2016-07",
            "price": "84.80",
            "revenue": 1557524
        },
        "2016-08": {
            "month": "2016-08",
            "price": "87.40",
            "revenue": 2039498
        },
        "2016-09": {
            "month": "2016-09",
            "price": "87.18",
            "revenue": 2126671
        },
        "2016-10": {
            "month": "2016-10",
            "price": "90.82",
            "revenue": 2452838
        },
        "2016-11": {
            "month": "2016-11",
            "price": "85.38",
            "revenue": 1811779
        },
        "2016-12": {
            "month": "2016-12",
            "price": "83.70",
            "revenue": 1900364
        },
        "2017-01": {
            "month": "2017-01",
            "price": "87.83",
            "revenue": 1754278
        },
        "2017-02": {
            "month": "2017-02",
            "price": "93.47",
            "revenue": 1325324
        },
        "2017-03": {
            "month": "2017-03",
            "price": "98.03",
            "revenue": 1201002
        },
        "2017-04": {
            "month": "2017-04",
            "price": "102.73",
            "revenue": 1074701
        },
        "2017-05": {
            "month": "2017-05",
            "price": "113.48",
            "revenue": 1127375
        },
        "2017-06": {
            "month": "2017-06",
            "price": "112.61",
            "revenue": 1501438
        },
        "2017-07": {
            "month": "2017-07",
            "price": "118.86",
            "revenue": 1733678
        },
        "2017-08": {
            "month": "2017-08",
            "price": "133.52",
            "revenue": 2353159
        },
        "2017-09": {
            "month": "2017-09",
            "price": "122.16",
            "revenue": 3030360
        },
        "2017-10": {
            "month": "2017-10",
            "price": "119.34",
            "revenue": 3151306
        },
        "2017-11": {
            "month": "2017-11",
            "price": "120.66",
            "revenue": 4039729
        },
        "2017-12": {
            "month": "2017-12",
            "price": "109.48",
            "revenue": 3554054
        },
        "2018-01": {
            "month": "2018-01",
            "price": "111.05",
            "revenue": 3043875
        },
        "2018-02": {
            "month": "2018-02",
            "price": "111.12",
            "revenue": 1207496
        },
        "2018-03": {
            "month": "2018-03",
            "price": "107.85",
            "revenue": 1211857
        },
        "2018-04": {
            "month": "2018-04",
            "price": "93.07",
            "revenue": 1521692
        },
        "2018-05": {
            "month": "2018-05",
            "price": "85.23",
            "revenue": 1676388
        },
        "2018-06": {
            "month": "2018-06",
            "price": "92.76",
            "revenue": 1755652
        },
        "2018-07": {
            "month": "2018-07",
            "price": "100.17",
            "revenue": 2382871
        },
        "2018-08": {
            "month": "2018-08",
            "price": "100.36",
            "revenue": 2721874
        },
        "2018-09": {
            "month": "2018-09",
            "price": "90.89",
            "revenue": 2865634
        },
        "2018-10": {
            "month": "2018-10",
            "price": "81.26",
            "revenue": 3402343
        },
        "2018-11": {
            "month": "2018-11",
            "price": "79.46",
            "revenue": 3014019
        },
        "2018-12": {
            "month": "2018-12",
            "price": "78.07",
            "revenue": 1966791
        },
        "2019-01": {
            "month": "2019-01",
            "price": "71.75",
            "revenue": 2027698
        },
        "2019-02": {
            "month": "2019-02",
            "price": "87.22",
            "revenue": 896001
        },
        "2019-03": {
            "month": "2019-03",
            "price": "90.08",
            "revenue": 1464508
        },
        "2019-04": {
            "month": "2019-04",
            "price": "96.84",
            "revenue": 1614412
        },
        "2019-05": {
            "month": "2019-05",
            "price": "85.39",
            "revenue": 1513033
        },
        "2019-06": {
            "month": "2019-06",
            "price": "82.33",
            "revenue": 1527864
        },
        "2019-07": {
            "month": "2019-07",
            "price": "92.60",
            "revenue": 2532957
        },
        "2019-08": {
            "month": "2019-08",
            "price": "93.62",
            "revenue": 2625428
        },
        "2019-09": {
            "month": "2019-09",
            "price": "95.74",
            "revenue": 3145626
        },
        "2019-10": {
            "month": "2019-10",
            "price": "96.43",
            "revenue": 3187819
        },
        "2019-11": {
            "month": "2019-11",
            "price": "112.74",
            "revenue": 3027561
        },
        "2019-12": {
            "month": "2019-12",
            "price": "111.20",
            "revenue": 2517801
        },
        "2020-01": {
            "month": "2020-01",
            "price": "116.30",
            "revenue": 1314365
        },
        "2020-02": {
            "month": "2020-02",
            "price": "115.71",
            "revenue": 1142898
        },
        "2020-03": {
            "month": "2020-03",
            "price": "100.61",
            "revenue": 2145502
        },
        "2020-04": {
            "month": "2020-04",
            "price": "102.01",
            "revenue": 2212056
        },
        "2020-05": {
            "month": "2020-05",
            "price": "105.88",
            "revenue": 2240528
        },
        "2020-06": {
            "month": "2020-06",
            "price": "116.92",
            "revenue": 2106105
        },
        "2020-07": {
            "month": "2020-07",
            "price": "141.37",
            "revenue": 2434617
        },
        "2020-08": {
            "month": "2020-08",
            "price": "132.57",
            "revenue": 2545393
        },
        "2020-09": {
            "month": "2020-09",
            "price": "123.93",
            "revenue": 3066783
        },
        "2020-10": {
            "month": "2020-10",
            "price": "121.95",
            "revenue": 3332466
        },
        "2020-11": {
            "month": "2020-11",
            "price": "116.29",
            "revenue": 3700017
        },
        "2020-12": {
            "month": "2020-12",
            "price": "119.76",
            "revenue": 3657266
        },
        "2021-01": {
            "month": "2021-01",
            "price": "121.12",
            "revenue": 2742251
        },
        "2021-02": {
            "month": "2021-02",
            "price": "124.54",
            "revenue": 2055945
        },
        "2021-03": {
            "month": "2021-03",
            "price": "123.98",
            "revenue": 2332250
        },
        "2021-04": {
            "month": "2021-04",
            "price": "123.34",
            "revenue": 2391592
        },
        "2021-05": {
            "month": "2021-05",
            "price": "114.40",
            "revenue": 2399182
        },
        "2021-06": {
            "month": "2021-06",
            "price": "123.67",
            "revenue": 2261026
        },
        "2021-07": {
            "month": "2021-07",
            "price": "130.00",
            "revenue": 2785314
        },
        "2021-08": {
            "month": "2021-08",
            "price": "120.91",
            "revenue": 3065108
        },
        "2021-09": {
            "month": "2021-09",
            "price": "109.25",
            "revenue": 3248785
        },
        "2021-10": {
            "month": "2021-10",
            "price": "95.46",
            "revenue": 3507111
        },
        "2021-11": {
            "month": "2021-11",
            "price": "99.60",
            "revenue": 4276184
        },
        "2021-12": {
            "month": "2021-12",
            "price": "103.52",
            "revenue": 4503918
        },
        "2022-01": {
            "month": "2022-01",
            "price": "100.79",
            "revenue": 3272970
        },
        "2022-02": {
            "month": "2022-02",
            "price": "96.83",
            "revenue": 2816815
        },
        "2022-03": {
            "month": "2022-03",
            "price": "97.79",
            "revenue": 3403131
        },
        "2022-04": {
            "month": "2022-04",
            "price": "96.73",
            "revenue": 1723068
        },
        "2022-05": {
            "month": "2022-05",
            "price": "94.25",
            "revenue": 2747119
        },
        "2022-06": {
            "month": "2022-06",
            "price": "92.18",
            "revenue": 2840980
        },
        "2022-07": {
            "month": "2022-07",
            "price": "82.81",
            "revenue": 3122711
        },
        "2022-08": {
            "month": "2022-08",
            "price": "93.63",
            "revenue": 4142926
        },
        "2022-09": {
            "month": "2022-09",
            "price": "93.57",
            "revenue": 4877585
        },
        "2022-10": {
            "month": "2022-10",
            "price": "89.42",
            "revenue": 4334010
        },
        "2022-11": {
            "month": "2022-11",
            "price": "104.42",
            "revenue": 3480363
        },
        "2022-12": {
            "month": "2022-12",
            "price": "102.29",
            "revenue": 3308445
        },
        "2023-01": {
            "month": "2023-01",
            "price": "99.11",
            "revenue": 3097302
        },
        "2023-02": {
            "month": "2023-02",
            "price": "99.92",
            "revenue": 2508396
        },
        "2023-03": {
            "month": "2023-03",
            "price": "97.76",
            "revenue": 2490230
        },
        "2023-04": {
            "month": "2023-04",
            "price": "97.96",
            "revenue": 2667473
        },
        "2023-05": {
            "month": "2023-05",
            "price": "95.67",
            "revenue": 3027446
        }
    }
}
