{
    "summary": {
        "stock_name": "倍微",
        "stock_id": "6270",
        "category": "電子通路",
        "main_business": "半導體零組件銷售",
        "website_url": "http://www.pct.com.tw",
        "ceo": "傅江松",
        "pe_ratio": 12,
        "report_year_from": 2002,
        "report_year_to": 2023,
        "age": 21,
        "eps_negative_percentage": 5,
        "eps_growth_avg": {
            "last_all": 1.16,
            "last_2y": 38.21,
            "last_4y": 42.72,
            "last_8y": 30.1,
            "last_12y": 10.69,
            "last_16y": 2.67,
            "last_20y": null,
            "at_2006_last_3y": -12.7,
            "at_2007_last_3y": -3.47,
            "at_2008_last_3y": -20.76,
            "at_2009_last_3y": -21.38,
            "at_2010_last_3y": -5.6,
            "at_2011_last_3y": -27.23,
            "at_2012_last_3y": -40.1,
            "at_2013_last_3y": -47.55,
            "at_2014_last_3y": -25.2,
            "at_2015_last_3y": -15.3,
            "at_2016_last_3y": 20.05,
            "at_2017_last_3y": 14.33,
            "at_2018_last_3y": 14.33,
            "at_2019_last_3y": 25.55,
            "at_2020_last_3y": 32.02,
            "at_2021_last_3y": 53.83,
            "at_2022_last_3y": 28.4,
            "at_2023_last_3y": 28.4,
            "at_2006_last_all": -12.7,
            "at_2007_last_all": -7.98,
            "at_2008_last_all": -14.73,
            "at_2009_last_all": -15.17,
            "at_2010_last_all": -9.15,
            "at_2011_last_all": -16.54,
            "at_2012_last_all": -24.88,
            "at_2013_last_all": -24.88,
            "at_2014_last_all": -13.53,
            "at_2015_last_all": -16.23,
            "at_2016_last_all": -14.51,
            "at_2017_last_all": -13.68,
            "at_2018_last_all": -6.1,
            "at_2019_last_all": -5.78,
            "at_2020_last_all": -3.56,
            "at_2021_last_all": 1.32,
            "at_2022_last_all": 1.16,
            "at_2023_last_all": 1.16
        },
        "latest_eps": 2.04,
        "latest_price": 23.75,
        "latest_roe": 8.85,
        "latest_gross_margin": 7.24,
        "latest_equity": 1664134,
        "latest_revenue": 1098751,
        "latest_gross_profit": 79495,
        "latest_net_income": 22911,
        "latest_debt_ratio": 46.15,
        "latest_current_ratio": 168.42,
        "latest_account_receivable_turnover_ratio": 1.39,
        "latest_inventory_turnover_ratio": 1.1,
        "latest_reinvestment_rate": -5.22,
        "latest_research_to_sale_ratio": 0.74
    },
    "eps_dividends": {
        "2001": {
            "cash": 0,
            "stock": 0,
            "eps": 0
        },
        "2002": {
            "cash": 0,
            "stock": 0,
            "eps": 7.46
        },
        "2003": {
            "cash": 2.5,
            "stock": 1.5,
            "eps": 5.52
        },
        "2004": {
            "cash": 2.49,
            "stock": 1.49,
            "eps": 6.66
        },
        "2005": {
            "cash": 2.96,
            "stock": 0.99,
            "eps": 5.64
        },
        "2006": {
            "cash": 2.5,
            "stock": 0.5,
            "eps": 3.94
        },
        "2007": {
            "cash": 1.8,
            "stock": 0.9,
            "eps": 4.37
        },
        "2008": {
            "cash": 2.04,
            "stock": 0.51,
            "eps": 2.25
        },
        "2009": {
            "cash": 2,
            "stock": 0,
            "eps": 1.85
        },
        "2010": {
            "cash": 1.99,
            "stock": 0,
            "eps": 2.46
        },
        "2011": {
            "cash": 2,
            "stock": 0,
            "eps": 0.6
        },
        "2012": {
            "cash": 1,
            "stock": 0,
            "eps": -4.84
        },
        "2013": {
            "cash": 0.5,
            "stock": 0,
            "eps": 0.18
        },
        "2014": {
            "cash": 0.5,
            "stock": 0,
            "eps": 0.61
        },
        "2015": {
            "cash": 0.55,
            "stock": 0,
            "eps": 0.33
        },
        "2016": {
            "cash": 0.5,
            "stock": 0,
            "eps": 0.35
        },
        "2017": {
            "cash": 0.5,
            "stock": 0,
            "eps": 0.34
        },
        "2018": {
            "cash": 0.97,
            "stock": 0,
            "eps": 0.98
        },
        "2019": {
            "cash": 1,
            "stock": 0,
            "eps": 0.97
        },
        "2020": {
            "cash": 1.3,
            "stock": 0,
            "eps": 1.28
        },
        "2021": {
            "cash": 1.2,
            "stock": 0,
            "eps": 2.36
        },
        "2022": {
            "cash": 2,
            "stock": 0,
            "eps": 2.32
        },
        "2023": {
            "cash": 2.1,
            "stock": 0,
            "eps": 0.32
        }
    },
    "dividends": {
        "2003-05-08": {
            "cash": 2.5,
            "stock": 1.5
        },
        "2004-03-04": {
            "cash": 2.49,
            "stock": 1.49
        },
        "2005-04-28": {
            "cash": 2.96,
            "stock": 0.99
        },
        "2006-04-19": {
            "cash": 2.5,
            "stock": 0.5
        },
        "2007-04-26": {
            "cash": 1.8,
            "stock": 0.9
        },
        "2008-03-27": {
            "cash": 2.04,
            "stock": 0.51
        },
        "2009-03-26": {
            "cash": 2,
            "stock": 0
        },
        "2010-03-25": {
            "cash": 1.99,
            "stock": 0
        },
        "2011-03-23": {
            "cash": 2,
            "stock": 0
        },
        "2012-06-06": {
            "cash": 1,
            "stock": 0
        },
        "2013-06-20": {
            "cash": 0.5,
            "stock": 0
        },
        "2014-08-15": {
            "cash": 0.5,
            "stock": 0
        },
        "2015-08-14": {
            "cash": 0.55,
            "stock": 0
        },
        "2016-08-10": {
            "cash": 0.5,
            "stock": 0
        },
        "2017-08-10": {
            "cash": 0.5,
            "stock": 0
        },
        "2018-08-10": {
            "cash": 0.97,
            "stock": 0
        },
        "2019-08-08": {
            "cash": 1,
            "stock": 0
        },
        "2020-08-28": {
            "cash": 1.3,
            "stock": 0
        },
        "2021-09-10": {
            "cash": 1.2,
            "stock": 0
        },
        "2022-08-26": {
            "cash": 2,
            "stock": 0
        },
        "2023-05-19": {
            "cash": 2.1,
            "stock": 0
        }
    },
    "prices": {
        "200101": "無",
        "200102": "無",
        "200103": "無",
        "200104": "無",
        "200105": "無",
        "200106": "無",
        "200107": "無",
        "200108": "無",
        "200109": "無",
        "200110": "無",
        "200111": "無",
        "200112": "無",
        "200201": "無",
        "200202": "無",
        "200203": "無",
        "200204": "無",
        "200205": "無",
        "200206": "無",
        "200207": "無",
        "200208": "無",
        "200209": "無",
        "200210": "無",
        "200211": "無",
        "200212": "無",
        "200301": "無",
        "200302": "無",
        "200303": "無",
        "200304": "無",
        "200305": "無",
        "200306": "無",
        "200307": "無",
        "200308": "無",
        "200309": "48.59",
        "200310": "46.55",
        "200311": "48.10",
        "200312": "48.34",
        "200401": "48.97",
        "200402": "56.90",
        "200403": "65.39",
        "200404": "81.48",
        "200405": "69.88",
        "200406": "61.86",
        "200407": "54.58",
        "200408": "50.98",
        "200409": "56.12",
        "200410": "54.00",
        "200411": "50.01",
        "200412": "47.66",
        "200501": "42.02",
        "200502": "45.48",
        "200503": "47.92",
        "200504": "43.81",
        "200505": "42.53",
        "200506": "44.69",
        "200507": "47.33",
        "200508": "43.46",
        "200509": "43.53",
        "200510": "38.89",
        "200511": "35.98",
        "200512": "40.95",
        "200601": "41.91",
        "200602": "39.15",
        "200603": "35.75",
        "200604": "37.16",
        "200605": "37.94",
        "200606": "34.52",
        "200607": "33.86",
        "200608": "31.16",
        "200609": "30.71",
        "200610": "30.75",
        "200611": "31.43",
        "200612": "34.10",
        "200701": "34.07",
        "200702": "32.52",
        "200703": "34.26",
        "200704": "35.73",
        "200705": "36.81",
        "200706": "40.52",
        "200707": "46.41",
        "200708": "42.49",
        "200709": "39.65",
        "200710": "40.31",
        "200711": "37.17",
        "200712": "33.11",
        "200801": "29.76",
        "200802": "29.55",
        "200803": "30.39",
        "200804": "33.49",
        "200805": "32.87",
        "200806": "28.89",
        "200807": "25.02",
        "200808": "24.36",
        "200809": "19.26",
        "200810": "16.09",
        "200811": "12.97",
        "200812": "11.89",
        "200901": "12.05",
        "200902": "13.35",
        "200903": "15.87",
        "200904": "18.21",
        "200905": "20.12",
        "200906": "22.53",
        "200907": "23.06",
        "200908": "21.56",
        "200909": "22.34",
        "200910": "24.99",
        "200911": "25.67",
        "200912": "27.46",
        "201001": "31.39",
        "201002": "26.99",
        "201003": "29.03",
        "201004": "29.63",
        "201005": "25.99",
        "201006": "25.08",
        "201007": "25.50",
        "201008": "25.77",
        "201009": "25.54",
        "201010": "25.02",
        "201011": "23.59",
        "201012": "24.49",
        "201101": "24.48",
        "201102": "24.25",
        "201103": "23.93",
        "201104": "24.03",
        "201105": "23.47",
        "201106": "23.20",
        "201107": "22.13",
        "201108": "16.45",
        "201109": "15.56",
        "201110": "15.18",
        "201111": "14.50",
        "201112": "13.28",
        "201201": "13.46",
        "201202": "15.39",
        "201203": "16.32",
        "201204": "16.42",
        "201205": "14.88",
        "201206": "13.78",
        "201207": "12.82",
        "201208": "13.65",
        "201209": "13.23",
        "201210": "12.26",
        "201211": "11.24",
        "201212": "12.13",
        "201301": "12.17",
        "201302": "12.32",
        "201303": "12.46",
        "201304": "12.31",
        "201305": "12.25",
        "201306": "12.28",
        "201307": "12.12",
        "201308": "11.97",
        "201309": "12.04",
        "201310": "12.24",
        "201311": "11.89",
        "201312": "12.16",
        "201401": "14.67",
        "201402": "14.27",
        "201403": "14.10",
        "201404": "14.53",
        "201405": "14.25",
        "201406": "14.87",
        "201407": "15.70",
        "201408": "14.52",
        "201409": "14.47",
        "201410": "13.34",
        "201411": "13.20",
        "201412": "13.82",
        "201501": "14.23",
        "201502": "13.97",
        "201503": "14.41",
        "201504": "13.72",
        "201505": "12.78",
        "201506": "11.66",
        "201507": "11.16",
        "201508": "10.07",
        "201509": "10.85",
        "201510": "11.17",
        "201511": "10.70",
        "201512": "10.32",
        "201601": "10.01",
        "201602": "9.99",
        "201603": "10.32",
        "201604": "11.01",
        "201605": "10.73",
        "201606": "10.67",
        "201607": "10.66",
        "201608": "10.58",
        "201609": "10.38",
        "201610": "10.29",
        "201611": "10.06",
        "201612": "10.19",
        "201701": "10.49",
        "201702": "10.71",
        "201703": "10.99",
        "201704": "11.03",
        "201705": "11.04",
        "201706": "11.79",
        "201707": "11.37",
        "201708": "10.67",
        "201709": "12.42",
        "201710": "13.16",
        "201711": "13.10",
        "201712": "12.55",
        "201801": "12.35",
        "201802": "11.63",
        "201803": "13.32",
        "201804": "14.31",
        "201805": "13.82",
        "201806": "14.40",
        "201807": "13.42",
        "201808": "12.93",
        "201809": "13.15",
        "201810": "11.49",
        "201811": "11.70",
        "201812": "11.83",
        "201901": "11.87",
        "201902": "12.37",
        "201903": "13.11",
        "201904": "13.69",
        "201905": "13.92",
        "201906": "13.94",
        "201907": "13.73",
        "201908": "14.20",
        "201909": "14.90",
        "201910": "15.15",
        "201911": "15.12",
        "201912": "15.10",
        "202001": "15.06",
        "202002": "14.48",
        "202003": "13.92",
        "202004": "14.98",
        "202005": "17.40",
        "202006": "19.08",
        "202007": "20.57",
        "202008": "19.37",
        "202009": "18.33",
        "202010": "18.58",
        "202011": "18.54",
        "202012": "19.36",
        "202101": "19.67",
        "202102": "20.08",
        "202103": "21.48",
        "202104": "22.47",
        "202105": "20.84",
        "202106": "21.78",
        "202107": "21.53",
        "202108": "20.97",
        "202109": "20.69",
        "202110": "20.42",
        "202111": "22.47",
        "202112": "24.36",
        "202201": "24.20",
        "202202": "24.10",
        "202203": "24.68",
        "202204": "25.29",
        "202205": "24.58",
        "202206": "24.15",
        "202207": "22.82",
        "202208": "22.71",
        "202209": "22.27",
        "202210": "21.62",
        "202211": "22.39",
        "202212": "22.10",
        "202301": "22.06",
        "202302": "22.90",
        "202303": "24.53",
        "202304": "22.78",
        "202305": "23.14",
        "202306": "24.21"
    },
    "quarters": {
        "20011": {
            "year_quarter": 20011,
            "year": 2001,
            "quarter": 1,
            "eps": null,
            "eps_growth_year": null,
            "eps_4q": null,
            "eps_4q_growth_year": null,
            "roe": null,
            "roe_4q": 0,
            "gross_profit": null,
            "gross_margin": null,
            "gross_margin_4q_avg": 0,
            "net_income": null,
            "revenue": null,
            "common_shares": null,
            "book_valuer_per_share": null,
            "book_valuer_per_share_4q_avg": 0,
            "equity": null,
            "current_ratio": null,
            "debt_ratio": null,
            "inventory_turnover_ratio": null,
            "account_receivable_turnover_ratio": null,
            "reinvestment_rate": null,
            "research_to_sale_ratio": null,
            "price_fair": 0,
            "eps_avg_yearly": 0,
            "eps_latest_yearly": 0,
            "eps_growth_yearly": 0
        },
        "20012": {
            "year_quarter": 20012,
            "year": 2001,
            "quarter": 2,
            "eps": null,
            "eps_growth_year": null,
            "eps_4q": null,
            "eps_4q_growth_year": null,
            "roe": null,
            "roe_4q": 0,
            "gross_profit": null,
            "gross_margin": null,
            "gross_margin_4q_avg": 0,
            "net_income": null,
            "revenue": null,
            "common_shares": null,
            "book_valuer_per_share": null,
            "book_valuer_per_share_4q_avg": 0,
            "equity": null,
            "current_ratio": null,
            "debt_ratio": null,
            "inventory_turnover_ratio": null,
            "account_receivable_turnover_ratio": null,
            "reinvestment_rate": null,
            "research_to_sale_ratio": null,
            "price_fair": 0,
            "eps_avg_yearly": 0,
            "eps_latest_yearly": 0,
            "eps_growth_yearly": 0
        },
        "20013": {
            "year_quarter": 20013,
            "year": 2001,
            "quarter": 3,
            "eps": null,
            "eps_growth_year": null,
            "eps_4q": null,
            "eps_4q_growth_year": null,
            "roe": null,
            "roe_4q": 0,
            "gross_profit": null,
            "gross_margin": null,
            "gross_margin_4q_avg": 0,
            "net_income": null,
            "revenue": null,
            "common_shares": null,
            "book_valuer_per_share": null,
            "book_valuer_per_share_4q_avg": 0,
            "equity": null,
            "current_ratio": null,
            "debt_ratio": null,
            "inventory_turnover_ratio": null,
            "account_receivable_turnover_ratio": null,
            "reinvestment_rate": null,
            "research_to_sale_ratio": null,
            "price_fair": 0,
            "eps_avg_yearly": 0,
            "eps_latest_yearly": 0,
            "eps_growth_yearly": 0
        },
        "20014": {
            "year_quarter": 20014,
            "year": 2001,
            "quarter": 4,
            "eps": null,
            "eps_growth_year": null,
            "eps_4q": null,
            "eps_4q_growth_year": null,
            "roe": null,
            "roe_4q": 0,
            "gross_profit": null,
            "gross_margin": null,
            "gross_margin_4q_avg": 0,
            "net_income": null,
            "revenue": null,
            "common_shares": 258300,
            "book_valuer_per_share": 16.98,
            "book_valuer_per_share_4q_avg": 4.25,
            "equity": 438502,
            "current_ratio": 132.65,
            "debt_ratio": 69.48,
            "inventory_turnover_ratio": null,
            "account_receivable_turnover_ratio": null,
            "reinvestment_rate": null,
            "research_to_sale_ratio": null,
            "price_fair": 0,
            "eps_avg_yearly": 0,
            "eps_latest_yearly": 0,
            "eps_growth_yearly": 0
        },
        "20021": {
            "year_quarter": 20021,
            "year": 2002,
            "quarter": 1,
            "eps": 3.08,
            "eps_growth_year": null,
            "eps_4q": null,
            "eps_4q_growth_year": null,
            "roe": 14.38,
            "roe_4q": 14.38,
            "gross_profit": 96089,
            "gross_margin": 20.5,
            "gross_margin_4q_avg": 5.13,
            "net_income": 67952,
            "revenue": 468747,
            "common_shares": 258300,
            "book_valuer_per_share": 19.61,
            "book_valuer_per_share_4q_avg": 9.15,
            "equity": 506516,
            "current_ratio": 217.47,
            "debt_ratio": 35.61,
            "inventory_turnover_ratio": 1.48,
            "account_receivable_turnover_ratio": null,
            "reinvestment_rate": null,
            "research_to_sale_ratio": null,
            "price_fair": 0,
            "eps_avg_yearly": 0,
            "eps_latest_yearly": 0,
            "eps_growth_yearly": 0
        },
        "20022": {
            "year_quarter": 20022,
            "year": 2002,
            "quarter": 2,
            "eps": 1.15,
            "eps_growth_year": null,
            "eps_4q": null,
            "eps_4q_growth_year": null,
            "roe": 8.14,
            "roe_4q": 22.520000000000003,
            "gross_profit": 71703,
            "gross_margin": 16.09,
            "gross_margin_4q_avg": 9.15,
            "net_income": 44004,
            "revenue": 445659,
            "common_shares": 339217,
            "book_valuer_per_share": 16.94,
            "book_valuer_per_share_4q_avg": 13.38,
            "equity": 574710,
            "current_ratio": 214.82,
            "debt_ratio": 35.94,
            "inventory_turnover_ratio": 3.3,
            "account_receivable_turnover_ratio": null,
            "reinvestment_rate": null,
            "research_to_sale_ratio": null,
            "price_fair": 13.8,
            "eps_avg_yearly": 4.6,
            "eps_latest_yearly": 4.6,
            "eps_growth_yearly": -250.65
        },
        "20023": {
            "year_quarter": 20023,
            "year": 2002,
            "quarter": 3,
            "eps": 2.1,
            "eps_growth_year": null,
            "eps_4q": null,
            "eps_4q_growth_year": null,
            "roe": 8.99,
            "roe_4q": 31.510000000000005,
            "gross_profit": 69733,
            "gross_margin": 17.11,
            "gross_margin_4q_avg": 13.43,
            "net_income": 54140,
            "revenue": 407444,
            "common_shares": 339217,
            "book_valuer_per_share": 18.57,
            "book_valuer_per_share_4q_avg": 18.03,
            "equity": 629819,
            "current_ratio": 218.63,
            "debt_ratio": 34.94,
            "inventory_turnover_ratio": 2.75,
            "account_receivable_turnover_ratio": null,
            "reinvestment_rate": null,
            "research_to_sale_ratio": null,
            "price_fair": 227.5,
            "eps_avg_yearly": 6.5,
            "eps_latest_yearly": 8.4,
            "eps_growth_yearly": 39.89
        },
        "20024": {
            "year_quarter": 20024,
            "year": 2002,
            "quarter": 4,
            "eps": 1.13,
            "eps_growth_year": null,
            "eps_4q": 6.1,
            "eps_4q_growth_year": null,
            "roe": 5.82,
            "roe_4q": 37.330000000000005,
            "gross_profit": 58755,
            "gross_margin": 16.67,
            "gross_margin_4q_avg": 17.59,
            "net_income": 37785,
            "revenue": 352484,
            "common_shares": 339217,
            "book_valuer_per_share": 19.7,
            "book_valuer_per_share_4q_avg": 18.71,
            "equity": 668303,
            "current_ratio": 140.52,
            "debt_ratio": 65.75,
            "inventory_turnover_ratio": 1.31,
            "account_receivable_turnover_ratio": null,
            "reinvestment_rate": null,
            "research_to_sale_ratio": null,
            "price_fair": 17.52,
            "eps_avg_yearly": 5.84,
            "eps_latest_yearly": 4.52,
            "eps_growth_yearly": -34.99
        },
        "20031": {
            "year_quarter": 20031,
            "year": 2003,
            "quarter": 1,
            "eps": 1.29,
            "eps_growth_year": -58.12,
            "eps_4q": 5.28,
            "eps_4q_growth_year": null,
            "roe": 6.36,
            "roe_4q": 29.310000000000002,
            "gross_profit": 66280,
            "gross_margin": 14.69,
            "gross_margin_4q_avg": 16.14,
            "net_income": 43916,
            "revenue": 451128,
            "common_shares": 339217,
            "book_valuer_per_share": 20.99,
            "book_valuer_per_share_4q_avg": 19.05,
            "equity": 712068,
            "current_ratio": 230.53,
            "debt_ratio": 33.2,
            "inventory_turnover_ratio": 1.86,
            "account_receivable_turnover_ratio": null,
            "reinvestment_rate": null,
            "research_to_sale_ratio": null,
            "price_fair": 17.01,
            "eps_avg_yearly": 5.67,
            "eps_latest_yearly": 5.16,
            "eps_growth_yearly": -12.08
        },
        "20032": {
            "year_quarter": 20032,
            "year": 2003,
            "quarter": 2,
            "eps": 1.29,
            "eps_growth_year": 12.17,
            "eps_4q": 4.72,
            "eps_4q_growth_year": null,
            "roe": 7.41,
            "roe_4q": 28.58,
            "gross_profit": 57876,
            "gross_margin": 13.48,
            "gross_margin_4q_avg": 15.49,
            "net_income": 51021,
            "revenue": 429394,
            "common_shares": 339217,
            "book_valuer_per_share": 19.58,
            "book_valuer_per_share_4q_avg": 19.71,
            "equity": 664250,
            "current_ratio": 209.57,
            "debt_ratio": 34.8,
            "inventory_turnover_ratio": 4.99,
            "account_receivable_turnover_ratio": null,
            "reinvestment_rate": null,
            "research_to_sale_ratio": null,
            "price_fair": 16.7,
            "eps_avg_yearly": 5.57,
            "eps_latest_yearly": 5.16,
            "eps_growth_yearly": -9.67
        },
        "20033": {
            "year_quarter": 20033,
            "year": 2003,
            "quarter": 3,
            "eps": 1.31,
            "eps_growth_year": -37.62,
            "eps_4q": 4.68,
            "eps_4q_growth_year": null,
            "roe": 7.51,
            "roe_4q": 27.1,
            "gross_profit": 54787,
            "gross_margin": 11.16,
            "gross_margin_4q_avg": 14,
            "net_income": 51666,
            "revenue": 491085,
            "common_shares": 394915,
            "book_valuer_per_share": 18.03,
            "book_valuer_per_share_4q_avg": 19.58,
            "equity": 712178,
            "current_ratio": 217.7,
            "debt_ratio": 32.73,
            "inventory_turnover_ratio": 6.09,
            "account_receivable_turnover_ratio": null,
            "reinvestment_rate": null,
            "research_to_sale_ratio": null,
            "price_fair": 16.54,
            "eps_avg_yearly": 5.51,
            "eps_latest_yearly": 5.24,
            "eps_growth_yearly": -7.02
        },
        "20034": {
            "year_quarter": 20034,
            "year": 2003,
            "quarter": 4,
            "eps": 1.63,
            "eps_growth_year": 44.25,
            "eps_4q": 5.35,
            "eps_4q_growth_year": -12.28,
            "roe": 8.63,
            "roe_4q": 29.91,
            "gross_profit": 70111,
            "gross_margin": 9.98,
            "gross_margin_4q_avg": 12.33,
            "net_income": 64267,
            "revenue": 702285,
            "common_shares": 394915,
            "book_valuer_per_share": 19.69,
            "book_valuer_per_share_4q_avg": 19.57,
            "equity": 777570,
            "current_ratio": 134.24,
            "debt_ratio": 70,
            "inventory_turnover_ratio": 1.93,
            "account_receivable_turnover_ratio": null,
            "reinvestment_rate": null,
            "research_to_sale_ratio": null,
            "price_fair": 101.48,
            "eps_avg_yearly": 5.66,
            "eps_latest_yearly": 6.52,
            "eps_growth_yearly": 7.94
        },
        "20041": {
            "year_quarter": 20041,
            "year": 2004,
            "quarter": 1,
            "eps": 2.54,
            "eps_growth_year": 96.9,
            "eps_4q": 6.77,
            "eps_4q_growth_year": 28.14,
            "roe": 12.16,
            "roe_4q": 35.709999999999994,
            "gross_profit": 90151,
            "gross_margin": 12.88,
            "gross_margin_4q_avg": 11.88,
            "net_income": 100271,
            "revenue": 699666,
            "common_shares": 394915,
            "book_valuer_per_share": 22.08,
            "book_valuer_per_share_4q_avg": 19.85,
            "equity": 872125,
            "current_ratio": 270.12,
            "debt_ratio": 49.33,
            "inventory_turnover_ratio": 1.38,
            "account_receivable_turnover_ratio": null,
            "reinvestment_rate": null,
            "research_to_sale_ratio": null,
            "price_fair": 217.7,
            "eps_avg_yearly": 6.22,
            "eps_latest_yearly": 10.16,
            "eps_growth_yearly": 34.86
        },
        "20042": {
            "year_quarter": 20042,
            "year": 2004,
            "quarter": 2,
            "eps": 2.44,
            "eps_growth_year": 89.15,
            "eps_4q": 7.13,
            "eps_4q_growth_year": 50.9,
            "roe": 12.84,
            "roe_4q": 41.14,
            "gross_profit": 85119,
            "gross_margin": 10.82,
            "gross_margin_4q_avg": 11.21,
            "net_income": 112498,
            "revenue": 786488,
            "common_shares": 396009,
            "book_valuer_per_share": 22.23,
            "book_valuer_per_share_4q_avg": 20.51,
            "equity": 880268,
            "current_ratio": 186.18,
            "debt_ratio": 51.11,
            "inventory_turnover_ratio": 2.39,
            "account_receivable_turnover_ratio": null,
            "reinvestment_rate": null,
            "research_to_sale_ratio": null,
            "price_fair": 231.47,
            "eps_avg_yearly": 6.61,
            "eps_latest_yearly": 9.76,
            "eps_growth_yearly": 29.24
        },
        "20043": {
            "year_quarter": 20043,
            "year": 2004,
            "quarter": 3,
            "eps": 1.57,
            "eps_growth_year": 19.85,
            "eps_4q": 7.56,
            "eps_4q_growth_year": 61.63,
            "roe": 7.89,
            "roe_4q": 41.52,
            "gross_profit": 81440,
            "gross_margin": 9.75,
            "gross_margin_4q_avg": 10.86,
            "net_income": 72656,
            "revenue": 835573,
            "common_shares": 463526,
            "book_valuer_per_share": 20.72,
            "book_valuer_per_share_4q_avg": 21.18,
            "equity": 960368,
            "current_ratio": 199.16,
            "debt_ratio": 48.1,
            "inventory_turnover_ratio": 3.12,
            "account_receivable_turnover_ratio": null,
            "reinvestment_rate": null,
            "research_to_sale_ratio": null,
            "price_fair": 145.1,
            "eps_avg_yearly": 6.58,
            "eps_latest_yearly": 6.28,
            "eps_growth_yearly": 12.05
        },
        "20044": {
            "year_quarter": 20044,
            "year": 2004,
            "quarter": 4,
            "eps": 0.11,
            "eps_growth_year": -93.25,
            "eps_4q": 6.37,
            "eps_4q_growth_year": 19.09,
            "roe": 0.53,
            "roe_4q": 33.42,
            "gross_profit": 64146,
            "gross_margin": 7.56,
            "gross_margin_4q_avg": 10.25,
            "net_income": 5016,
            "revenue": 848750,
            "common_shares": 463526,
            "book_valuer_per_share": 19.65,
            "book_valuer_per_share_4q_avg": 21.17,
            "equity": 923990,
            "current_ratio": 184.79,
            "debt_ratio": 65.78,
            "inventory_turnover_ratio": 2.45,
            "account_receivable_turnover_ratio": null,
            "reinvestment_rate": null,
            "research_to_sale_ratio": null,
            "price_fair": 18.07,
            "eps_avg_yearly": 6.02,
            "eps_latest_yearly": 0.44,
            "eps_growth_yearly": -22.86
        },
        "20051": {
            "year_quarter": 20051,
            "year": 2005,
            "quarter": 1,
            "eps": 1.27,
            "eps_growth_year": -50,
            "eps_4q": 5.37,
            "eps_4q_growth_year": -20.71,
            "roe": 6.22,
            "roe_4q": 27.48,
            "gross_profit": 56502,
            "gross_margin": 8.43,
            "gross_margin_4q_avg": 9.14,
            "net_income": 58946,
            "revenue": 670434,
            "common_shares": 463526,
            "book_valuer_per_share": 20.93,
            "book_valuer_per_share_4q_avg": 20.88,
            "equity": 970003,
            "current_ratio": 239.82,
            "debt_ratio": 43.3,
            "inventory_turnover_ratio": 2.31,
            "account_receivable_turnover_ratio": null,
            "reinvestment_rate": null,
            "research_to_sale_ratio": null,
            "price_fair": 208.02,
            "eps_avg_yearly": 5.94,
            "eps_latest_yearly": 5.08,
            "eps_growth_yearly": 330.56
        },
        "20052": {
            "year_quarter": 20052,
            "year": 2005,
            "quarter": 2,
            "eps": 1.09,
            "eps_growth_year": -55.33,
            "eps_4q": 3.73,
            "eps_4q_growth_year": -47.65,
            "roe": 6.11,
            "roe_4q": 20.75,
            "gross_profit": 61433,
            "gross_margin": 8.21,
            "gross_margin_4q_avg": 8.49,
            "net_income": 56355,
            "revenue": 748090,
            "common_shares": 463526,
            "book_valuer_per_share": 18.89,
            "book_valuer_per_share_4q_avg": 20.05,
            "equity": 875614,
            "current_ratio": 193.83,
            "debt_ratio": 57.52,
            "inventory_turnover_ratio": 5.17,
            "account_receivable_turnover_ratio": null,
            "reinvestment_rate": null,
            "research_to_sale_ratio": null,
            "price_fair": 203.75,
            "eps_avg_yearly": 5.82,
            "eps_latest_yearly": 4.36,
            "eps_growth_yearly": 300.77
        },
        "20053": {
            "year_quarter": 20053,
            "year": 2005,
            "quarter": 3,
            "eps": 1.51,
            "eps_growth_year": -3.82,
            "eps_4q": 3.8,
            "eps_4q_growth_year": -49.65,
            "roe": 7.21,
            "roe_4q": 20.07,
            "gross_profit": 80951,
            "gross_margin": 7.55,
            "gross_margin_4q_avg": 7.94,
            "net_income": 79170,
            "revenue": 1072784,
            "common_shares": 614012,
            "book_valuer_per_share": 21.52,
            "book_valuer_per_share_4q_avg": 20.25,
            "equity": 1321594,
            "current_ratio": 170.88,
            "debt_ratio": 52,
            "inventory_turnover_ratio": 3.56,
            "account_receivable_turnover_ratio": null,
            "reinvestment_rate": null,
            "research_to_sale_ratio": null,
            "price_fair": 204.3,
            "eps_avg_yearly": 5.84,
            "eps_latest_yearly": 6.04,
            "eps_growth_yearly": 290.3
        },
        "20054": {
            "year_quarter": 20054,
            "year": 2005,
            "quarter": 4,
            "eps": 1.77,
            "eps_growth_year": 1509.09,
            "eps_4q": 5.29,
            "eps_4q_growth_year": -16.87,
            "roe": 6.97,
            "roe_4q": 26.509999999999998,
            "gross_profit": 120990,
            "gross_margin": 7.12,
            "gross_margin_4q_avg": 7.83,
            "net_income": 97659,
            "revenue": 1698273,
            "common_shares": 635367,
            "book_valuer_per_share": 23.29,
            "book_valuer_per_share_4q_avg": 21.16,
            "equity": 1481262,
            "current_ratio": 182.23,
            "debt_ratio": 63.65,
            "inventory_turnover_ratio": 3.27,
            "account_receivable_turnover_ratio": null,
            "reinvestment_rate": -2.58,
            "research_to_sale_ratio": null,
            "price_fair": 207.2,
            "eps_avg_yearly": 5.92,
            "eps_latest_yearly": 7.08,
            "eps_growth_yearly": 275.54
        },
        "20061": {
            "year_quarter": 20061,
            "year": 2006,
            "quarter": 1,
            "eps": 1.07,
            "eps_growth_year": -15.75,
            "eps_4q": 4.7,
            "eps_4q_growth_year": -12.44,
            "roe": 4.46,
            "roe_4q": 24.75,
            "gross_profit": 81110,
            "gross_margin": 6.88,
            "gross_margin_4q_avg": 7.44,
            "net_income": 68744,
            "revenue": 1178305,
            "common_shares": 645855,
            "book_valuer_per_share": 24.84,
            "book_valuer_per_share_4q_avg": 22.14,
            "equity": 1604181,
            "current_ratio": 200.9,
            "debt_ratio": 30.78,
            "inventory_turnover_ratio": 2.7,
            "account_receivable_turnover_ratio": null,
            "reinvestment_rate": -3.62,
            "research_to_sale_ratio": null,
            "price_fair": 203.61,
            "eps_avg_yearly": 5.82,
            "eps_latest_yearly": 4.28,
            "eps_growth_yearly": 248.43
        },
        "20062": {
            "year_quarter": 20062,
            "year": 2006,
            "quarter": 2,
            "eps": 0.8,
            "eps_growth_year": -26.61,
            "eps_4q": 4.39,
            "eps_4q_growth_year": 17.61,
            "roe": 3.58,
            "roe_4q": 22.22,
            "gross_profit": 75516,
            "gross_margin": 7.62,
            "gross_margin_4q_avg": 7.29,
            "net_income": 54730,
            "revenue": 990651,
            "common_shares": 645855,
            "book_valuer_per_share": 22.53,
            "book_valuer_per_share_4q_avg": 23.05,
            "equity": 1454834,
            "current_ratio": 179.36,
            "debt_ratio": 40.8,
            "inventory_turnover_ratio": 4.99,
            "account_receivable_turnover_ratio": null,
            "reinvestment_rate": -3.67,
            "research_to_sale_ratio": null,
            "price_fair": 200.55,
            "eps_avg_yearly": 5.73,
            "eps_latest_yearly": 3.2,
            "eps_growth_yearly": 257.78
        },
        "20063": {
            "year_quarter": 20063,
            "year": 2006,
            "quarter": 3,
            "eps": 1.03,
            "eps_growth_year": -31.79,
            "eps_4q": 4.26,
            "eps_4q_growth_year": 11.98,
            "roe": 4.68,
            "roe_4q": 19.689999999999998,
            "gross_profit": 82482,
            "gross_margin": 6.77,
            "gross_margin_4q_avg": 7.1,
            "net_income": 70505,
            "revenue": 1218639,
            "common_shares": 686792,
            "book_valuer_per_share": 22.71,
            "book_valuer_per_share_4q_avg": 23.34,
            "equity": 1559670,
            "current_ratio": 237.87,
            "debt_ratio": 37.99,
            "inventory_turnover_ratio": 8.3,
            "account_receivable_turnover_ratio": null,
            "reinvestment_rate": -3.53,
            "research_to_sale_ratio": null,
            "price_fair": 191.19,
            "eps_avg_yearly": 5.46,
            "eps_latest_yearly": 4.12,
            "eps_growth_yearly": 244.32
        },
        "20064": {
            "year_quarter": 20064,
            "year": 2006,
            "quarter": 4,
            "eps": 1.04,
            "eps_growth_year": -41.24,
            "eps_4q": 3.87,
            "eps_4q_growth_year": -26.9,
            "roe": 4.46,
            "roe_4q": 17.18,
            "gross_profit": 82968,
            "gross_margin": 6.32,
            "gross_margin_4q_avg": 6.9,
            "net_income": 71270,
            "revenue": 1312804,
            "common_shares": 687300,
            "book_valuer_per_share": 23.79,
            "book_valuer_per_share_4q_avg": 23.47,
            "equity": 1635206,
            "current_ratio": 171.05,
            "debt_ratio": 57.87,
            "inventory_turnover_ratio": 3.51,
            "account_receivable_turnover_ratio": null,
            "reinvestment_rate": -3.2,
            "research_to_sale_ratio": null,
            "price_fair": 190.4,
            "eps_avg_yearly": 5.44,
            "eps_latest_yearly": 4.16,
            "eps_growth_yearly": 256.11
        },
        "20071": {
            "year_quarter": 20071,
            "year": 2007,
            "quarter": 1,
            "eps": 1.1,
            "eps_growth_year": 2.8,
            "eps_4q": 3.96,
            "eps_4q_growth_year": -15.66,
            "roe": 4.48,
            "roe_4q": 17.200000000000003,
            "gross_profit": 74662,
            "gross_margin": 7.83,
            "gross_margin_4q_avg": 7.14,
            "net_income": 75484,
            "revenue": 954066,
            "common_shares": 687604,
            "book_valuer_per_share": 25.26,
            "book_valuer_per_share_4q_avg": 23.57,
            "equity": 1736574,
            "current_ratio": 484.19,
            "debt_ratio": 26.45,
            "inventory_turnover_ratio": 2.65,
            "account_receivable_turnover_ratio": null,
            "reinvestment_rate": -3.42,
            "research_to_sale_ratio": null,
            "price_fair": 188.74,
            "eps_avg_yearly": 5.39,
            "eps_latest_yearly": 4.4,
            "eps_growth_yearly": 254.01
        },
        "20072": {
            "year_quarter": 20072,
            "year": 2007,
            "quarter": 2,
            "eps": 1.27,
            "eps_growth_year": 58.75,
            "eps_4q": 4.12,
            "eps_4q_growth_year": -6.04,
            "roe": 5.48,
            "roe_4q": 19.1,
            "gross_profit": 88922,
            "gross_margin": 7.26,
            "gross_margin_4q_avg": 7.05,
            "net_income": 96661,
            "revenue": 1224988,
            "common_shares": 688122,
            "book_valuer_per_share": 26.02,
            "book_valuer_per_share_4q_avg": 24.45,
            "equity": 1790351,
            "current_ratio": 169.21,
            "debt_ratio": 38.87,
            "inventory_turnover_ratio": 9.19,
            "account_receivable_turnover_ratio": null,
            "reinvestment_rate": -3.45,
            "research_to_sale_ratio": null,
            "price_fair": 188.56,
            "eps_avg_yearly": 5.39,
            "eps_latest_yearly": 5.08,
            "eps_growth_yearly": 257.88
        },
        "20073": {
            "year_quarter": 20073,
            "year": 2007,
            "quarter": 3,
            "eps": 1.37,
            "eps_growth_year": 33.01,
            "eps_4q": 4.47,
            "eps_4q_growth_year": 4.92,
            "roe": 5.24,
            "roe_4q": 19.66,
            "gross_profit": 122529,
            "gross_margin": 7.71,
            "gross_margin_4q_avg": 7.28,
            "net_income": 107573,
            "revenue": 1589852,
            "common_shares": 839909,
            "book_valuer_per_share": 27.55,
            "book_valuer_per_share_4q_avg": 25.66,
            "equity": 2313753,
            "current_ratio": 163.24,
            "debt_ratio": 35.09,
            "inventory_turnover_ratio": 9.84,
            "account_receivable_turnover_ratio": null,
            "reinvestment_rate": -1.04,
            "research_to_sale_ratio": null,
            "price_fair": 189.09,
            "eps_avg_yearly": 5.4,
            "eps_latest_yearly": 5.48,
            "eps_growth_yearly": 259.46
        },
        "20074": {
            "year_quarter": 20074,
            "year": 2007,
            "quarter": 4,
            "eps": 0.63,
            "eps_growth_year": -39.42,
            "eps_4q": 4.09,
            "eps_4q_growth_year": 5.58,
            "roe": 2.19,
            "roe_4q": 17.39,
            "gross_profit": 97860,
            "gross_margin": 6.58,
            "gross_margin_4q_avg": 7.35,
            "net_income": 50984,
            "revenue": 1487639,
            "common_shares": 863394,
            "book_valuer_per_share": 27.2,
            "book_valuer_per_share_4q_avg": 26.51,
            "equity": 2348447,
            "current_ratio": 192.76,
            "debt_ratio": 46.07,
            "inventory_turnover_ratio": 3.67,
            "account_receivable_turnover_ratio": null,
            "reinvestment_rate": -0.64,
            "research_to_sale_ratio": null,
            "price_fair": 180.34,
            "eps_avg_yearly": 5.15,
            "eps_latest_yearly": 2.52,
            "eps_growth_yearly": 239.85
        },
        "20081": {
            "year_quarter": 20081,
            "year": 2008,
            "quarter": 1,
            "eps": 0.57,
            "eps_growth_year": -48.18,
            "eps_4q": 3.49,
            "eps_4q_growth_year": -11.87,
            "roe": 2.11,
            "roe_4q": 15.02,
            "gross_profit": 138944,
            "gross_margin": 7.36,
            "gross_margin_4q_avg": 7.23,
            "net_income": 49767,
            "revenue": 1887077,
            "common_shares": 879544,
            "book_valuer_per_share": 26.99,
            "book_valuer_per_share_4q_avg": 26.94,
            "equity": 2373597,
            "current_ratio": 266.17,
            "debt_ratio": 31.85,
            "inventory_turnover_ratio": 3.15,
            "account_receivable_turnover_ratio": null,
            "reinvestment_rate": -0.28,
            "research_to_sale_ratio": null,
            "price_fair": 163.1,
            "eps_avg_yearly": 4.66,
            "eps_latest_yearly": 2.28,
            "eps_growth_yearly": 223.51
        },
        "20082": {
            "year_quarter": 20082,
            "year": 2008,
            "quarter": 2,
            "eps": 0.58,
            "eps_growth_year": -54.33,
            "eps_4q": 2.95,
            "eps_4q_growth_year": -28.46,
            "roe": 2.26,
            "roe_4q": 11.799999999999999,
            "gross_profit": 155518,
            "gross_margin": 8.23,
            "gross_margin_4q_avg": 7.47,
            "net_income": 50971,
            "revenue": 1890580,
            "common_shares": 879806,
            "book_valuer_per_share": 24.4,
            "book_valuer_per_share_4q_avg": 26.54,
            "equity": 2147008,
            "current_ratio": 210.11,
            "debt_ratio": 42.81,
            "inventory_turnover_ratio": 3.65,
            "account_receivable_turnover_ratio": null,
            "reinvestment_rate": -0.01,
            "research_to_sale_ratio": null,
            "price_fair": 146.83,
            "eps_avg_yearly": 4.2,
            "eps_latest_yearly": 2.32,
            "eps_growth_yearly": 224.93
        },
        "20083": {
            "year_quarter": 20083,
            "year": 2008,
            "quarter": 3,
            "eps": 0.89,
            "eps_growth_year": -35.04,
            "eps_4q": 2.54,
            "eps_4q_growth_year": -43.21,
            "roe": 3.84,
            "roe_4q": 10.399999999999999,
            "gross_profit": 196392,
            "gross_margin": 8.58,
            "gross_margin_4q_avg": 7.69,
            "net_income": 81921,
            "revenue": 2288544,
            "common_shares": 929593,
            "book_valuer_per_share": 22.79,
            "book_valuer_per_share_4q_avg": 25.35,
            "equity": 2118265,
            "current_ratio": 206.51,
            "debt_ratio": 44.7,
            "inventory_turnover_ratio": 4.56,
            "account_receivable_turnover_ratio": null,
            "reinvestment_rate": 0,
            "research_to_sale_ratio": null,
            "price_fair": 140.88,
            "eps_avg_yearly": 4.03,
            "eps_latest_yearly": 3.56,
            "eps_growth_yearly": 247.21
        },
        "20084": {
            "year_quarter": 20084,
            "year": 2008,
            "quarter": 4,
            "eps": 0.21,
            "eps_growth_year": -66.67,
            "eps_4q": 2.23,
            "eps_4q_growth_year": -45.33,
            "roe": 0.89,
            "roe_4q": 9.1,
            "gross_profit": 115028,
            "gross_margin": 9.9,
            "gross_margin_4q_avg": 8.52,
            "net_income": 18953,
            "revenue": 1162187,
            "common_shares": 883833,
            "book_valuer_per_share": 24.38,
            "book_valuer_per_share_4q_avg": 24.64,
            "equity": 2155199,
            "current_ratio": 398.14,
            "debt_ratio": 23.27,
            "inventory_turnover_ratio": 2.69,
            "account_receivable_turnover_ratio": 3.39,
            "reinvestment_rate": -0.62,
            "research_to_sale_ratio": null,
            "price_fair": 141.75,
            "eps_avg_yearly": 4.05,
            "eps_latest_yearly": 0.84,
            "eps_growth_yearly": 251.35
        },
        "20091": {
            "year_quarter": 20091,
            "year": 2009,
            "quarter": 1,
            "eps": 0.32,
            "eps_growth_year": -43.86,
            "eps_4q": 2.07,
            "eps_4q_growth_year": -40.65,
            "roe": 1.23,
            "roe_4q": 8.219999999999999,
            "gross_profit": 98758,
            "gross_margin": 8.46,
            "gross_margin_4q_avg": 8.79,
            "net_income": 27716,
            "revenue": 1166991,
            "common_shares": 875701,
            "book_valuer_per_share": 26.93,
            "book_valuer_per_share_4q_avg": 24.63,
            "equity": 2358337,
            "current_ratio": 340.68,
            "debt_ratio": 25.98,
            "inventory_turnover_ratio": 4,
            "account_receivable_turnover_ratio": 1.58,
            "reinvestment_rate": -0.24,
            "research_to_sale_ratio": null,
            "price_fair": 38.13,
            "eps_avg_yearly": 3.81,
            "eps_latest_yearly": 1.28,
            "eps_growth_yearly": 0.81
        },
        "20092": {
            "year_quarter": 20092,
            "year": 2009,
            "quarter": 2,
            "eps": 0.5,
            "eps_growth_year": -13.79,
            "eps_4q": 1.95,
            "eps_4q_growth_year": -33.79,
            "roe": 1.83,
            "roe_4q": 7.79,
            "gross_profit": 127175,
            "gross_margin": 9.13,
            "gross_margin_4q_avg": 9.02,
            "net_income": 44236,
            "revenue": 1392321,
            "common_shares": 876061,
            "book_valuer_per_share": 28.16,
            "book_valuer_per_share_4q_avg": 25.57,
            "equity": 2466989,
            "current_ratio": 224.77,
            "debt_ratio": 35.06,
            "inventory_turnover_ratio": 4.75,
            "account_receivable_turnover_ratio": 1.66,
            "reinvestment_rate": -0.31,
            "research_to_sale_ratio": null,
            "price_fair": 104.16,
            "eps_avg_yearly": 3.67,
            "eps_latest_yearly": 2,
            "eps_growth_yearly": 18.42
        },
        "20093": {
            "year_quarter": 20093,
            "year": 2009,
            "quarter": 3,
            "eps": 0.57,
            "eps_growth_year": -35.96,
            "eps_4q": 1.87,
            "eps_4q_growth_year": -26.32,
            "roe": 1.78,
            "roe_4q": 5.7299999999999995,
            "gross_profit": 136520,
            "gross_margin": 8.47,
            "gross_margin_4q_avg": 8.99,
            "net_income": 42494,
            "revenue": 1612655,
            "common_shares": 744706,
            "book_valuer_per_share": 30.6,
            "book_valuer_per_share_4q_avg": 27.52,
            "equity": 2296491,
            "current_ratio": 218.11,
            "debt_ratio": 37.22,
            "inventory_turnover_ratio": 4.83,
            "account_receivable_turnover_ratio": 1.76,
            "reinvestment_rate": 0.14,
            "research_to_sale_ratio": null,
            "price_fair": 76.44,
            "eps_avg_yearly": 3.43,
            "eps_latest_yearly": 2.28,
            "eps_growth_yearly": 12.29
        },
        "20094": {
            "year_quarter": 20094,
            "year": 2009,
            "quarter": 4,
            "eps": 0.46,
            "eps_growth_year": 119.05,
            "eps_4q": 2.12,
            "eps_4q_growth_year": -5,
            "roe": 1.49,
            "roe_4q": 6.33,
            "gross_profit": 122960,
            "gross_margin": 7.99,
            "gross_margin_4q_avg": 8.51,
            "net_income": 34737,
            "revenue": 1538521,
            "common_shares": 744706,
            "book_valuer_per_share": 31.36,
            "book_valuer_per_share_4q_avg": 29.26,
            "equity": 2350865,
            "current_ratio": 237.32,
            "debt_ratio": 33.84,
            "inventory_turnover_ratio": 4.28,
            "account_receivable_turnover_ratio": 3.46,
            "reinvestment_rate": 157.83,
            "research_to_sale_ratio": null,
            "price_fair": 40.82,
            "eps_avg_yearly": 3.1,
            "eps_latest_yearly": 1.84,
            "eps_growth_yearly": 3.16
        },
        "20101": {
            "year_quarter": 20101,
            "year": 2010,
            "quarter": 1,
            "eps": 0.4,
            "eps_growth_year": 25,
            "eps_4q": 2.14,
            "eps_4q_growth_year": 3.34,
            "roe": 1.12,
            "roe_4q": 6.220000000000001,
            "gross_profit": 110508,
            "gross_margin": 7,
            "gross_margin_4q_avg": 8.15,
            "net_income": 25929,
            "revenue": 1579362,
            "common_shares": 746881,
            "book_valuer_per_share": 30.57,
            "book_valuer_per_share_4q_avg": 30.17,
            "equity": 2295167,
            "current_ratio": 247.17,
            "debt_ratio": 33.19,
            "inventory_turnover_ratio": 3.92,
            "account_receivable_turnover_ratio": 1.73,
            "reinvestment_rate": 56.12,
            "research_to_sale_ratio": 0.53,
            "price_fair": 58.06,
            "eps_avg_yearly": 2.94,
            "eps_latest_yearly": 1.6,
            "eps_growth_yearly": 9.78
        },
        "20102": {
            "year_quarter": 20102,
            "year": 2010,
            "quarter": 2,
            "eps": 0.78,
            "eps_growth_year": 55.81,
            "eps_4q": 2.32,
            "eps_4q_growth_year": 18.74,
            "roe": 2.59,
            "roe_4q": 6.98,
            "gross_profit": 131012,
            "gross_margin": 8.52,
            "gross_margin_4q_avg": 8,
            "net_income": 57315,
            "revenue": 1538239,
            "common_shares": 751518,
            "book_valuer_per_share": 28.14,
            "book_valuer_per_share_4q_avg": 30.17,
            "equity": 2125246,
            "current_ratio": 220.81,
            "debt_ratio": 38.59,
            "inventory_turnover_ratio": 3.61,
            "account_receivable_turnover_ratio": 1.7,
            "reinvestment_rate": 44.32,
            "research_to_sale_ratio": 0.59,
            "price_fair": 102.55,
            "eps_avg_yearly": 2.93,
            "eps_latest_yearly": 3.12,
            "eps_growth_yearly": 39.84
        },
        "20103": {
            "year_quarter": 20103,
            "year": 2010,
            "quarter": 3,
            "eps": 0.65,
            "eps_growth_year": 13.39,
            "eps_4q": 2.32,
            "eps_4q_growth_year": 24.06,
            "roe": 2.22,
            "roe_4q": 7.420000000000001,
            "gross_profit": 130820,
            "gross_margin": 9.8,
            "gross_margin_4q_avg": 8.33,
            "net_income": 47161,
            "revenue": 1334458,
            "common_shares": 751518,
            "book_valuer_per_share": 28.03,
            "book_valuer_per_share_4q_avg": 29.53,
            "equity": 2115708,
            "current_ratio": 227.85,
            "debt_ratio": 33.02,
            "inventory_turnover_ratio": 2.66,
            "account_receivable_turnover_ratio": 1.58,
            "reinvestment_rate": 144.84,
            "research_to_sale_ratio": 0.87,
            "price_fair": 99.23,
            "eps_avg_yearly": 2.84,
            "eps_latest_yearly": 2.6,
            "eps_growth_yearly": 28.49
        },
        "20104": {
            "year_quarter": 20104,
            "year": 2010,
            "quarter": 4,
            "eps": 0.63,
            "eps_growth_year": 38.01,
            "eps_4q": 2.46,
            "eps_4q_growth_year": 15.69,
            "roe": 2.14,
            "roe_4q": 8.07,
            "gross_profit": 80720,
            "gross_margin": 6.58,
            "gross_margin_4q_avg": 7.98,
            "net_income": 46317,
            "revenue": 1227489,
            "common_shares": 751518,
            "book_valuer_per_share": 29.47,
            "book_valuer_per_share_4q_avg": 29.05,
            "equity": 2221598,
            "current_ratio": 223.72,
            "debt_ratio": 32.26,
            "inventory_turnover_ratio": 1.89,
            "account_receivable_turnover_ratio": 1.61,
            "reinvestment_rate": 142.53,
            "research_to_sale_ratio": 0.14,
            "price_fair": 95.64,
            "eps_avg_yearly": 2.73,
            "eps_latest_yearly": 2.52,
            "eps_growth_yearly": 27.48
        },
        "20111": {
            "year_quarter": 20111,
            "year": 2011,
            "quarter": 1,
            "eps": 0.3,
            "eps_growth_year": -25,
            "eps_4q": 2.36,
            "eps_4q_growth_year": 10.18,
            "roe": 0.88,
            "roe_4q": 7.83,
            "gross_profit": 96123,
            "gross_margin": 9.65,
            "gross_margin_4q_avg": 8.64,
            "net_income": 20895,
            "revenue": 996303,
            "common_shares": 751518,
            "book_valuer_per_share": 33.45,
            "book_valuer_per_share_4q_avg": 29.77,
            "equity": 2518899,
            "current_ratio": 281.25,
            "debt_ratio": 22.87,
            "inventory_turnover_ratio": 1.11,
            "account_receivable_turnover_ratio": 1.51,
            "reinvestment_rate": 185.21,
            "research_to_sale_ratio": 1.39,
            "price_fair": 58.09,
            "eps_avg_yearly": 2.53,
            "eps_latest_yearly": 1.2,
            "eps_growth_yearly": 12.94
        },
        "20112": {
            "year_quarter": 20112,
            "year": 2011,
            "quarter": 2,
            "eps": 0.08,
            "eps_growth_year": -90.2,
            "eps_4q": 1.66,
            "eps_4q_growth_year": -28.53,
            "roe": 0.21,
            "roe_4q": 5.450000000000001,
            "gross_profit": 87371,
            "gross_margin": 9.3,
            "gross_margin_4q_avg": 8.83,
            "net_income": 5043,
            "revenue": 939443,
            "common_shares": 751518,
            "book_valuer_per_share": 30.65,
            "book_valuer_per_share_4q_avg": 30.4,
            "equity": 2307696,
            "current_ratio": 243.48,
            "debt_ratio": 26.52,
            "inventory_turnover_ratio": 0.96,
            "account_receivable_turnover_ratio": 1.62,
            "reinvestment_rate": 198.71,
            "research_to_sale_ratio": 0.04,
            "price_fair": 6.71,
            "eps_avg_yearly": 2.24,
            "eps_latest_yearly": 0.32,
            "eps_growth_yearly": -9.26
        },
        "20113": {
            "year_quarter": 20113,
            "year": 2011,
            "quarter": 3,
            "eps": 0.21,
            "eps_growth_year": -66.79,
            "eps_4q": 1.23,
            "eps_4q_growth_year": -47.15,
            "roe": 0.69,
            "roe_4q": 3.92,
            "gross_profit": 77649,
            "gross_margin": 8.41,
            "gross_margin_4q_avg": 8.49,
            "net_income": 15673,
            "revenue": 922886,
            "common_shares": 751518,
            "book_valuer_per_share": 29.62,
            "book_valuer_per_share_4q_avg": 30.8,
            "equity": 2230589,
            "current_ratio": 282.99,
            "debt_ratio": 23.56,
            "inventory_turnover_ratio": 1,
            "account_receivable_turnover_ratio": 1.66,
            "reinvestment_rate": 213.45,
            "research_to_sale_ratio": 1.1,
            "price_fair": 68.08,
            "eps_avg_yearly": 1.95,
            "eps_latest_yearly": 0.84,
            "eps_growth_yearly": 29.4
        },
        "20114": {
            "year_quarter": 20114,
            "year": 2011,
            "quarter": 4,
            "eps": 0.01,
            "eps_growth_year": -98.43,
            "eps_4q": 0.6,
            "eps_4q_growth_year": -75.51,
            "roe": 0.01,
            "roe_4q": 1.79,
            "gross_profit": 76500,
            "gross_margin": 8.74,
            "gross_margin_4q_avg": 9.03,
            "net_income": 212,
            "revenue": 875520,
            "common_shares": 751518,
            "book_valuer_per_share": 30.47,
            "book_valuer_per_share_4q_avg": 31.05,
            "equity": 2293898,
            "current_ratio": 332.91,
            "debt_ratio": 19.17,
            "inventory_turnover_ratio": 1.09,
            "account_receivable_turnover_ratio": 1.61,
            "reinvestment_rate": 241.59,
            "research_to_sale_ratio": 0.2,
            "price_fair": 52.07,
            "eps_avg_yearly": 1.79,
            "eps_latest_yearly": 0.04,
            "eps_growth_yearly": 19.09
        },
        "20121": {
            "year_quarter": 20121,
            "year": 2012,
            "quarter": 1,
            "eps": -0.36,
            "eps_growth_year": -220,
            "eps_4q": -0.06,
            "eps_4q_growth_year": -102.53,
            "roe": -1.22,
            "roe_4q": -0.31000000000000005,
            "gross_profit": 43874,
            "gross_margin": 5.65,
            "gross_margin_4q_avg": 8.03,
            "net_income": -27820,
            "revenue": 777022,
            "common_shares": 751518,
            "book_valuer_per_share": 30.1,
            "book_valuer_per_share_4q_avg": 30.21,
            "equity": 2264950,
            "current_ratio": 318.63,
            "debt_ratio": 19.81,
            "inventory_turnover_ratio": 1.23,
            "account_receivable_turnover_ratio": 1.57,
            "reinvestment_rate": 277.77,
            "research_to_sale_ratio": 0.8,
            "price_fair": 57.82,
            "eps_avg_yearly": 1.76,
            "eps_latest_yearly": 0.04,
            "eps_growth_yearly": 22.9
        },
        "20122": {
            "year_quarter": 20122,
            "year": 2012,
            "quarter": 2,
            "eps": -4.24,
            "eps_growth_year": -5647.65,
            "eps_4q": -4.37,
            "eps_4q_growth_year": -363.74,
            "roe": -15.78,
            "roe_4q": -16.299999999999997,
            "gross_profit": -5019,
            "gross_margin": -0.65,
            "gross_margin_4q_avg": 5.54,
            "net_income": -321336,
            "revenue": 773690,
            "common_shares": 751518,
            "book_valuer_per_share": 24.04,
            "book_valuer_per_share_4q_avg": 28.56,
            "equity": 1806680,
            "current_ratio": 280.45,
            "debt_ratio": 24.82,
            "inventory_turnover_ratio": 1.55,
            "account_receivable_turnover_ratio": 1.64,
            "reinvestment_rate": 934.75,
            "research_to_sale_ratio": 0.89,
            "price_fair": 58.45,
            "eps_avg_yearly": 1.72,
            "eps_latest_yearly": 0.04,
            "eps_growth_yearly": 24.04
        },
        "20123": {
            "year_quarter": 20123,
            "year": 2012,
            "quarter": 3,
            "eps": 0.32,
            "eps_growth_year": 49.28,
            "eps_4q": -4.36,
            "eps_4q_growth_year": -455.39,
            "roe": 1.33,
            "roe_4q": -15.66,
            "gross_profit": 54641,
            "gross_margin": 8.36,
            "gross_margin_4q_avg": 5.53,
            "net_income": 23610,
            "revenue": 653598,
            "common_shares": 751518,
            "book_valuer_per_share": 23.49,
            "book_valuer_per_share_4q_avg": 27.03,
            "equity": 1731194,
            "current_ratio": 361.12,
            "debt_ratio": 19.19,
            "inventory_turnover_ratio": 1.34,
            "account_receivable_turnover_ratio": 1.57,
            "reinvestment_rate": 1472.54,
            "research_to_sale_ratio": 0.78,
            "price_fair": 30.63,
            "eps_avg_yearly": 1.58,
            "eps_latest_yearly": 0.04,
            "eps_growth_yearly": 9.44
        },
        "20124": {
            "year_quarter": 20124,
            "year": 2012,
            "quarter": 4,
            "eps": -0.56,
            "eps_growth_year": -5757.39,
            "eps_4q": -4.93,
            "eps_4q_growth_year": -920.2,
            "roe": -2.58,
            "roe_4q": -18.25,
            "gross_profit": 47443,
            "gross_margin": 9.1,
            "gross_margin_4q_avg": 5.62,
            "net_income": -41548,
            "revenue": 521438,
            "common_shares": 736908,
            "book_valuer_per_share": 20.21,
            "book_valuer_per_share_4q_avg": 24.46,
            "equity": 1489609,
            "current_ratio": 409.8,
            "debt_ratio": 18.37,
            "inventory_turnover_ratio": 1.17,
            "account_receivable_turnover_ratio": 1.55,
            "reinvestment_rate": 4237.06,
            "research_to_sale_ratio": 4.26,
            "price_fair": 57.28,
            "eps_avg_yearly": 1.64,
            "eps_latest_yearly": 0.04,
            "eps_growth_yearly": 35.7
        },
        "20131": {
            "year_quarter": 20131,
            "year": 2013,
            "quarter": 1,
            "eps": 0.01,
            "eps_growth_year": null,
            "eps_4q": -4.55,
            "eps_4q_growth_year": null,
            "roe": 0.06,
            "roe_4q": -16.97,
            "gross_profit": 57698,
            "gross_margin": 11.67,
            "gross_margin_4q_avg": 7.12,
            "net_income": 809,
            "revenue": 494297,
            "common_shares": 736908,
            "book_valuer_per_share": 19.71,
            "book_valuer_per_share_4q_avg": 21.86,
            "equity": 1452222,
            "current_ratio": 417.63,
            "debt_ratio": 19.27,
            "inventory_turnover_ratio": 1.12,
            "account_receivable_turnover_ratio": 1.54,
            "reinvestment_rate": null,
            "research_to_sale_ratio": 2.44,
            "price_fair": 49.9,
            "eps_avg_yearly": 1.67,
            "eps_latest_yearly": 0.04,
            "eps_growth_yearly": 19.9
        },
        "20132": {
            "year_quarter": 20132,
            "year": 2013,
            "quarter": 2,
            "eps": 0.04,
            "eps_growth_year": null,
            "eps_4q": -0.2,
            "eps_4q_growth_year": null,
            "roe": 0.19,
            "roe_4q": -1,
            "gross_profit": 59303,
            "gross_margin": 10.02,
            "gross_margin_4q_avg": 9.79,
            "net_income": 2715,
            "revenue": 592076,
            "common_shares": 736908,
            "book_valuer_per_share": 18.17,
            "book_valuer_per_share_4q_avg": 20.4,
            "equity": 1338903,
            "current_ratio": 314.84,
            "debt_ratio": 26.57,
            "inventory_turnover_ratio": 1.21,
            "account_receivable_turnover_ratio": 1.65,
            "reinvestment_rate": null,
            "research_to_sale_ratio": 2.02,
            "price_fair": 52.56,
            "eps_avg_yearly": 1.5,
            "eps_latest_yearly": 0.16,
            "eps_growth_yearly": 108.53
        },
        "20133": {
            "year_quarter": 20133,
            "year": 2013,
            "quarter": 3,
            "eps": 0.08,
            "eps_growth_year": -75.03,
            "eps_4q": -0.43,
            "eps_4q_growth_year": null,
            "roe": 0.45,
            "roe_4q": -1.8800000000000001,
            "gross_profit": 53332,
            "gross_margin": 9.95,
            "gross_margin_4q_avg": 10.19,
            "net_income": 5997,
            "revenue": 536042,
            "common_shares": 736908,
            "book_valuer_per_share": 17.98,
            "book_valuer_per_share_4q_avg": 19.02,
            "equity": 1325144,
            "current_ratio": 351.85,
            "debt_ratio": 23.84,
            "inventory_turnover_ratio": 1.02,
            "account_receivable_turnover_ratio": 1.45,
            "reinvestment_rate": null,
            "research_to_sale_ratio": 2.52,
            "price_fair": 46.33,
            "eps_avg_yearly": 1.32,
            "eps_latest_yearly": 0.32,
            "eps_growth_yearly": 139.8
        },
        "20134": {
            "year_quarter": 20134,
            "year": 2013,
            "quarter": 4,
            "eps": 0.05,
            "eps_growth_year": null,
            "eps_4q": 0.18,
            "eps_4q_growth_year": null,
            "roe": 0.28,
            "roe_4q": 0.98,
            "gross_profit": 55507,
            "gross_margin": 10.34,
            "gross_margin_4q_avg": 10.5,
            "net_income": 3734,
            "revenue": 536841,
            "common_shares": 736908,
            "book_valuer_per_share": 17.92,
            "book_valuer_per_share_4q_avg": 18.45,
            "equity": 1320230,
            "current_ratio": 333.91,
            "debt_ratio": 25.29,
            "inventory_turnover_ratio": 1.05,
            "account_receivable_turnover_ratio": 1.6,
            "reinvestment_rate": null,
            "research_to_sale_ratio": 2.42,
            "price_fair": 41.11,
            "eps_avg_yearly": 1.17,
            "eps_latest_yearly": 0.2,
            "eps_growth_yearly": 133.19
        },
        "20141": {
            "year_quarter": 20141,
            "year": 2014,
            "quarter": 1,
            "eps": 0.17,
            "eps_growth_year": 1600,
            "eps_4q": 0.34,
            "eps_4q_growth_year": null,
            "roe": 0.95,
            "roe_4q": 1.8699999999999999,
            "gross_profit": 66828,
            "gross_margin": 12.42,
            "gross_margin_4q_avg": 10.68,
            "net_income": 12765,
            "revenue": 537917,
            "common_shares": 736908,
            "book_valuer_per_share": 18.6,
            "book_valuer_per_share_4q_avg": 18.17,
            "equity": 1370962,
            "current_ratio": 366.17,
            "debt_ratio": 22.89,
            "inventory_turnover_ratio": 1.13,
            "account_receivable_turnover_ratio": 1.6,
            "reinvestment_rate": null,
            "research_to_sale_ratio": 1.6,
            "price_fair": 38.18,
            "eps_avg_yearly": 1.09,
            "eps_latest_yearly": 0.68,
            "eps_growth_yearly": 225.2
        },
        "20142": {
            "year_quarter": 20142,
            "year": 2014,
            "quarter": 2,
            "eps": 0.15,
            "eps_growth_year": 275,
            "eps_4q": 0.46,
            "eps_4q_growth_year": null,
            "roe": 0.83,
            "roe_4q": 2.51,
            "gross_profit": 62556,
            "gross_margin": 10.35,
            "gross_margin_4q_avg": 10.77,
            "net_income": 11250,
            "revenue": 604157,
            "common_shares": 736908,
            "book_valuer_per_share": 18.34,
            "book_valuer_per_share_4q_avg": 18.21,
            "equity": 1351428,
            "current_ratio": 308.51,
            "debt_ratio": 26.79,
            "inventory_turnover_ratio": 1.43,
            "account_receivable_turnover_ratio": 1.66,
            "reinvestment_rate": null,
            "research_to_sale_ratio": 1.45,
            "price_fair": 30.16,
            "eps_avg_yearly": 0.86,
            "eps_latest_yearly": 0.6,
            "eps_growth_yearly": 186.38
        },
        "20143": {
            "year_quarter": 20143,
            "year": 2014,
            "quarter": 3,
            "eps": 0.17,
            "eps_growth_year": 112.5,
            "eps_4q": 0.55,
            "eps_4q_growth_year": null,
            "roe": 0.93,
            "roe_4q": 2.99,
            "gross_profit": 62894,
            "gross_margin": 10.75,
            "gross_margin_4q_avg": 10.97,
            "net_income": 12737,
            "revenue": 584808,
            "common_shares": 736908,
            "book_valuer_per_share": 18.64,
            "book_valuer_per_share_4q_avg": 18.38,
            "equity": 1373925,
            "current_ratio": 322.9,
            "debt_ratio": 25.71,
            "inventory_turnover_ratio": 1.31,
            "account_receivable_turnover_ratio": 1.56,
            "reinvestment_rate": null,
            "research_to_sale_ratio": 1.59,
            "price_fair": 24.05,
            "eps_avg_yearly": 0.69,
            "eps_latest_yearly": 0.68,
            "eps_growth_yearly": 197.29
        },
        "20144": {
            "year_quarter": 20144,
            "year": 2014,
            "quarter": 4,
            "eps": 0.12,
            "eps_growth_year": 134.58,
            "eps_4q": 0.62,
            "eps_4q_growth_year": 243.35,
            "roe": 0.64,
            "roe_4q": 3.3499999999999996,
            "gross_profit": 65464,
            "gross_margin": 10.45,
            "gross_margin_4q_avg": 10.99,
            "net_income": 8759,
            "revenue": 626645,
            "common_shares": 736908,
            "book_valuer_per_share": 18.73,
            "book_valuer_per_share_4q_avg": 18.58,
            "equity": 1379977,
            "current_ratio": 321.69,
            "debt_ratio": 26.43,
            "inventory_turnover_ratio": 1.31,
            "account_receivable_turnover_ratio": 1.7,
            "reinvestment_rate": null,
            "research_to_sale_ratio": 1.75,
            "price_fair": 17.56,
            "eps_avg_yearly": 0.5,
            "eps_latest_yearly": 0.48,
            "eps_growth_yearly": 187.71
        },
        "20151": {
            "year_quarter": 20151,
            "year": 2015,
            "quarter": 1,
            "eps": 0.07,
            "eps_growth_year": -58.82,
            "eps_4q": 0.51,
            "eps_4q_growth_year": 50.29,
            "roe": 0.38,
            "roe_4q": 2.7800000000000002,
            "gross_profit": 54330,
            "gross_margin": 10.03,
            "gross_margin_4q_avg": 10.4,
            "net_income": 5143,
            "revenue": 541420,
            "common_shares": 736908,
            "book_valuer_per_share": 18.4,
            "book_valuer_per_share_4q_avg": 18.53,
            "equity": 1355693,
            "current_ratio": 389.58,
            "debt_ratio": 22.06,
            "inventory_turnover_ratio": 1.18,
            "account_receivable_turnover_ratio": 1.6,
            "reinvestment_rate": null,
            "research_to_sale_ratio": 1.83,
            "price_fair": 14.64,
            "eps_avg_yearly": 0.42,
            "eps_latest_yearly": 0.28,
            "eps_growth_yearly": 191.61
        },
        "20152": {
            "year_quarter": 20152,
            "year": 2015,
            "quarter": 2,
            "eps": 0.03,
            "eps_growth_year": -80,
            "eps_4q": 0.39,
            "eps_4q_growth_year": -13.97,
            "roe": 0.18,
            "roe_4q": 2.1300000000000003,
            "gross_profit": 53909,
            "gross_margin": 9.5,
            "gross_margin_4q_avg": 10.18,
            "net_income": 2394,
            "revenue": 567330,
            "common_shares": 736908,
            "book_valuer_per_share": 16.94,
            "book_valuer_per_share_4q_avg": 18.18,
            "equity": 1248560,
            "current_ratio": 352.31,
            "debt_ratio": 25.19,
            "inventory_turnover_ratio": 1.39,
            "account_receivable_turnover_ratio": 1.88,
            "reinvestment_rate": null,
            "research_to_sale_ratio": 1.72,
            "price_fair": 14,
            "eps_avg_yearly": 0.4,
            "eps_latest_yearly": 0.12,
            "eps_growth_yearly": 197.49
        },
        "20153": {
            "year_quarter": 20153,
            "year": 2015,
            "quarter": 3,
            "eps": 0.12,
            "eps_growth_year": -29.41,
            "eps_4q": 0.34,
            "eps_4q_growth_year": -37.44,
            "roe": 0.68,
            "roe_4q": 1.8800000000000003,
            "gross_profit": 61790,
            "gross_margin": 11,
            "gross_margin_4q_avg": 10.25,
            "net_income": 8572,
            "revenue": 561977,
            "common_shares": 736908,
            "book_valuer_per_share": 17.41,
            "book_valuer_per_share_4q_avg": 17.87,
            "equity": 1259778,
            "current_ratio": 378.18,
            "debt_ratio": 23.97,
            "inventory_turnover_ratio": 1.4,
            "account_receivable_turnover_ratio": 1.86,
            "reinvestment_rate": null,
            "research_to_sale_ratio": 1.78,
            "price_fair": 12.85,
            "eps_avg_yearly": 0.37,
            "eps_latest_yearly": 0.48,
            "eps_growth_yearly": 247.49
        },
        "20154": {
            "year_quarter": 20154,
            "year": 2015,
            "quarter": 4,
            "eps": 0.11,
            "eps_growth_year": -8.67,
            "eps_4q": 0.33,
            "eps_4q_growth_year": -46.27,
            "roe": 0.62,
            "roe_4q": 1.8599999999999999,
            "gross_profit": 61167,
            "gross_margin": 10.78,
            "gross_margin_4q_avg": 10.33,
            "net_income": 7832,
            "revenue": 567343,
            "common_shares": 721458,
            "book_valuer_per_share": 17.31,
            "book_valuer_per_share_4q_avg": 17.52,
            "equity": 1248655,
            "current_ratio": 358.06,
            "debt_ratio": 25.5,
            "inventory_turnover_ratio": 1.46,
            "account_receivable_turnover_ratio": 1.87,
            "reinvestment_rate": null,
            "research_to_sale_ratio": 1.7,
            "price_fair": 14.13,
            "eps_avg_yearly": 0.4,
            "eps_latest_yearly": 0.44,
            "eps_growth_yearly": 279.1
        },
        "20161": {
            "year_quarter": 20161,
            "year": 2016,
            "quarter": 1,
            "eps": 0.08,
            "eps_growth_year": 14.29,
            "eps_4q": 0.34,
            "eps_4q_growth_year": -34.17,
            "roe": 0.45,
            "roe_4q": 1.93,
            "gross_profit": 54907,
            "gross_margin": 10.24,
            "gross_margin_4q_avg": 10.38,
            "net_income": 5623,
            "revenue": 536385,
            "common_shares": 721458,
            "book_valuer_per_share": 17.02,
            "book_valuer_per_share_4q_avg": 17.17,
            "equity": 1228220,
            "current_ratio": 368.99,
            "debt_ratio": 24.88,
            "inventory_turnover_ratio": 1.61,
            "account_receivable_turnover_ratio": 1.74,
            "reinvestment_rate": null,
            "research_to_sale_ratio": 1.8,
            "price_fair": 13.88,
            "eps_avg_yearly": 0.4,
            "eps_latest_yearly": 0.32,
            "eps_growth_yearly": 246.75
        },
        "20162": {
            "year_quarter": 20162,
            "year": 2016,
            "quarter": 2,
            "eps": 0.08,
            "eps_growth_year": 166.67,
            "eps_4q": 0.39,
            "eps_4q_growth_year": -1.42,
            "roe": 0.49,
            "roe_4q": 2.24,
            "gross_profit": 54113,
            "gross_margin": 9.55,
            "gross_margin_4q_avg": 10.39,
            "net_income": 5995,
            "revenue": 566412,
            "common_shares": 721458,
            "book_valuer_per_share": 17.21,
            "book_valuer_per_share_4q_avg": 17.24,
            "equity": 1241987,
            "current_ratio": 372.56,
            "debt_ratio": 23.92,
            "inventory_turnover_ratio": 1.87,
            "account_receivable_turnover_ratio": 1.75,
            "reinvestment_rate": -1551.55,
            "research_to_sale_ratio": 1.6,
            "price_fair": 13.68,
            "eps_avg_yearly": 0.39,
            "eps_latest_yearly": 0.32,
            "eps_growth_yearly": 227.77
        },
        "20163": {
            "year_quarter": 20163,
            "year": 2016,
            "quarter": 3,
            "eps": 0.09,
            "eps_growth_year": -25,
            "eps_4q": 0.36,
            "eps_4q_growth_year": 5.33,
            "roe": 0.54,
            "roe_4q": 2.1,
            "gross_profit": 52443,
            "gross_margin": 8.56,
            "gross_margin_4q_avg": 9.78,
            "net_income": 6666,
            "revenue": 612530,
            "common_shares": 721458,
            "book_valuer_per_share": 17,
            "book_valuer_per_share_4q_avg": 17.14,
            "equity": 1226673,
            "current_ratio": 345.86,
            "debt_ratio": 25.73,
            "inventory_turnover_ratio": 2.1,
            "account_receivable_turnover_ratio": 1.78,
            "reinvestment_rate": -1843.38,
            "research_to_sale_ratio": 1.58,
            "price_fair": 13.6,
            "eps_avg_yearly": 0.39,
            "eps_latest_yearly": 0.36,
            "eps_growth_yearly": 215.07
        },
        "20164": {
            "year_quarter": 20164,
            "year": 2016,
            "quarter": 4,
            "eps": 0.1,
            "eps_growth_year": -5.78,
            "eps_4q": 0.36,
            "eps_4q_growth_year": 7.19,
            "roe": 0.6,
            "roe_4q": 2.08,
            "gross_profit": 51170,
            "gross_margin": 7.94,
            "gross_margin_4q_avg": 9.07,
            "net_income": 7379,
            "revenue": 644115,
            "common_shares": 721458,
            "book_valuer_per_share": 16.87,
            "book_valuer_per_share_4q_avg": 17.03,
            "equity": 1217153,
            "current_ratio": 321.39,
            "debt_ratio": 28.37,
            "inventory_turnover_ratio": 2.2,
            "account_receivable_turnover_ratio": 1.81,
            "reinvestment_rate": -841.29,
            "research_to_sale_ratio": 1.36,
            "price_fair": 13.63,
            "eps_avg_yearly": 0.39,
            "eps_latest_yearly": 0.4,
            "eps_growth_yearly": 203.69
        },
        "20171": {
            "year_quarter": 20171,
            "year": 2017,
            "quarter": 1,
            "eps": 0.06,
            "eps_growth_year": -25,
            "eps_4q": 0.34,
            "eps_4q_growth_year": 0.69,
            "roe": 0.38,
            "roe_4q": 2.01,
            "gross_profit": 49823,
            "gross_margin": 8.09,
            "gross_margin_4q_avg": 8.54,
            "net_income": 4550,
            "revenue": 616064,
            "common_shares": 721458,
            "book_valuer_per_share": 16.51,
            "book_valuer_per_share_4q_avg": 16.9,
            "equity": 1191338,
            "current_ratio": 341.37,
            "debt_ratio": 26.37,
            "inventory_turnover_ratio": 1.91,
            "account_receivable_turnover_ratio": 1.73,
            "reinvestment_rate": -205.19,
            "research_to_sale_ratio": 1.52,
            "price_fair": 13.3,
            "eps_avg_yearly": 0.38,
            "eps_latest_yearly": 0.24,
            "eps_growth_yearly": 180.96
        },
        "20172": {
            "year_quarter": 20172,
            "year": 2017,
            "quarter": 2,
            "eps": 0.07,
            "eps_growth_year": -12.5,
            "eps_4q": 0.32,
            "eps_4q_growth_year": -16.62,
            "roe": 0.39,
            "roe_4q": 1.9100000000000001,
            "gross_profit": 51885,
            "gross_margin": 8.25,
            "gross_margin_4q_avg": 8.21,
            "net_income": 4770,
            "revenue": 628736,
            "common_shares": 721458,
            "book_valuer_per_share": 17,
            "book_valuer_per_share_4q_avg": 16.85,
            "equity": 1226501,
            "current_ratio": 315.7,
            "debt_ratio": 27.35,
            "inventory_turnover_ratio": 1.88,
            "account_receivable_turnover_ratio": 1.71,
            "reinvestment_rate": -73.01,
            "research_to_sale_ratio": 1.51,
            "price_fair": 13.56,
            "eps_avg_yearly": 0.39,
            "eps_latest_yearly": 0.28,
            "eps_growth_yearly": 110.13
        },
        "20173": {
            "year_quarter": 20173,
            "year": 2017,
            "quarter": 3,
            "eps": 0.11,
            "eps_growth_year": 22.22,
            "eps_4q": 0.34,
            "eps_4q_growth_year": -6.16,
            "roe": 0.62,
            "roe_4q": 1.9900000000000002,
            "gross_profit": 61118,
            "gross_margin": 8.39,
            "gross_margin_4q_avg": 8.17,
            "net_income": 7809,
            "revenue": 728228,
            "common_shares": 721458,
            "book_valuer_per_share": 18.09,
            "book_valuer_per_share_4q_avg": 17.12,
            "equity": 1304967,
            "current_ratio": 309.28,
            "debt_ratio": 26.83,
            "inventory_turnover_ratio": 2.51,
            "account_receivable_turnover_ratio": 1.7,
            "reinvestment_rate": -0.26,
            "research_to_sale_ratio": 1.45,
            "price_fair": 13.83,
            "eps_avg_yearly": 0.4,
            "eps_latest_yearly": 0.44,
            "eps_growth_yearly": 99.42
        },
        "20174": {
            "year_quarter": 20174,
            "year": 2017,
            "quarter": 4,
            "eps": 0.1,
            "eps_growth_year": -6.04,
            "eps_4q": 0.33,
            "eps_4q_growth_year": -6.24,
            "roe": 0.54,
            "roe_4q": 1.9300000000000002,
            "gross_profit": 61396,
            "gross_margin": 8.41,
            "gross_margin_4q_avg": 8.29,
            "net_income": 6933,
            "revenue": 730435,
            "common_shares": 721458,
            "book_valuer_per_share": 17.56,
            "book_valuer_per_share_4q_avg": 17.29,
            "equity": 1266975,
            "current_ratio": 307.24,
            "debt_ratio": 27.59,
            "inventory_turnover_ratio": 2.51,
            "account_receivable_turnover_ratio": 1.64,
            "reinvestment_rate": -10.1,
            "research_to_sale_ratio": 1.54,
            "price_fair": 14.26,
            "eps_avg_yearly": 0.41,
            "eps_latest_yearly": 0.4,
            "eps_growth_yearly": 106.52
        },
        "20181": {
            "year_quarter": 20181,
            "year": 2018,
            "quarter": 1,
            "eps": 0.1,
            "eps_growth_year": 66.67,
            "eps_4q": 0.37,
            "eps_4q_growth_year": 8.77,
            "roe": 0.58,
            "roe_4q": 2.1300000000000003,
            "gross_profit": 59010,
            "gross_margin": 7.87,
            "gross_margin_4q_avg": 8.23,
            "net_income": 7234,
            "revenue": 749447,
            "common_shares": 721458,
            "book_valuer_per_share": 17.01,
            "book_valuer_per_share_4q_avg": 17.42,
            "equity": 1227154,
            "current_ratio": 289.27,
            "debt_ratio": 29.9,
            "inventory_turnover_ratio": 2.03,
            "account_receivable_turnover_ratio": 1.75,
            "reinvestment_rate": -240,
            "research_to_sale_ratio": 1.55,
            "price_fair": 13.65,
            "eps_avg_yearly": 0.39,
            "eps_latest_yearly": 0.4,
            "eps_growth_yearly": 46.52
        },
        "20182": {
            "year_quarter": 20182,
            "year": 2018,
            "quarter": 2,
            "eps": 0.24,
            "eps_growth_year": 242.86,
            "eps_4q": 0.54,
            "eps_4q_growth_year": 66.8,
            "roe": 1.4,
            "roe_4q": 3.14,
            "gross_profit": 73787,
            "gross_margin": 9.12,
            "gross_margin_4q_avg": 8.45,
            "net_income": 16996,
            "revenue": 808962,
            "common_shares": 721458,
            "book_valuer_per_share": 16.61,
            "book_valuer_per_share_4q_avg": 17.32,
            "equity": 1198590,
            "current_ratio": 265.26,
            "debt_ratio": 32.61,
            "inventory_turnover_ratio": 1.9,
            "account_receivable_turnover_ratio": 1.68,
            "reinvestment_rate": -246.25,
            "research_to_sale_ratio": 1.44,
            "price_fair": 14.44,
            "eps_avg_yearly": 0.41,
            "eps_latest_yearly": 0.96,
            "eps_growth_yearly": 84.46
        },
        "20183": {
            "year_quarter": 20183,
            "year": 2018,
            "quarter": 3,
            "eps": 0.32,
            "eps_growth_year": 190.91,
            "eps_4q": 0.75,
            "eps_4q_growth_year": 120.21,
            "roe": 1.89,
            "roe_4q": 4.41,
            "gross_profit": 76725,
            "gross_margin": 9.59,
            "gross_margin_4q_avg": 8.75,
            "net_income": 22807,
            "revenue": 799778,
            "common_shares": 721458,
            "book_valuer_per_share": 16.86,
            "book_valuer_per_share_4q_avg": 17.01,
            "equity": 1216370,
            "current_ratio": 322.05,
            "debt_ratio": 26.93,
            "inventory_turnover_ratio": 1.95,
            "account_receivable_turnover_ratio": 1.52,
            "reinvestment_rate": -223.63,
            "research_to_sale_ratio": 1.4,
            "price_fair": 15.75,
            "eps_avg_yearly": 0.45,
            "eps_latest_yearly": 1.28,
            "eps_growth_yearly": 89.46
        },
        "20184": {
            "year_quarter": 20184,
            "year": 2018,
            "quarter": 4,
            "eps": 0.32,
            "eps_growth_year": 237.7,
            "eps_4q": 0.98,
            "eps_4q_growth_year": 192.79,
            "roe": 1.92,
            "roe_4q": 5.789999999999999,
            "gross_profit": 74330,
            "gross_margin": 10.36,
            "gross_margin_4q_avg": 9.24,
            "net_income": 23413,
            "revenue": 717594,
            "common_shares": 721458,
            "book_valuer_per_share": 16.92,
            "book_valuer_per_share_4q_avg": 16.85,
            "equity": 1220755,
            "current_ratio": 364.31,
            "debt_ratio": 24.37,
            "inventory_turnover_ratio": 2.07,
            "account_receivable_turnover_ratio": 1.43,
            "reinvestment_rate": -178.82,
            "research_to_sale_ratio": 1.32,
            "price_fair": 17.5,
            "eps_avg_yearly": 0.5,
            "eps_latest_yearly": 1.28,
            "eps_growth_yearly": 96.81
        },
        "20191": {
            "year_quarter": 20191,
            "year": 2019,
            "quarter": 1,
            "eps": 0.24,
            "eps_growth_year": 140,
            "eps_4q": 1.11,
            "eps_4q_growth_year": 200.24,
            "roe": 1.36,
            "roe_4q": 6.57,
            "gross_profit": 70310,
            "gross_margin": 10.51,
            "gross_margin_4q_avg": 9.9,
            "net_income": 17086,
            "revenue": 669033,
            "common_shares": 721458,
            "book_valuer_per_share": 18,
            "book_valuer_per_share_4q_avg": 17.1,
            "equity": 1298676,
            "current_ratio": 339.38,
            "debt_ratio": 25.76,
            "inventory_turnover_ratio": 1.97,
            "account_receivable_turnover_ratio": 1.4,
            "reinvestment_rate": -151.98,
            "research_to_sale_ratio": 1.6,
            "price_fair": 18.99,
            "eps_avg_yearly": 0.54,
            "eps_latest_yearly": 0.96,
            "eps_growth_yearly": 100.98
        },
        "20192": {
            "year_quarter": 20192,
            "year": 2019,
            "quarter": 2,
            "eps": 0.28,
            "eps_growth_year": 16.67,
            "eps_4q": 1.16,
            "eps_4q_growth_year": 114.5,
            "roe": 1.61,
            "roe_4q": 6.78,
            "gross_profit": 75065,
            "gross_margin": 9.83,
            "gross_margin_4q_avg": 10.07,
            "net_income": 20290,
            "revenue": 763494,
            "common_shares": 721458,
            "book_valuer_per_share": 16.83,
            "book_valuer_per_share_4q_avg": 17.15,
            "equity": 1214488,
            "current_ratio": 286.25,
            "debt_ratio": 30.73,
            "inventory_turnover_ratio": 2.19,
            "account_receivable_turnover_ratio": 1.43,
            "reinvestment_rate": -103.13,
            "research_to_sale_ratio": 1.41,
            "price_fair": 21.18,
            "eps_avg_yearly": 0.61,
            "eps_latest_yearly": 1.12,
            "eps_growth_yearly": 119.43
        },
        "20193": {
            "year_quarter": 20193,
            "year": 2019,
            "quarter": 3,
            "eps": 0.3,
            "eps_growth_year": -6.25,
            "eps_4q": 1.14,
            "eps_4q_growth_year": 52.22,
            "roe": 1.69,
            "roe_4q": 6.58,
            "gross_profit": 81055,
            "gross_margin": 9.18,
            "gross_margin_4q_avg": 9.97,
            "net_income": 21364,
            "revenue": 883016,
            "common_shares": 721458,
            "book_valuer_per_share": 18.22,
            "book_valuer_per_share_4q_avg": 17.49,
            "equity": 1314507,
            "current_ratio": 284.23,
            "debt_ratio": 29.7,
            "inventory_turnover_ratio": 2.59,
            "account_receivable_turnover_ratio": 1.3,
            "reinvestment_rate": -78.35,
            "research_to_sale_ratio": 1.22,
            "price_fair": 22.75,
            "eps_avg_yearly": 0.65,
            "eps_latest_yearly": 1.2,
            "eps_growth_yearly": 46.22
        },
        "20194": {
            "year_quarter": 20194,
            "year": 2019,
            "quarter": 4,
            "eps": 0.15,
            "eps_growth_year": -52.73,
            "eps_4q": 0.97,
            "eps_4q_growth_year": -0.91,
            "roe": 0.83,
            "roe_4q": 5.49,
            "gross_profit": 69144,
            "gross_margin": 8.29,
            "gross_margin_4q_avg": 9.45,
            "net_income": 11067,
            "revenue": 834233,
            "common_shares": 721458,
            "book_valuer_per_share": 18.72,
            "book_valuer_per_share_4q_avg": 17.94,
            "equity": 1350401,
            "current_ratio": 318.35,
            "debt_ratio": 25.65,
            "inventory_turnover_ratio": 2.62,
            "account_receivable_turnover_ratio": 1.16,
            "reinvestment_rate": -70.26,
            "research_to_sale_ratio": 1.22,
            "price_fair": 23.1,
            "eps_avg_yearly": 0.66,
            "eps_latest_yearly": 0.6,
            "eps_growth_yearly": 35.8
        },
        "20201": {
            "year_quarter": 20201,
            "year": 2020,
            "quarter": 1,
            "eps": 0.26,
            "eps_growth_year": 8.33,
            "eps_4q": 0.99,
            "eps_4q_growth_year": -11.04,
            "roe": 1.42,
            "roe_4q": 5.55,
            "gross_profit": 66825,
            "gross_margin": 9.28,
            "gross_margin_4q_avg": 9.15,
            "net_income": 18717,
            "revenue": 720424,
            "common_shares": 721458,
            "book_valuer_per_share": 17.72,
            "book_valuer_per_share_4q_avg": 17.87,
            "equity": 1278465,
            "current_ratio": 382.21,
            "debt_ratio": 22.62,
            "inventory_turnover_ratio": 2.37,
            "account_receivable_turnover_ratio": 1.1,
            "reinvestment_rate": -59.39,
            "research_to_sale_ratio": 1.27,
            "price_fair": 24.68,
            "eps_avg_yearly": 0.71,
            "eps_latest_yearly": 1.04,
            "eps_growth_yearly": 60.95
        },
        "20202": {
            "year_quarter": 20202,
            "year": 2020,
            "quarter": 2,
            "eps": 0.43,
            "eps_growth_year": 53.57,
            "eps_4q": 1.13,
            "eps_4q_growth_year": -2.12,
            "roe": 2.26,
            "roe_4q": 6.199999999999999,
            "gross_profit": 90372,
            "gross_margin": 8.69,
            "gross_margin_4q_avg": 8.86,
            "net_income": 30672,
            "revenue": 1040509,
            "common_shares": 721458,
            "book_valuer_per_share": 19.88,
            "book_valuer_per_share_4q_avg": 18.64,
            "equity": 1434008,
            "current_ratio": 250.32,
            "debt_ratio": 30.38,
            "inventory_turnover_ratio": 3.64,
            "account_receivable_turnover_ratio": 1.37,
            "reinvestment_rate": -72.71,
            "research_to_sale_ratio": 0.88,
            "price_fair": 27.74,
            "eps_avg_yearly": 0.79,
            "eps_latest_yearly": 1.72,
            "eps_growth_yearly": 77.3
        },
        "20203": {
            "year_quarter": 20203,
            "year": 2020,
            "quarter": 3,
            "eps": 0.41,
            "eps_growth_year": 36.67,
            "eps_4q": 1.25,
            "eps_4q_growth_year": 9.56,
            "roe": 2.05,
            "roe_4q": 6.56,
            "gross_profit": 78170,
            "gross_margin": 7.75,
            "gross_margin_4q_avg": 8.5,
            "net_income": 29547,
            "revenue": 1008447,
            "common_shares": 721458,
            "book_valuer_per_share": 20.01,
            "book_valuer_per_share_4q_avg": 19.08,
            "equity": 1443782,
            "current_ratio": 268.5,
            "debt_ratio": 28.34,
            "inventory_turnover_ratio": 3.8,
            "account_receivable_turnover_ratio": 1.16,
            "reinvestment_rate": -66.16,
            "research_to_sale_ratio": 0.88,
            "price_fair": 30.54,
            "eps_avg_yearly": 0.87,
            "eps_latest_yearly": 1.64,
            "eps_growth_yearly": 73.01
        },
        "20204": {
            "year_quarter": 20204,
            "year": 2020,
            "quarter": 4,
            "eps": 0.18,
            "eps_growth_year": 19.82,
            "eps_4q": 1.28,
            "eps_4q_growth_year": 32.07,
            "roe": 0.89,
            "roe_4q": 6.619999999999999,
            "gross_profit": 69763,
            "gross_margin": 7.51,
            "gross_margin_4q_avg": 8.31,
            "net_income": 13261,
            "revenue": 929098,
            "common_shares": 721458,
            "book_valuer_per_share": 21.11,
            "book_valuer_per_share_4q_avg": 19.68,
            "equity": 1522866,
            "current_ratio": 284.18,
            "debt_ratio": 25.68,
            "inventory_turnover_ratio": 3.21,
            "account_receivable_turnover_ratio": 1.11,
            "reinvestment_rate": -50.96,
            "research_to_sale_ratio": 1.05,
            "price_fair": 31.24,
            "eps_avg_yearly": 0.89,
            "eps_latest_yearly": 0.72,
            "eps_growth_yearly": 56.21
        },
        "20211": {
            "year_quarter": 20211,
            "year": 2021,
            "quarter": 1,
            "eps": 0.42,
            "eps_growth_year": 61.54,
            "eps_4q": 1.44,
            "eps_4q_growth_year": 45.11,
            "roe": 2.01,
            "roe_4q": 7.209999999999999,
            "gross_profit": 92839,
            "gross_margin": 9.5,
            "gross_margin_4q_avg": 8.36,
            "net_income": 30187,
            "revenue": 976766,
            "common_shares": 721458,
            "book_valuer_per_share": 20.47,
            "book_valuer_per_share_4q_avg": 20.37,
            "equity": 1476935,
            "current_ratio": 277.19,
            "debt_ratio": 27.62,
            "inventory_turnover_ratio": 2.9,
            "account_receivable_turnover_ratio": 1.16,
            "reinvestment_rate": -58.14,
            "research_to_sale_ratio": 0.91,
            "price_fair": 34.39,
            "eps_avg_yearly": 0.98,
            "eps_latest_yearly": 1.68,
            "eps_growth_yearly": 99.54
        },
        "20212": {
            "year_quarter": 20212,
            "year": 2021,
            "quarter": 2,
            "eps": 0.66,
            "eps_growth_year": 53.49,
            "eps_4q": 1.67,
            "eps_4q_growth_year": 47.21,
            "roe": 3.26,
            "roe_4q": 8.209999999999999,
            "gross_profit": 106145,
            "gross_margin": 9.93,
            "gross_margin_4q_avg": 8.67,
            "net_income": 47452,
            "revenue": 1068627,
            "common_shares": 721458,
            "book_valuer_per_share": 19.91,
            "book_valuer_per_share_4q_avg": 20.38,
            "equity": 1436207,
            "current_ratio": 235.7,
            "debt_ratio": 34.41,
            "inventory_turnover_ratio": 2.59,
            "account_receivable_turnover_ratio": 1.16,
            "reinvestment_rate": -70.06,
            "research_to_sale_ratio": 0.78,
            "price_fair": 39.55,
            "eps_avg_yearly": 1.13,
            "eps_latest_yearly": 2.64,
            "eps_growth_yearly": 109.66
        },
        "20213": {
            "year_quarter": 20213,
            "year": 2021,
            "quarter": 3,
            "eps": 0.9,
            "eps_growth_year": 119.51,
            "eps_4q": 2.16,
            "eps_4q_growth_year": 73.41,
            "roe": 4.62,
            "roe_4q": 10.780000000000001,
            "gross_profit": 105143,
            "gross_margin": 9.42,
            "gross_margin_4q_avg": 9.09,
            "net_income": 65177,
            "revenue": 1116586,
            "common_shares": 721458,
            "book_valuer_per_share": 19.18,
            "book_valuer_per_share_4q_avg": 20.17,
            "equity": 1383746,
            "current_ratio": 211.6,
            "debt_ratio": 39.24,
            "inventory_turnover_ratio": 2.31,
            "account_receivable_turnover_ratio": 1.19,
            "reinvestment_rate": -78.42,
            "research_to_sale_ratio": 0.74,
            "price_fair": 46.46,
            "eps_avg_yearly": 1.33,
            "eps_latest_yearly": 3.6,
            "eps_growth_yearly": 104.47
        },
        "20214": {
            "year_quarter": 20214,
            "year": 2021,
            "quarter": 4,
            "eps": 0.38,
            "eps_growth_year": 108.55,
            "eps_4q": 2.36,
            "eps_4q_growth_year": 84.9,
            "roe": 1.95,
            "roe_4q": 11.84,
            "gross_profit": 81745,
            "gross_margin": 7.98,
            "gross_margin_4q_avg": 9.21,
            "net_income": 27656,
            "revenue": 1024621,
            "common_shares": 721458,
            "book_valuer_per_share": 20.2,
            "book_valuer_per_share_4q_avg": 19.94,
            "equity": 1457054,
            "current_ratio": 214.06,
            "debt_ratio": 37.97,
            "inventory_turnover_ratio": 2.01,
            "account_receivable_turnover_ratio": 1.19,
            "reinvestment_rate": -66.85,
            "research_to_sale_ratio": 0.79,
            "price_fair": 48.91,
            "eps_avg_yearly": 1.4,
            "eps_latest_yearly": 1.52,
            "eps_growth_yearly": 92.29
        },
        "20221": {
            "year_quarter": 20221,
            "year": 2022,
            "quarter": 1,
            "eps": 0.59,
            "eps_growth_year": 40.48,
            "eps_4q": 2.53,
            "eps_4q_growth_year": 76.15,
            "roe": 2.71,
            "roe_4q": 12.540000000000001,
            "gross_profit": 109120,
            "gross_margin": 8.99,
            "gross_margin_4q_avg": 9.08,
            "net_income": 42326,
            "revenue": 1214059,
            "common_shares": 721458,
            "book_valuer_per_share": 23.07,
            "book_valuer_per_share_4q_avg": 20.59,
            "equity": 1664562,
            "current_ratio": 221.49,
            "debt_ratio": 35.06,
            "inventory_turnover_ratio": 2.4,
            "account_receivable_turnover_ratio": 1.31,
            "reinvestment_rate": -6.63,
            "research_to_sale_ratio": 0.69,
            "price_fair": 53.2,
            "eps_avg_yearly": 1.52,
            "eps_latest_yearly": 2.36,
            "eps_growth_yearly": 106.11
        },
        "20222": {
            "year_quarter": 20222,
            "year": 2022,
            "quarter": 2,
            "eps": 0.56,
            "eps_growth_year": -15.15,
            "eps_4q": 2.43,
            "eps_4q_growth_year": 45.52,
            "roe": 2.61,
            "roe_4q": 11.89,
            "gross_profit": 105139,
            "gross_margin": 9.73,
            "gross_margin_4q_avg": 9.03,
            "net_income": 40118,
            "revenue": 1080484,
            "common_shares": 721458,
            "book_valuer_per_share": 19.52,
            "book_valuer_per_share_4q_avg": 20.49,
            "equity": 1408460,
            "current_ratio": 197.61,
            "debt_ratio": 42.27,
            "inventory_turnover_ratio": 1.94,
            "account_receivable_turnover_ratio": 1.08,
            "reinvestment_rate": -6.19,
            "research_to_sale_ratio": 0.81,
            "price_fair": 56,
            "eps_avg_yearly": 1.6,
            "eps_latest_yearly": 2.24,
            "eps_growth_yearly": 69.84
        },
        "20223": {
            "year_quarter": 20223,
            "year": 2022,
            "quarter": 3,
            "eps": 0.74,
            "eps_growth_year": -17.78,
            "eps_4q": 2.26,
            "eps_4q_growth_year": 4.68,
            "roe": 3.69,
            "roe_4q": 10.959999999999999,
            "gross_profit": 95421,
            "gross_margin": 7.64,
            "gross_margin_4q_avg": 8.59,
            "net_income": 53289,
            "revenue": 1248407,
            "common_shares": 721458,
            "book_valuer_per_share": 20.54,
            "book_valuer_per_share_4q_avg": 20.83,
            "equity": 1481953,
            "current_ratio": 179.75,
            "debt_ratio": 48.58,
            "inventory_turnover_ratio": 1.67,
            "account_receivable_turnover_ratio": 1.32,
            "reinvestment_rate": -5.5,
            "research_to_sale_ratio": 0.69,
            "price_fair": 59.68,
            "eps_avg_yearly": 1.71,
            "eps_latest_yearly": 2.96,
            "eps_growth_yearly": 69.54
        },
        "20224": {
            "year_quarter": 20224,
            "year": 2022,
            "quarter": 4,
            "eps": 0.43,
            "eps_growth_year": 12.08,
            "eps_4q": 2.31,
            "eps_4q_growth_year": -2.2,
            "roe": 2.03,
            "roe_4q": 11.04,
            "gross_profit": 93660,
            "gross_margin": 8.81,
            "gross_margin_4q_avg": 8.79,
            "net_income": 30996,
            "revenue": 1063604,
            "common_shares": 721458,
            "book_valuer_per_share": 21.77,
            "book_valuer_per_share_4q_avg": 21.23,
            "equity": 1570684,
            "current_ratio": 205.07,
            "debt_ratio": 40.36,
            "inventory_turnover_ratio": 1.22,
            "account_receivable_turnover_ratio": 1.27,
            "reinvestment_rate": -5.34,
            "research_to_sale_ratio": 0.81,
            "price_fair": 60.64,
            "eps_avg_yearly": 1.73,
            "eps_latest_yearly": 1.72,
            "eps_growth_yearly": 59.07
        },
        "20231": {
            "year_quarter": 20231,
            "year": 2023,
            "quarter": 1,
            "eps": 0.32,
            "eps_growth_year": -45.76,
            "eps_4q": 2.04,
            "eps_4q_growth_year": -19.33,
            "roe": 1.42,
            "roe_4q": 9.75,
            "gross_profit": 79495,
            "gross_margin": 7.24,
            "gross_margin_4q_avg": 8.36,
            "net_income": 22911,
            "revenue": 1098751,
            "common_shares": 721458,
            "book_valuer_per_share": 23.07,
            "book_valuer_per_share_4q_avg": 21.23,
            "equity": 1664134,
            "current_ratio": 168.42,
            "debt_ratio": 46.15,
            "inventory_turnover_ratio": 1.1,
            "account_receivable_turnover_ratio": 1.39,
            "reinvestment_rate": -5.22,
            "research_to_sale_ratio": 0.74,
            "price_fair": 61.34,
            "eps_avg_yearly": 1.75,
            "eps_latest_yearly": 1.28,
            "eps_growth_yearly": 58.92
        }
    },
    "months": {
        "2003-09": {
            "month": "2003-09",
            "price": "48.59",
            "revenue": 184880
        },
        "2003-10": {
            "month": "2003-10",
            "price": "46.55",
            "revenue": 242399
        },
        "2003-11": {
            "month": "2003-11",
            "price": "48.10",
            "revenue": 232133
        },
        "2003-12": {
            "month": "2003-12",
            "price": "48.34",
            "revenue": 230179
        },
        "2004-01": {
            "month": "2004-01",
            "price": "48.97",
            "revenue": 235542
        },
        "2004-02": {
            "month": "2004-02",
            "price": "56.90",
            "revenue": 220342
        },
        "2004-03": {
            "month": "2004-03",
            "price": "65.39",
            "revenue": 267533
        },
        "2004-04": {
            "month": "2004-04",
            "price": "81.48",
            "revenue": 301090
        },
        "2004-05": {
            "month": "2004-05",
            "price": "69.88",
            "revenue": 212150
        },
        "2004-06": {
            "month": "2004-06",
            "price": "61.86",
            "revenue": 263160
        },
        "2004-07": {
            "month": "2004-07",
            "price": "54.58",
            "revenue": 239613
        },
        "2004-08": {
            "month": "2004-08",
            "price": "50.98",
            "revenue": 257650
        },
        "2004-09": {
            "month": "2004-09",
            "price": "56.12",
            "revenue": 314988
        },
        "2004-10": {
            "month": "2004-10",
            "price": "54.00",
            "revenue": 291045
        },
        "2004-11": {
            "month": "2004-11",
            "price": "50.01",
            "revenue": 293125
        },
        "2004-12": {
            "month": "2004-12",
            "price": "47.66",
            "revenue": 264331
        },
        "2005-01": {
            "month": "2005-01",
            "price": "42.02",
            "revenue": 228396
        },
        "2005-02": {
            "month": "2005-02",
            "price": "45.48",
            "revenue": 199892
        },
        "2005-03": {
            "month": "2005-03",
            "price": "47.92",
            "revenue": 242146
        },
        "2005-04": {
            "month": "2005-04",
            "price": "43.81",
            "revenue": 302820
        },
        "2005-05": {
            "month": "2005-05",
            "price": "42.53",
            "revenue": 213346
        },
        "2005-06": {
            "month": "2005-06",
            "price": "44.69",
            "revenue": 240835
        },
        "2005-07": {
            "month": "2005-07",
            "price": "47.33",
            "revenue": 242271
        },
        "2005-08": {
            "month": "2005-08",
            "price": "43.46",
            "revenue": 385327
        },
        "2005-09": {
            "month": "2005-09",
            "price": "43.53",
            "revenue": 436276
        },
        "2005-10": {
            "month": "2005-10",
            "price": "38.89",
            "revenue": 530231
        },
        "2005-11": {
            "month": "2005-11",
            "price": "35.98",
            "revenue": 545947
        },
        "2005-12": {
            "month": "2005-12",
            "price": "40.95",
            "revenue": 622096
        },
        "2006-01": {
            "month": "2006-01",
            "price": "41.91",
            "revenue": 914434
        },
        "2006-02": {
            "month": "2006-02",
            "price": "39.15",
            "revenue": 650166
        },
        "2006-03": {
            "month": "2006-03",
            "price": "35.75",
            "revenue": 589668
        },
        "2006-04": {
            "month": "2006-04",
            "price": "37.16",
            "revenue": 640369
        },
        "2006-05": {
            "month": "2006-05",
            "price": "37.94",
            "revenue": 644103
        },
        "2006-06": {
            "month": "2006-06",
            "price": "34.52",
            "revenue": 779598
        },
        "2006-07": {
            "month": "2006-07",
            "price": "33.86",
            "revenue": 695211
        },
        "2006-08": {
            "month": "2006-08",
            "price": "31.16",
            "revenue": 862526
        },
        "2006-09": {
            "month": "2006-09",
            "price": "30.71",
            "revenue": 837559
        },
        "2006-10": {
            "month": "2006-10",
            "price": "30.75",
            "revenue": 819622
        },
        "2006-11": {
            "month": "2006-11",
            "price": "31.43",
            "revenue": 883412
        },
        "2006-12": {
            "month": "2006-12",
            "price": "34.10",
            "revenue": 783861
        },
        "2007-01": {
            "month": "2007-01",
            "price": "34.07",
            "revenue": 745033
        },
        "2007-02": {
            "month": "2007-02",
            "price": "32.52",
            "revenue": 520912
        },
        "2007-03": {
            "month": "2007-03",
            "price": "34.26",
            "revenue": 720663
        },
        "2007-04": {
            "month": "2007-04",
            "price": "35.73",
            "revenue": 777448
        },
        "2007-05": {
            "month": "2007-05",
            "price": "36.81",
            "revenue": 766601
        },
        "2007-06": {
            "month": "2007-06",
            "price": "40.52",
            "revenue": 783486
        },
        "2007-07": {
            "month": "2007-07",
            "price": "46.41",
            "revenue": 836882
        },
        "2007-08": {
            "month": "2007-08",
            "price": "42.49",
            "revenue": 840111
        },
        "2007-09": {
            "month": "2007-09",
            "price": "39.65",
            "revenue": 965526
        },
        "2007-10": {
            "month": "2007-10",
            "price": "40.31",
            "revenue": 914277
        },
        "2007-11": {
            "month": "2007-11",
            "price": "37.17",
            "revenue": 910830
        },
        "2007-12": {
            "month": "2007-12",
            "price": "33.11",
            "revenue": 635847
        },
        "2008-01": {
            "month": "2008-01",
            "price": "29.76",
            "revenue": 746672
        },
        "2008-02": {
            "month": "2008-02",
            "price": "29.55",
            "revenue": 471896
        },
        "2008-03": {
            "month": "2008-03",
            "price": "30.39",
            "revenue": 667228
        },
        "2008-04": {
            "month": "2008-04",
            "price": "33.49",
            "revenue": 622687
        },
        "2008-05": {
            "month": "2008-05",
            "price": "32.87",
            "revenue": 655147
        },
        "2008-06": {
            "month": "2008-06",
            "price": "28.89",
            "revenue": 614470
        },
        "2008-07": {
            "month": "2008-07",
            "price": "25.02",
            "revenue": 772014
        },
        "2008-08": {
            "month": "2008-08",
            "price": "24.36",
            "revenue": 762121
        },
        "2008-09": {
            "month": "2008-09",
            "price": "19.26",
            "revenue": 754409
        },
        "2008-10": {
            "month": "2008-10",
            "price": "16.09",
            "revenue": 533177
        },
        "2008-11": {
            "month": "2008-11",
            "price": "12.97",
            "revenue": 331796
        },
        "2008-12": {
            "month": "2008-12",
            "price": "11.89",
            "revenue": 297213
        },
        "2009-01": {
            "month": "2009-01",
            "price": "12.05",
            "revenue": 324302
        },
        "2009-02": {
            "month": "2009-02",
            "price": "13.35",
            "revenue": 385916
        },
        "2009-03": {
            "month": "2009-03",
            "price": "15.87",
            "revenue": 456773
        },
        "2009-04": {
            "month": "2009-04",
            "price": "18.21",
            "revenue": 489575
        },
        "2009-05": {
            "month": "2009-05",
            "price": "20.12",
            "revenue": 439045
        },
        "2009-06": {
            "month": "2009-06",
            "price": "22.53",
            "revenue": 463701
        },
        "2009-07": {
            "month": "2009-07",
            "price": "23.06",
            "revenue": 477779
        },
        "2009-08": {
            "month": "2009-08",
            "price": "21.56",
            "revenue": 511078
        },
        "2009-09": {
            "month": "2009-09",
            "price": "22.34",
            "revenue": 622705
        },
        "2009-10": {
            "month": "2009-10",
            "price": "24.99",
            "revenue": 534235
        },
        "2009-11": {
            "month": "2009-11",
            "price": "25.67",
            "revenue": 502150
        },
        "2009-12": {
            "month": "2009-12",
            "price": "27.46",
            "revenue": 503229
        },
        "2010-01": {
            "month": "2010-01",
            "price": "31.39",
            "revenue": 551597
        },
        "2010-02": {
            "month": "2010-02",
            "price": "26.99",
            "revenue": 409849
        },
        "2010-03": {
            "month": "2010-03",
            "price": "29.03",
            "revenue": 617916
        },
        "2010-04": {
            "month": "2010-04",
            "price": "29.63",
            "revenue": 599136
        },
        "2010-05": {
            "month": "2010-05",
            "price": "25.99",
            "revenue": 470364
        },
        "2010-06": {
            "month": "2010-06",
            "price": "25.08",
            "revenue": 468739
        },
        "2010-07": {
            "month": "2010-07",
            "price": "25.50",
            "revenue": 456665
        },
        "2010-08": {
            "month": "2010-08",
            "price": "25.77",
            "revenue": 416769
        },
        "2010-09": {
            "month": "2010-09",
            "price": "25.54",
            "revenue": 461024
        },
        "2010-10": {
            "month": "2010-10",
            "price": "25.02",
            "revenue": 421457
        },
        "2010-11": {
            "month": "2010-11",
            "price": "23.59",
            "revenue": 406434
        },
        "2010-12": {
            "month": "2010-12",
            "price": "24.49",
            "revenue": 399598
        },
        "2011-01": {
            "month": "2011-01",
            "price": "24.48",
            "revenue": 383459
        },
        "2011-02": {
            "month": "2011-02",
            "price": "24.25",
            "revenue": 258410
        },
        "2011-03": {
            "month": "2011-03",
            "price": "23.93",
            "revenue": 353834
        },
        "2011-04": {
            "month": "2011-04",
            "price": "24.03",
            "revenue": 306366
        },
        "2011-05": {
            "month": "2011-05",
            "price": "23.47",
            "revenue": 299222
        },
        "2011-06": {
            "month": "2011-06",
            "price": "23.20",
            "revenue": 335617
        },
        "2011-07": {
            "month": "2011-07",
            "price": "22.13",
            "revenue": 236564
        },
        "2011-08": {
            "month": "2011-08",
            "price": "16.45",
            "revenue": 340283
        },
        "2011-09": {
            "month": "2011-09",
            "price": "15.56",
            "revenue": 344877
        },
        "2011-10": {
            "month": "2011-10",
            "price": "15.18",
            "revenue": 291554
        },
        "2011-11": {
            "month": "2011-11",
            "price": "14.50",
            "revenue": 296355
        },
        "2011-12": {
            "month": "2011-12",
            "price": "13.28",
            "revenue": 286655
        },
        "2012-01": {
            "month": "2012-01",
            "price": "13.46",
            "revenue": 195764
        },
        "2012-02": {
            "month": "2012-02",
            "price": "15.39",
            "revenue": 265594
        },
        "2012-03": {
            "month": "2012-03",
            "price": "16.32",
            "revenue": 331664
        },
        "2012-04": {
            "month": "2012-04",
            "price": "16.42",
            "revenue": 247311
        },
        "2012-05": {
            "month": "2012-05",
            "price": "14.88",
            "revenue": 273017
        },
        "2012-06": {
            "month": "2012-06",
            "price": "13.78",
            "revenue": 254829
        },
        "2012-07": {
            "month": "2012-07",
            "price": "12.82",
            "revenue": 245592
        },
        "2012-08": {
            "month": "2012-08",
            "price": "13.65",
            "revenue": 204344
        },
        "2012-09": {
            "month": "2012-09",
            "price": "13.23",
            "revenue": 203662
        },
        "2012-10": {
            "month": "2012-10",
            "price": "12.26",
            "revenue": 181116
        },
        "2012-11": {
            "month": "2012-11",
            "price": "11.24",
            "revenue": 167090
        },
        "2012-12": {
            "month": "2012-12",
            "price": "12.13",
            "revenue": 173232
        },
        "2013-01": {
            "month": "2013-01",
            "price": "12.17",
            "revenue": 185286
        },
        "2013-02": {
            "month": "2013-02",
            "price": "12.32",
            "revenue": 131456
        },
        "2013-03": {
            "month": "2013-03",
            "price": "12.46",
            "revenue": 177555
        },
        "2013-04": {
            "month": "2013-04",
            "price": "12.31",
            "revenue": 189375
        },
        "2013-05": {
            "month": "2013-05",
            "price": "12.25",
            "revenue": 202012
        },
        "2013-06": {
            "month": "2013-06",
            "price": "12.28",
            "revenue": 200688
        },
        "2013-07": {
            "month": "2013-07",
            "price": "12.12",
            "revenue": 190938
        },
        "2013-08": {
            "month": "2013-08",
            "price": "11.97",
            "revenue": 167168
        },
        "2013-09": {
            "month": "2013-09",
            "price": "12.04",
            "revenue": 177936
        },
        "2013-10": {
            "month": "2013-10",
            "price": "12.24",
            "revenue": 180679
        },
        "2013-11": {
            "month": "2013-11",
            "price": "11.89",
            "revenue": 198025
        },
        "2013-12": {
            "month": "2013-12",
            "price": "12.16",
            "revenue": 161887
        },
        "2014-01": {
            "month": "2014-01",
            "price": "14.67",
            "revenue": 195160
        },
        "2014-02": {
            "month": "2014-02",
            "price": "14.27",
            "revenue": 164702
        },
        "2014-03": {
            "month": "2014-03",
            "price": "14.10",
            "revenue": 178054
        },
        "2014-04": {
            "month": "2014-04",
            "price": "14.53",
            "revenue": 185136
        },
        "2014-05": {
            "month": "2014-05",
            "price": "14.25",
            "revenue": 208220
        },
        "2014-06": {
            "month": "2014-06",
            "price": "14.87",
            "revenue": 210801
        },
        "2014-07": {
            "month": "2014-07",
            "price": "15.70",
            "revenue": 189175
        },
        "2014-08": {
            "month": "2014-08",
            "price": "14.52",
            "revenue": 200308
        },
        "2014-09": {
            "month": "2014-09",
            "price": "14.47",
            "revenue": 194515
        },
        "2014-10": {
            "month": "2014-10",
            "price": "13.34",
            "revenue": 216281
        },
        "2014-11": {
            "month": "2014-11",
            "price": "13.20",
            "revenue": 213000
        },
        "2014-12": {
            "month": "2014-12",
            "price": "13.82",
            "revenue": 198092
        },
        "2015-01": {
            "month": "2015-01",
            "price": "14.23",
            "revenue": 212115
        },
        "2015-02": {
            "month": "2015-02",
            "price": "13.97",
            "revenue": 139822
        },
        "2015-03": {
            "month": "2015-03",
            "price": "14.41",
            "revenue": 189482
        },
        "2015-04": {
            "month": "2015-04",
            "price": "13.72",
            "revenue": 179045
        },
        "2015-05": {
            "month": "2015-05",
            "price": "12.78",
            "revenue": 202588
        },
        "2015-06": {
            "month": "2015-06",
            "price": "11.66",
            "revenue": 185696
        },
        "2015-07": {
            "month": "2015-07",
            "price": "11.16",
            "revenue": 205771
        },
        "2015-08": {
            "month": "2015-08",
            "price": "10.07",
            "revenue": 178858
        },
        "2015-09": {
            "month": "2015-09",
            "price": "10.85",
            "revenue": 177348
        },
        "2015-10": {
            "month": "2015-10",
            "price": "11.17",
            "revenue": 202520
        },
        "2015-11": {
            "month": "2015-11",
            "price": "10.70",
            "revenue": 187804
        },
        "2015-12": {
            "month": "2015-12",
            "price": "10.32",
            "revenue": 177020
        },
        "2016-01": {
            "month": "2016-01",
            "price": "10.01",
            "revenue": 176176
        },
        "2016-02": {
            "month": "2016-02",
            "price": "9.99",
            "revenue": 138304
        },
        "2016-03": {
            "month": "2016-03",
            "price": "10.32",
            "revenue": 221905
        },
        "2016-04": {
            "month": "2016-04",
            "price": "11.01",
            "revenue": 191769
        },
        "2016-05": {
            "month": "2016-05",
            "price": "10.73",
            "revenue": 178740
        },
        "2016-06": {
            "month": "2016-06",
            "price": "10.67",
            "revenue": 195903
        },
        "2016-07": {
            "month": "2016-07",
            "price": "10.66",
            "revenue": 189634
        },
        "2016-08": {
            "month": "2016-08",
            "price": "10.58",
            "revenue": 210308
        },
        "2016-09": {
            "month": "2016-09",
            "price": "10.38",
            "revenue": 212588
        },
        "2016-10": {
            "month": "2016-10",
            "price": "10.29",
            "revenue": 198440
        },
        "2016-11": {
            "month": "2016-11",
            "price": "10.06",
            "revenue": 215166
        },
        "2016-12": {
            "month": "2016-12",
            "price": "10.19",
            "revenue": 230510
        },
        "2017-01": {
            "month": "2017-01",
            "price": "10.49",
            "revenue": 194251
        },
        "2017-02": {
            "month": "2017-02",
            "price": "10.71",
            "revenue": 189667
        },
        "2017-03": {
            "month": "2017-03",
            "price": "10.99",
            "revenue": 232145
        },
        "2017-04": {
            "month": "2017-04",
            "price": "11.03",
            "revenue": 214413
        },
        "2017-05": {
            "month": "2017-05",
            "price": "11.04",
            "revenue": 211774
        },
        "2017-06": {
            "month": "2017-06",
            "price": "11.79",
            "revenue": 202550
        },
        "2017-07": {
            "month": "2017-07",
            "price": "11.37",
            "revenue": 189043
        },
        "2017-08": {
            "month": "2017-08",
            "price": "10.67",
            "revenue": 267431
        },
        "2017-09": {
            "month": "2017-09",
            "price": "12.42",
            "revenue": 271753
        },
        "2017-10": {
            "month": "2017-10",
            "price": "13.16",
            "revenue": 242777
        },
        "2017-11": {
            "month": "2017-11",
            "price": "13.10",
            "revenue": 256121
        },
        "2017-12": {
            "month": "2017-12",
            "price": "12.55",
            "revenue": 231537
        },
        "2018-01": {
            "month": "2018-01",
            "price": "12.35",
            "revenue": 271589
        },
        "2018-02": {
            "month": "2018-02",
            "price": "11.63",
            "revenue": 189228
        },
        "2018-03": {
            "month": "2018-03",
            "price": "13.32",
            "revenue": 286530
        },
        "2018-04": {
            "month": "2018-04",
            "price": "14.31",
            "revenue": 271155
        },
        "2018-05": {
            "month": "2018-05",
            "price": "13.82",
            "revenue": 271670
        },
        "2018-06": {
            "month": "2018-06",
            "price": "14.40",
            "revenue": 268237
        },
        "2018-07": {
            "month": "2018-07",
            "price": "13.42",
            "revenue": 260811
        },
        "2018-08": {
            "month": "2018-08",
            "price": "12.93",
            "revenue": 288390
        },
        "2018-09": {
            "month": "2018-09",
            "price": "13.15",
            "revenue": 250577
        },
        "2018-10": {
            "month": "2018-10",
            "price": "11.49",
            "revenue": 225549
        },
        "2018-11": {
            "month": "2018-11",
            "price": "11.70",
            "revenue": 244975
        },
        "2018-12": {
            "month": "2018-12",
            "price": "11.83",
            "revenue": 247070
        },
        "2019-01": {
            "month": "2019-01",
            "price": "11.87",
            "revenue": 268220
        },
        "2019-02": {
            "month": "2019-02",
            "price": "12.37",
            "revenue": 169076
        },
        "2019-03": {
            "month": "2019-03",
            "price": "13.11",
            "revenue": 230905
        },
        "2019-04": {
            "month": "2019-04",
            "price": "13.69",
            "revenue": 245820
        },
        "2019-05": {
            "month": "2019-05",
            "price": "13.92",
            "revenue": 273839
        },
        "2019-06": {
            "month": "2019-06",
            "price": "13.94",
            "revenue": 244667
        },
        "2019-07": {
            "month": "2019-07",
            "price": "13.73",
            "revenue": 289090
        },
        "2019-08": {
            "month": "2019-08",
            "price": "14.20",
            "revenue": 281713
        },
        "2019-09": {
            "month": "2019-09",
            "price": "14.90",
            "revenue": 312213
        },
        "2019-10": {
            "month": "2019-10",
            "price": "15.15",
            "revenue": 290493
        },
        "2019-11": {
            "month": "2019-11",
            "price": "15.12",
            "revenue": 267579
        },
        "2019-12": {
            "month": "2019-12",
            "price": "15.10",
            "revenue": 276161
        },
        "2020-01": {
            "month": "2020-01",
            "price": "15.06",
            "revenue": 206378
        },
        "2020-02": {
            "month": "2020-02",
            "price": "14.48",
            "revenue": 255363
        },
        "2020-03": {
            "month": "2020-03",
            "price": "13.92",
            "revenue": 258683
        },
        "2020-04": {
            "month": "2020-04",
            "price": "14.98",
            "revenue": 349475
        },
        "2020-05": {
            "month": "2020-05",
            "price": "17.40",
            "revenue": 321464
        },
        "2020-06": {
            "month": "2020-06",
            "price": "19.08",
            "revenue": 369570
        },
        "2020-07": {
            "month": "2020-07",
            "price": "20.57",
            "revenue": 337216
        },
        "2020-08": {
            "month": "2020-08",
            "price": "19.37",
            "revenue": 299061
        },
        "2020-09": {
            "month": "2020-09",
            "price": "18.33",
            "revenue": 372171
        },
        "2020-10": {
            "month": "2020-10",
            "price": "18.58",
            "revenue": 288798
        },
        "2020-11": {
            "month": "2020-11",
            "price": "18.54",
            "revenue": 319416
        },
        "2020-12": {
            "month": "2020-12",
            "price": "19.36",
            "revenue": 320884
        },
        "2021-01": {
            "month": "2021-01",
            "price": "19.67",
            "revenue": 396315
        },
        "2021-02": {
            "month": "2021-02",
            "price": "20.08",
            "revenue": 244993
        },
        "2021-03": {
            "month": "2021-03",
            "price": "21.48",
            "revenue": 335458
        },
        "2021-04": {
            "month": "2021-04",
            "price": "22.47",
            "revenue": 367033
        },
        "2021-05": {
            "month": "2021-05",
            "price": "20.84",
            "revenue": 377499
        },
        "2021-06": {
            "month": "2021-06",
            "price": "21.78",
            "revenue": 324095
        },
        "2021-07": {
            "month": "2021-07",
            "price": "21.53",
            "revenue": 368316
        },
        "2021-08": {
            "month": "2021-08",
            "price": "20.97",
            "revenue": 385713
        },
        "2021-09": {
            "month": "2021-09",
            "price": "20.69",
            "revenue": 362558
        },
        "2021-10": {
            "month": "2021-10",
            "price": "20.42",
            "revenue": 343205
        },
        "2021-11": {
            "month": "2021-11",
            "price": "22.47",
            "revenue": 317327
        },
        "2021-12": {
            "month": "2021-12",
            "price": "24.36",
            "revenue": 364088
        },
        "2022-01": {
            "month": "2022-01",
            "price": "24.20",
            "revenue": 362778
        },
        "2022-02": {
            "month": "2022-02",
            "price": "24.10",
            "revenue": 335674
        },
        "2022-03": {
            "month": "2022-03",
            "price": "24.68",
            "revenue": 515607
        },
        "2022-04": {
            "month": "2022-04",
            "price": "25.29",
            "revenue": 385152
        },
        "2022-05": {
            "month": "2022-05",
            "price": "24.58",
            "revenue": 333336
        },
        "2022-06": {
            "month": "2022-06",
            "price": "24.15",
            "revenue": 361996
        },
        "2022-07": {
            "month": "2022-07",
            "price": "22.82",
            "revenue": 409567
        },
        "2022-08": {
            "month": "2022-08",
            "price": "22.71",
            "revenue": 378646
        },
        "2022-09": {
            "month": "2022-09",
            "price": "22.27",
            "revenue": 460194
        },
        "2022-10": {
            "month": "2022-10",
            "price": "21.62",
            "revenue": 390944
        },
        "2022-11": {
            "month": "2022-11",
            "price": "22.39",
            "revenue": 328046
        },
        "2022-12": {
            "month": "2022-12",
            "price": "22.10",
            "revenue": 344614
        },
        "2023-01": {
            "month": "2023-01",
            "price": "22.06",
            "revenue": 378574
        },
        "2023-02": {
            "month": "2023-02",
            "price": "22.90",
            "revenue": 323585
        },
        "2023-03": {
            "month": "2023-03",
            "price": "24.53",
            "revenue": 396593
        },
        "2023-04": {
            "month": "2023-04",
            "price": "22.78",
            "revenue": 244341
        },
        "2023-05": {
            "month": "2023-05",
            "price": "23.14",
            "revenue": 284336
        }
    }
}
