{
    "summary": {
        "stock_name": "同欣電",
        "stock_id": "6271",
        "category": "半導體",
        "main_business": "影像產品<br>陶瓷電路板<br>混合積體電路模組",
        "website_url": "http://www.theil.com",
        "ceo": "張嘉帥",
        "pe_ratio": 11,
        "report_year_from": 2001,
        "report_year_to": 2023,
        "age": 22,
        "eps_negative_percentage": 1,
        "eps_growth_avg": {
            "last_all": 18.25,
            "last_2y": 62.45,
            "last_4y": 32.87,
            "last_8y": 13.45,
            "last_12y": 17.59,
            "last_16y": null,
            "last_20y": null,
            "at_2006_last_3y": null,
            "at_2007_last_3y": null,
            "at_2008_last_3y": null,
            "at_2009_last_3y": null,
            "at_2010_last_3y": 27.92,
            "at_2011_last_3y": 5.87,
            "at_2012_last_3y": 20.15,
            "at_2013_last_3y": 26.91,
            "at_2014_last_3y": 13.67,
            "at_2015_last_3y": 2.96,
            "at_2016_last_3y": -4.16,
            "at_2017_last_3y": -10.82,
            "at_2018_last_3y": -8.74,
            "at_2019_last_3y": -7.66,
            "at_2020_last_3y": 11.63,
            "at_2021_last_3y": 37.22,
            "at_2022_last_3y": 40.15,
            "at_2023_last_3y": 40.15,
            "at_2006_last_all": null,
            "at_2007_last_all": null,
            "at_2008_last_all": 34.98,
            "at_2009_last_all": 21.13,
            "at_2010_last_all": 27.92,
            "at_2011_last_all": 24.7,
            "at_2012_last_all": 25.09,
            "at_2013_last_all": 24.43,
            "at_2014_last_all": 20.8,
            "at_2015_last_all": 15.03,
            "at_2016_last_all": 13.39,
            "at_2017_last_all": 11.61,
            "at_2018_last_all": 10.95,
            "at_2019_last_all": 8.05,
            "at_2020_last_all": 12.89,
            "at_2021_last_all": 18.44,
            "at_2022_last_all": 18.25,
            "at_2023_last_all": 18.25
        },
        "latest_eps": 16.2,
        "latest_price": 170.5,
        "latest_roe": 10.67,
        "latest_gross_margin": 28.03,
        "latest_equity": 24910768,
        "latest_revenue": 2900448,
        "latest_gross_profit": 813102,
        "latest_net_income": 372093,
        "latest_debt_ratio": 29.32,
        "latest_current_ratio": 236.2,
        "latest_account_receivable_turnover_ratio": 1.42,
        "latest_inventory_turnover_ratio": 1.21,
        "latest_reinvestment_rate": 101.07,
        "latest_research_to_sale_ratio": 3.11
    },
    "eps_dividends": {
        "2001": {
            "cash": 0,
            "stock": 0,
            "eps": 0
        },
        "2002": {
            "cash": 0,
            "stock": 0,
            "eps": 0
        },
        "2003": {
            "cash": 1,
            "stock": 1,
            "eps": 0
        },
        "2004": {
            "cash": 1,
            "stock": 0,
            "eps": 0
        },
        "2005": {
            "cash": 0,
            "stock": 0,
            "eps": 0
        },
        "2006": {
            "cash": 1,
            "stock": 1,
            "eps": 2.08
        },
        "2007": {
            "cash": 6,
            "stock": 2,
            "eps": 5.86
        },
        "2008": {
            "cash": 0,
            "stock": 0,
            "eps": 4.1
        },
        "2009": {
            "cash": 3,
            "stock": 1,
            "eps": 3.83
        },
        "2010": {
            "cash": 3,
            "stock": 0,
            "eps": 5.68
        },
        "2011": {
            "cash": 8,
            "stock": 0,
            "eps": 6.35
        },
        "2012": {
            "cash": 0,
            "stock": 0,
            "eps": 8.07
        },
        "2013": {
            "cash": 5,
            "stock": 0,
            "eps": 9.72
        },
        "2014": {
            "cash": 7,
            "stock": 0,
            "eps": 9.27
        },
        "2015": {
            "cash": 6,
            "stock": 0,
            "eps": 6.39
        },
        "2016": {
            "cash": 6,
            "stock": 0,
            "eps": 6.3
        },
        "2017": {
            "cash": 6,
            "stock": 0,
            "eps": 5.91
        },
        "2018": {
            "cash": 6,
            "stock": 0,
            "eps": 6.13
        },
        "2019": {
            "cash": 6,
            "stock": 0,
            "eps": 4.49
        },
        "2020": {
            "cash": 2,
            "stock": 0,
            "eps": 7.89
        },
        "2021": {
            "cash": 6,
            "stock": 0,
            "eps": 15.48
        },
        "2022": {
            "cash": 9,
            "stock": 0,
            "eps": 17.87
        },
        "2023": {
            "cash": 8,
            "stock": 3,
            "eps": 2.31
        }
    },
    "dividends": {
        "2003-03-26": {
            "cash": 0.5,
            "stock": 0.5
        },
        "2004-04-02": {
            "cash": 0.5,
            "stock": 0
        },
        "2005-03-30": {
            "cash": 0.25,
            "stock": 0
        },
        "2006-03-29": {
            "cash": 0.5,
            "stock": 0.5
        },
        "2007-03-22": {
            "cash": 1.5,
            "stock": 0.5
        },
        "2007-06-19": {
            "cash": 3.5,
            "stock": 0.5
        },
        "2009-04-02": {
            "cash": 2.5,
            "stock": 0.5
        },
        "2010-03-18": {
            "cash": 3,
            "stock": 0
        },
        "2011-01-01": {
            "cash": 3.94,
            "stock": 0
        },
        "2011-03-16": {
            "cash": 4,
            "stock": 0
        },
        "2013-02-07": {
            "cash": 5,
            "stock": 0
        },
        "2014-08-29": {
            "cash": 7,
            "stock": 0
        },
        "2015-08-31": {
            "cash": 6,
            "stock": 0
        },
        "2016-08-31": {
            "cash": 6,
            "stock": 0
        },
        "2017-08-30": {
            "cash": 6,
            "stock": 0
        },
        "2018-08-31": {
            "cash": 6,
            "stock": 0
        },
        "2019-08-30": {
            "cash": 6,
            "stock": 0
        },
        "2020-08-06": {
            "cash": 2.44,
            "stock": 0
        },
        "2021-08-20": {
            "cash": 5.5,
            "stock": 0
        },
        "2022-07-22": {
            "cash": 9,
            "stock": 0
        },
        "2023-03-14": {
            "cash": 7.77,
            "stock": 3
        }
    },
    "prices": {
        "200101": "無",
        "200102": "無",
        "200103": "無",
        "200104": "無",
        "200105": "無",
        "200106": "無",
        "200107": "無",
        "200108": "無",
        "200109": "無",
        "200110": "無",
        "200111": "無",
        "200112": "無",
        "200201": "無",
        "200202": "無",
        "200203": "無",
        "200204": "無",
        "200205": "無",
        "200206": "無",
        "200207": "無",
        "200208": "無",
        "200209": "無",
        "200210": "無",
        "200211": "無",
        "200212": "無",
        "200301": "無",
        "200302": "無",
        "200303": "無",
        "200304": "無",
        "200305": "無",
        "200306": "無",
        "200307": "無",
        "200308": "無",
        "200309": "14.55",
        "200310": "14.60",
        "200311": "14.67",
        "200312": "13.70",
        "200401": "13.65",
        "200402": "13.48",
        "200403": "14.61",
        "200404": "13.96",
        "200405": "12.54",
        "200406": "12.21",
        "200407": "11.80",
        "200408": "10.70",
        "200409": "9.13",
        "200410": "8.50",
        "200411": "8.61",
        "200412": "8.27",
        "200501": "7.21",
        "200502": "5.69",
        "200503": "5.28",
        "200504": "5.46",
        "200505": "5.10",
        "200506": "5.01",
        "200507": "6.66",
        "200508": "7.07",
        "200509": "7.03",
        "200510": "8.52",
        "200511": "10.48",
        "200512": "16.47",
        "200601": "17.67",
        "200602": "16.91",
        "200603": "20.98",
        "200604": "29.49",
        "200605": "31.71",
        "200606": "28.42",
        "200607": "29.10",
        "200608": "29.87",
        "200609": "29.84",
        "200610": "32.07",
        "200611": "39.50",
        "200612": "40.00",
        "200701": "44.71",
        "200702": "52.57",
        "200703": "64.18",
        "200704": "63.74",
        "200705": "73.63",
        "200706": "99.26",
        "200707": "135.60",
        "200708": "119.98",
        "200709": "102.37",
        "200710": "93.86",
        "200711": "81.42",
        "200712": "91.24",
        "200801": "80.34",
        "200802": "72.93",
        "200803": "77.90",
        "200804": "90.21",
        "200805": "93.32",
        "200806": "81.22",
        "200807": "75.75",
        "200808": "69.72",
        "200809": "57.55",
        "200810": "40.52",
        "200811": "30.06",
        "200812": "27.82",
        "200901": "34.37",
        "200902": "34.85",
        "200903": "35.42",
        "200904": "40.38",
        "200905": "47.12",
        "200906": "52.00",
        "200907": "58.55",
        "200908": "64.88",
        "200909": "76.86",
        "200910": "79.86",
        "200911": "80.87",
        "200912": "96.50",
        "201001": "112.72",
        "201002": "105.27",
        "201003": "118.72",
        "201004": "121.07",
        "201005": "111.31",
        "201006": "116.14",
        "201007": "123.64",
        "201008": "131.64",
        "201009": "145.26",
        "201010": "133.31",
        "201011": "126.27",
        "201012": "137.39",
        "201101": "134.18",
        "201102": "135.68",
        "201103": "152.91",
        "201104": "137.29",
        "201105": "115.57",
        "201106": "126.17",
        "201107": "125.00",
        "201108": "86.34",
        "201109": "75.02",
        "201110": "78.06",
        "201111": "78.64",
        "201112": "70.91",
        "201201": "76.21",
        "201202": "96.96",
        "201203": "107.96",
        "201204": "105.06",
        "201205": "102.37",
        "201206": "92.63",
        "201207": "90.73",
        "201208": "93.91",
        "201209": "99.96",
        "201210": "98.68",
        "201211": "101.10",
        "201212": "100.62",
        "201301": "107.75",
        "201302": "125.92",
        "201303": "128.67",
        "201304": "128.98",
        "201305": "124.89",
        "201306": "136.97",
        "201307": "155.13",
        "201308": "152.67",
        "201309": "154.08",
        "201310": "151.11",
        "201311": "157.60",
        "201312": "147.11",
        "201401": "146.19",
        "201402": "151.50",
        "201403": "167.26",
        "201404": "158.64",
        "201405": "157.29",
        "201406": "157.48",
        "201407": "159.36",
        "201408": "150.57",
        "201409": "134.93",
        "201410": "120.77",
        "201411": "121.85",
        "201412": "112.73",
        "201501": "112.20",
        "201502": "114.62",
        "201503": "115.23",
        "201504": "104.46",
        "201505": "89.91",
        "201506": "86.39",
        "201507": "79.39",
        "201508": "67.87",
        "201509": "80.27",
        "201510": "86.09",
        "201511": "80.51",
        "201512": "78.68",
        "201601": "70.72",
        "201602": "79.54",
        "201603": "92.24",
        "201604": "90.97",
        "201605": "94.50",
        "201606": "100.72",
        "201607": "117.35",
        "201608": "120.37",
        "201609": "119.24",
        "201610": "114.40",
        "201611": "95.63",
        "201612": "101.86",
        "201701": "113.97",
        "201702": "123.42",
        "201703": "135.96",
        "201704": "125.39",
        "201705": "117.22",
        "201706": "120.35",
        "201707": "127.69",
        "201708": "123.28",
        "201709": "127.41",
        "201710": "129.16",
        "201711": "144.09",
        "201712": "137.29",
        "201801": "127.66",
        "201802": "111.96",
        "201803": "118.61",
        "201804": "115.39",
        "201805": "110.34",
        "201806": "109.82",
        "201807": "104.20",
        "201808": "89.49",
        "201809": "84.24",
        "201810": "89.80",
        "201811": "103.39",
        "201812": "106.81",
        "201901": "105.83",
        "201902": "106.04",
        "201903": "105.48",
        "201904": "105.58",
        "201905": "104.61",
        "201906": "104.68",
        "201907": "120.35",
        "201908": "122.81",
        "201909": "119.87",
        "201910": "134.45",
        "201911": "130.00",
        "201912": "142.07",
        "202001": "154.53",
        "202002": "152.95",
        "202003": "119.12",
        "202004": "115.78",
        "202005": "132.65",
        "202006": "143.55",
        "202007": "144.93",
        "202008": "137.02",
        "202009": "130.48",
        "202010": "133.95",
        "202011": "139.32",
        "202012": "190.93",
        "202101": "211.05",
        "202102": "216.69",
        "202103": "201.57",
        "202104": "200.42",
        "202105": "170.83",
        "202106": "195.64",
        "202107": "240.41",
        "202108": "252.20",
        "202109": "235.98",
        "202110": "238.02",
        "202111": "292.43",
        "202112": "290.68",
        "202201": "273.61",
        "202202": "278.33",
        "202203": "273.65",
        "202204": "257.26",
        "202205": "244.55",
        "202206": "229.98",
        "202207": "192.14",
        "202208": "201.37",
        "202209": "194.26",
        "202210": "163.88",
        "202211": "188.98",
        "202212": "206.10",
        "202301": "208.00",
        "202302": "231.03",
        "202303": "208.89",
        "202304": "183.47",
        "202305": "170.45"
    },
    "quarters": {
        "20011": {
            "year_quarter": 20011,
            "year": 2001,
            "quarter": 1,
            "eps": null,
            "eps_growth_year": null,
            "eps_4q": null,
            "eps_4q_growth_year": null,
            "roe": null,
            "gross_profit": null,
            "gross_margin": null,
            "net_income": null,
            "revenue": null,
            "common_shares": null,
            "equity": null,
            "current_ratio": null,
            "debt_ratio": null,
            "inventory_turnover_ratio": null,
            "account_receivable_turnover_ratio": null,
            "reinvestment_rate": null,
            "research_to_sale_ratio": null,
            "price_fair": 0,
            "eps_avg_yearly": 0,
            "eps_latest_yearly": 0,
            "eps_growth_yearly": 0
        },
        "20012": {
            "year_quarter": 20012,
            "year": 2001,
            "quarter": 2,
            "eps": null,
            "eps_growth_year": null,
            "eps_4q": null,
            "eps_4q_growth_year": null,
            "roe": null,
            "gross_profit": null,
            "gross_margin": null,
            "net_income": null,
            "revenue": null,
            "common_shares": null,
            "equity": null,
            "current_ratio": null,
            "debt_ratio": null,
            "inventory_turnover_ratio": null,
            "account_receivable_turnover_ratio": null,
            "reinvestment_rate": null,
            "research_to_sale_ratio": null,
            "price_fair": 0,
            "eps_avg_yearly": 0,
            "eps_latest_yearly": 0,
            "eps_growth_yearly": 0
        },
        "20013": {
            "year_quarter": 20013,
            "year": 2001,
            "quarter": 3,
            "eps": null,
            "eps_growth_year": null,
            "eps_4q": null,
            "eps_4q_growth_year": null,
            "roe": null,
            "gross_profit": null,
            "gross_margin": null,
            "net_income": null,
            "revenue": null,
            "common_shares": null,
            "equity": null,
            "current_ratio": null,
            "debt_ratio": null,
            "inventory_turnover_ratio": null,
            "account_receivable_turnover_ratio": null,
            "reinvestment_rate": null,
            "research_to_sale_ratio": null,
            "price_fair": 0,
            "eps_avg_yearly": 0,
            "eps_latest_yearly": 0,
            "eps_growth_yearly": 0
        },
        "20014": {
            "year_quarter": 20014,
            "year": 2001,
            "quarter": 4,
            "eps": null,
            "eps_growth_year": null,
            "eps_4q": null,
            "eps_4q_growth_year": null,
            "roe": null,
            "gross_profit": null,
            "gross_margin": null,
            "net_income": null,
            "revenue": null,
            "common_shares": 671100,
            "equity": 1145431,
            "current_ratio": 209.02,
            "debt_ratio": 25.69,
            "inventory_turnover_ratio": null,
            "account_receivable_turnover_ratio": null,
            "reinvestment_rate": null,
            "research_to_sale_ratio": null,
            "price_fair": 0,
            "eps_avg_yearly": 0,
            "eps_latest_yearly": 0,
            "eps_growth_yearly": 0
        },
        "20021": {
            "year_quarter": 20021,
            "year": 2002,
            "quarter": 1,
            "eps": null,
            "eps_growth_year": null,
            "eps_4q": null,
            "eps_4q_growth_year": null,
            "roe": null,
            "gross_profit": null,
            "gross_margin": null,
            "net_income": null,
            "revenue": null,
            "common_shares": null,
            "equity": null,
            "current_ratio": null,
            "debt_ratio": null,
            "inventory_turnover_ratio": null,
            "account_receivable_turnover_ratio": null,
            "reinvestment_rate": null,
            "research_to_sale_ratio": null,
            "price_fair": 0,
            "eps_avg_yearly": 0,
            "eps_latest_yearly": 0,
            "eps_growth_yearly": 0
        },
        "20022": {
            "year_quarter": 20022,
            "year": 2002,
            "quarter": 2,
            "eps": null,
            "eps_growth_year": null,
            "eps_4q": null,
            "eps_4q_growth_year": null,
            "roe": null,
            "gross_profit": null,
            "gross_margin": null,
            "net_income": null,
            "revenue": null,
            "common_shares": null,
            "equity": null,
            "current_ratio": null,
            "debt_ratio": null,
            "inventory_turnover_ratio": null,
            "account_receivable_turnover_ratio": null,
            "reinvestment_rate": null,
            "research_to_sale_ratio": null,
            "price_fair": 0,
            "eps_avg_yearly": 0,
            "eps_latest_yearly": 0,
            "eps_growth_yearly": 0
        },
        "20023": {
            "year_quarter": 20023,
            "year": 2002,
            "quarter": 3,
            "eps": null,
            "eps_growth_year": null,
            "eps_4q": null,
            "eps_4q_growth_year": null,
            "roe": null,
            "gross_profit": null,
            "gross_margin": null,
            "net_income": null,
            "revenue": null,
            "common_shares": null,
            "equity": null,
            "current_ratio": null,
            "debt_ratio": null,
            "inventory_turnover_ratio": null,
            "account_receivable_turnover_ratio": null,
            "reinvestment_rate": null,
            "research_to_sale_ratio": null,
            "price_fair": 0,
            "eps_avg_yearly": 0,
            "eps_latest_yearly": 0,
            "eps_growth_yearly": 0
        },
        "20024": {
            "year_quarter": 20024,
            "year": 2002,
            "quarter": 4,
            "eps": null,
            "eps_growth_year": null,
            "eps_4q": null,
            "eps_4q_growth_year": null,
            "roe": null,
            "gross_profit": null,
            "gross_margin": null,
            "net_income": null,
            "revenue": null,
            "common_shares": 738210,
            "equity": 1184680,
            "current_ratio": 251.15,
            "debt_ratio": 22.72,
            "inventory_turnover_ratio": null,
            "account_receivable_turnover_ratio": null,
            "reinvestment_rate": null,
            "research_to_sale_ratio": null,
            "price_fair": 0,
            "eps_avg_yearly": 0,
            "eps_latest_yearly": 0,
            "eps_growth_yearly": 0
        },
        "20031": {
            "year_quarter": 20031,
            "year": 2003,
            "quarter": 1,
            "eps": null,
            "eps_growth_year": null,
            "eps_4q": null,
            "eps_4q_growth_year": null,
            "roe": null,
            "gross_profit": null,
            "gross_margin": null,
            "net_income": null,
            "revenue": null,
            "common_shares": null,
            "equity": null,
            "current_ratio": null,
            "debt_ratio": null,
            "inventory_turnover_ratio": null,
            "account_receivable_turnover_ratio": null,
            "reinvestment_rate": null,
            "research_to_sale_ratio": null,
            "price_fair": 0,
            "eps_avg_yearly": 0,
            "eps_latest_yearly": 0,
            "eps_growth_yearly": 0
        },
        "20032": {
            "year_quarter": 20032,
            "year": 2003,
            "quarter": 2,
            "eps": null,
            "eps_growth_year": null,
            "eps_4q": null,
            "eps_4q_growth_year": null,
            "roe": null,
            "gross_profit": null,
            "gross_margin": null,
            "net_income": null,
            "revenue": null,
            "common_shares": null,
            "equity": null,
            "current_ratio": null,
            "debt_ratio": null,
            "inventory_turnover_ratio": null,
            "account_receivable_turnover_ratio": null,
            "reinvestment_rate": null,
            "research_to_sale_ratio": null,
            "price_fair": 0,
            "eps_avg_yearly": 0,
            "eps_latest_yearly": 0,
            "eps_growth_yearly": 0
        },
        "20033": {
            "year_quarter": 20033,
            "year": 2003,
            "quarter": 3,
            "eps": null,
            "eps_growth_year": null,
            "eps_4q": null,
            "eps_4q_growth_year": null,
            "roe": null,
            "gross_profit": null,
            "gross_margin": null,
            "net_income": null,
            "revenue": null,
            "common_shares": null,
            "equity": null,
            "current_ratio": null,
            "debt_ratio": null,
            "inventory_turnover_ratio": null,
            "account_receivable_turnover_ratio": null,
            "reinvestment_rate": null,
            "research_to_sale_ratio": null,
            "price_fair": 0,
            "eps_avg_yearly": 0,
            "eps_latest_yearly": 0,
            "eps_growth_yearly": 0
        },
        "20034": {
            "year_quarter": 20034,
            "year": 2003,
            "quarter": 4,
            "eps": null,
            "eps_growth_year": null,
            "eps_4q": null,
            "eps_4q_growth_year": null,
            "roe": null,
            "gross_profit": null,
            "gross_margin": null,
            "net_income": null,
            "revenue": null,
            "common_shares": 779121,
            "equity": 1127403,
            "current_ratio": 161.23,
            "debt_ratio": 28.34,
            "inventory_turnover_ratio": null,
            "account_receivable_turnover_ratio": null,
            "reinvestment_rate": null,
            "research_to_sale_ratio": null,
            "price_fair": 0,
            "eps_avg_yearly": 0,
            "eps_latest_yearly": 0,
            "eps_growth_yearly": 0
        },
        "20041": {
            "year_quarter": 20041,
            "year": 2004,
            "quarter": 1,
            "eps": null,
            "eps_growth_year": null,
            "eps_4q": null,
            "eps_4q_growth_year": null,
            "roe": null,
            "gross_profit": null,
            "gross_margin": null,
            "net_income": null,
            "revenue": null,
            "common_shares": null,
            "equity": null,
            "current_ratio": null,
            "debt_ratio": null,
            "inventory_turnover_ratio": null,
            "account_receivable_turnover_ratio": null,
            "reinvestment_rate": null,
            "research_to_sale_ratio": null,
            "price_fair": 0,
            "eps_avg_yearly": 0,
            "eps_latest_yearly": 0,
            "eps_growth_yearly": 0
        },
        "20042": {
            "year_quarter": 20042,
            "year": 2004,
            "quarter": 2,
            "eps": null,
            "eps_growth_year": null,
            "eps_4q": null,
            "eps_4q_growth_year": null,
            "roe": null,
            "gross_profit": null,
            "gross_margin": null,
            "net_income": null,
            "revenue": null,
            "common_shares": null,
            "equity": null,
            "current_ratio": null,
            "debt_ratio": null,
            "inventory_turnover_ratio": null,
            "account_receivable_turnover_ratio": null,
            "reinvestment_rate": null,
            "research_to_sale_ratio": null,
            "price_fair": 0,
            "eps_avg_yearly": 0,
            "eps_latest_yearly": 0,
            "eps_growth_yearly": 0
        },
        "20043": {
            "year_quarter": 20043,
            "year": 2004,
            "quarter": 3,
            "eps": null,
            "eps_growth_year": null,
            "eps_4q": null,
            "eps_4q_growth_year": null,
            "roe": null,
            "gross_profit": null,
            "gross_margin": null,
            "net_income": null,
            "revenue": null,
            "common_shares": null,
            "equity": null,
            "current_ratio": null,
            "debt_ratio": null,
            "inventory_turnover_ratio": null,
            "account_receivable_turnover_ratio": null,
            "reinvestment_rate": null,
            "research_to_sale_ratio": null,
            "price_fair": 0,
            "eps_avg_yearly": 0,
            "eps_latest_yearly": 0,
            "eps_growth_yearly": 0
        },
        "20044": {
            "year_quarter": 20044,
            "year": 2004,
            "quarter": 4,
            "eps": null,
            "eps_growth_year": null,
            "eps_4q": null,
            "eps_4q_growth_year": null,
            "roe": null,
            "gross_profit": null,
            "gross_margin": null,
            "net_income": null,
            "revenue": null,
            "common_shares": 779121,
            "equity": 1043129,
            "current_ratio": 142.66,
            "debt_ratio": 30.02,
            "inventory_turnover_ratio": null,
            "account_receivable_turnover_ratio": null,
            "reinvestment_rate": null,
            "research_to_sale_ratio": null,
            "price_fair": 0,
            "eps_avg_yearly": 0,
            "eps_latest_yearly": 0,
            "eps_growth_yearly": 0
        },
        "20051": {
            "year_quarter": 20051,
            "year": 2005,
            "quarter": 1,
            "eps": null,
            "eps_growth_year": null,
            "eps_4q": null,
            "eps_4q_growth_year": null,
            "roe": null,
            "gross_profit": null,
            "gross_margin": null,
            "net_income": null,
            "revenue": null,
            "common_shares": null,
            "equity": null,
            "current_ratio": null,
            "debt_ratio": null,
            "inventory_turnover_ratio": null,
            "account_receivable_turnover_ratio": null,
            "reinvestment_rate": null,
            "research_to_sale_ratio": null,
            "price_fair": 0,
            "eps_avg_yearly": 0,
            "eps_latest_yearly": 0,
            "eps_growth_yearly": 0
        },
        "20052": {
            "year_quarter": 20052,
            "year": 2005,
            "quarter": 2,
            "eps": null,
            "eps_growth_year": null,
            "eps_4q": null,
            "eps_4q_growth_year": null,
            "roe": null,
            "gross_profit": null,
            "gross_margin": null,
            "net_income": null,
            "revenue": null,
            "common_shares": null,
            "equity": null,
            "current_ratio": null,
            "debt_ratio": null,
            "inventory_turnover_ratio": null,
            "account_receivable_turnover_ratio": null,
            "reinvestment_rate": null,
            "research_to_sale_ratio": null,
            "price_fair": 0,
            "eps_avg_yearly": 0,
            "eps_latest_yearly": 0,
            "eps_growth_yearly": 0
        },
        "20053": {
            "year_quarter": 20053,
            "year": 2005,
            "quarter": 3,
            "eps": null,
            "eps_growth_year": null,
            "eps_4q": null,
            "eps_4q_growth_year": null,
            "roe": null,
            "gross_profit": null,
            "gross_margin": null,
            "net_income": null,
            "revenue": null,
            "common_shares": null,
            "equity": null,
            "current_ratio": null,
            "debt_ratio": null,
            "inventory_turnover_ratio": null,
            "account_receivable_turnover_ratio": null,
            "reinvestment_rate": null,
            "research_to_sale_ratio": null,
            "price_fair": 0,
            "eps_avg_yearly": 0,
            "eps_latest_yearly": 0,
            "eps_growth_yearly": 0
        },
        "20054": {
            "year_quarter": 20054,
            "year": 2005,
            "quarter": 4,
            "eps": null,
            "eps_growth_year": null,
            "eps_4q": null,
            "eps_4q_growth_year": null,
            "roe": null,
            "gross_profit": null,
            "gross_margin": null,
            "net_income": null,
            "revenue": null,
            "common_shares": 779121,
            "equity": 1143970,
            "current_ratio": 123.48,
            "debt_ratio": 35.67,
            "inventory_turnover_ratio": null,
            "account_receivable_turnover_ratio": null,
            "reinvestment_rate": null,
            "research_to_sale_ratio": null,
            "price_fair": 0,
            "eps_avg_yearly": 0,
            "eps_latest_yearly": 0,
            "eps_growth_yearly": 0
        },
        "20061": {
            "year_quarter": 20061,
            "year": 2006,
            "quarter": 1,
            "eps": null,
            "eps_growth_year": null,
            "eps_4q": null,
            "eps_4q_growth_year": null,
            "roe": null,
            "gross_profit": null,
            "gross_margin": null,
            "net_income": null,
            "revenue": null,
            "common_shares": null,
            "equity": null,
            "current_ratio": null,
            "debt_ratio": null,
            "inventory_turnover_ratio": null,
            "account_receivable_turnover_ratio": null,
            "reinvestment_rate": null,
            "research_to_sale_ratio": null,
            "price_fair": 0,
            "eps_avg_yearly": 0,
            "eps_latest_yearly": 0,
            "eps_growth_yearly": 0
        },
        "20062": {
            "year_quarter": 20062,
            "year": 2006,
            "quarter": 2,
            "eps": null,
            "eps_growth_year": null,
            "eps_4q": null,
            "eps_4q_growth_year": null,
            "roe": null,
            "gross_profit": null,
            "gross_margin": null,
            "net_income": null,
            "revenue": null,
            "common_shares": null,
            "equity": null,
            "current_ratio": null,
            "debt_ratio": null,
            "inventory_turnover_ratio": null,
            "account_receivable_turnover_ratio": null,
            "reinvestment_rate": null,
            "research_to_sale_ratio": null,
            "price_fair": 0,
            "eps_avg_yearly": 0,
            "eps_latest_yearly": 0,
            "eps_growth_yearly": 0
        },
        "20063": {
            "year_quarter": 20063,
            "year": 2006,
            "quarter": 3,
            "eps": 1.17,
            "eps_growth_year": null,
            "eps_4q": null,
            "eps_4q_growth_year": null,
            "roe": 7.5,
            "gross_profit": 121892,
            "gross_margin": 23.43,
            "net_income": 96061,
            "revenue": 520338,
            "common_shares": 818077,
            "equity": 1280164,
            "current_ratio": 116.44,
            "debt_ratio": 37.24,
            "inventory_turnover_ratio": 2.14,
            "account_receivable_turnover_ratio": null,
            "reinvestment_rate": null,
            "research_to_sale_ratio": null,
            "price_fair": 0,
            "eps_avg_yearly": 0,
            "eps_latest_yearly": 0,
            "eps_growth_yearly": 0
        },
        "20064": {
            "year_quarter": 20064,
            "year": 2006,
            "quarter": 4,
            "eps": 0.91,
            "eps_growth_year": null,
            "eps_4q": null,
            "eps_4q_growth_year": null,
            "roe": 5.63,
            "gross_profit": 131290,
            "gross_margin": 22.36,
            "net_income": 74240,
            "revenue": 587133,
            "common_shares": 818077,
            "equity": 1358093,
            "current_ratio": 179.87,
            "debt_ratio": 33.49,
            "inventory_turnover_ratio": 2.32,
            "account_receivable_turnover_ratio": null,
            "reinvestment_rate": null,
            "research_to_sale_ratio": null,
            "price_fair": 10.92,
            "eps_avg_yearly": 3.64,
            "eps_latest_yearly": 3.64,
            "eps_growth_yearly": -88.89
        },
        "20071": {
            "year_quarter": 20071,
            "year": 2007,
            "quarter": 1,
            "eps": 1.34,
            "eps_growth_year": null,
            "eps_4q": null,
            "eps_4q_growth_year": null,
            "roe": 7.76,
            "gross_profit": 146493,
            "gross_margin": 22.59,
            "net_income": 109935,
            "revenue": 648376,
            "common_shares": 818077,
            "equity": 1474653,
            "current_ratio": 147.19,
            "debt_ratio": 32.75,
            "inventory_turnover_ratio": 2.44,
            "account_receivable_turnover_ratio": null,
            "reinvestment_rate": null,
            "research_to_sale_ratio": null,
            "price_fair": 157.5,
            "eps_avg_yearly": 4.5,
            "eps_latest_yearly": 5.36,
            "eps_growth_yearly": 50.06
        },
        "20072": {
            "year_quarter": 20072,
            "year": 2007,
            "quarter": 2,
            "eps": 1.2,
            "eps_growth_year": null,
            "eps_4q": 4.43,
            "eps_4q_growth_year": null,
            "roe": 7.14,
            "gross_profit": 176565,
            "gross_margin": 24.62,
            "net_income": 104194,
            "revenue": 717070,
            "common_shares": 818077,
            "equity": 1443122,
            "current_ratio": 128.73,
            "debt_ratio": 38.07,
            "inventory_turnover_ratio": 2.8,
            "account_receivable_turnover_ratio": null,
            "reinvestment_rate": null,
            "research_to_sale_ratio": null,
            "price_fair": 135.44,
            "eps_avg_yearly": 4.6,
            "eps_latest_yearly": 4.8,
            "eps_growth_yearly": 19.44
        },
        "20073": {
            "year_quarter": 20073,
            "year": 2007,
            "quarter": 3,
            "eps": 1.65,
            "eps_growth_year": 41.03,
            "eps_4q": 4.98,
            "eps_4q_growth_year": null,
            "roe": 9.45,
            "gross_profit": 205499,
            "gross_margin": 23.63,
            "net_income": 142996,
            "revenue": 869521,
            "common_shares": 866981,
            "equity": 1583010,
            "current_ratio": 126.75,
            "debt_ratio": 36.81,
            "inventory_turnover_ratio": 3.44,
            "account_receivable_turnover_ratio": null,
            "reinvestment_rate": null,
            "research_to_sale_ratio": null,
            "price_fair": 178.5,
            "eps_avg_yearly": 5.1,
            "eps_latest_yearly": 6.6,
            "eps_growth_yearly": 52.08
        },
        "20074": {
            "year_quarter": 20074,
            "year": 2007,
            "quarter": 4,
            "eps": 1.67,
            "eps_growth_year": 83.52,
            "eps_4q": 5.71,
            "eps_4q_growth_year": null,
            "roe": 7.09,
            "gross_profit": 211870,
            "gross_margin": 22.55,
            "net_income": 147514,
            "revenue": 939366,
            "common_shares": 986981,
            "equity": 2580684,
            "current_ratio": 318.52,
            "debt_ratio": 23.12,
            "inventory_turnover_ratio": 2.69,
            "account_receivable_turnover_ratio": null,
            "reinvestment_rate": null,
            "research_to_sale_ratio": null,
            "price_fair": 189.56,
            "eps_avg_yearly": 5.42,
            "eps_latest_yearly": 6.68,
            "eps_growth_yearly": 42.64
        },
        "20081": {
            "year_quarter": 20081,
            "year": 2008,
            "quarter": 1,
            "eps": 1.14,
            "eps_growth_year": -14.93,
            "eps_4q": 5.15,
            "eps_4q_growth_year": null,
            "roe": 4.28,
            "gross_profit": 276991,
            "gross_margin": 27.9,
            "net_income": 112093,
            "revenue": 992725,
            "common_shares": 986981,
            "equity": 2658837,
            "current_ratio": 326.34,
            "debt_ratio": 21.92,
            "inventory_turnover_ratio": 2.2,
            "account_receivable_turnover_ratio": null,
            "reinvestment_rate": null,
            "research_to_sale_ratio": null,
            "price_fair": 128.52,
            "eps_avg_yearly": 5.27,
            "eps_latest_yearly": 4.56,
            "eps_growth_yearly": 14.37
        },
        "20082": {
            "year_quarter": 20082,
            "year": 2008,
            "quarter": 2,
            "eps": 1.41,
            "eps_growth_year": 17.5,
            "eps_4q": 5.24,
            "eps_4q_growth_year": 18.24,
            "roe": 5.82,
            "gross_profit": 287130,
            "gross_margin": 27.41,
            "net_income": 148401,
            "revenue": 1047457,
            "common_shares": 986981,
            "equity": 2440727,
            "current_ratio": 193.46,
            "debt_ratio": 33.44,
            "inventory_turnover_ratio": 2.44,
            "account_receivable_turnover_ratio": null,
            "reinvestment_rate": null,
            "research_to_sale_ratio": null,
            "price_fair": 186.4,
            "eps_avg_yearly": 5.33,
            "eps_latest_yearly": 5.64,
            "eps_growth_yearly": 25.85
        },
        "20083": {
            "year_quarter": 20083,
            "year": 2008,
            "quarter": 3,
            "eps": 1.49,
            "eps_growth_year": -9.7,
            "eps_4q": 5.35,
            "eps_4q_growth_year": 7.49,
            "roe": 5.51,
            "gross_profit": 311677,
            "gross_margin": 27.55,
            "net_income": 157487,
            "revenue": 1131501,
            "common_shares": 1151330,
            "equity": 3274650,
            "current_ratio": 352.44,
            "debt_ratio": 20.97,
            "inventory_turnover_ratio": 2.47,
            "account_receivable_turnover_ratio": null,
            "reinvestment_rate": null,
            "research_to_sale_ratio": null,
            "price_fair": 189.18,
            "eps_avg_yearly": 5.41,
            "eps_latest_yearly": 5.96,
            "eps_growth_yearly": 25.46
        },
        "20084": {
            "year_quarter": 20084,
            "year": 2008,
            "quarter": 4,
            "eps": 0.06,
            "eps_growth_year": -96.41,
            "eps_4q": 4.16,
            "eps_4q_growth_year": -27.16,
            "roe": 0.19,
            "gross_profit": 186691,
            "gross_margin": 23.95,
            "net_income": 6115,
            "revenue": 779566,
            "common_shares": 1151330,
            "equity": 3275947,
            "current_ratio": 418.33,
            "debt_ratio": 17.97,
            "inventory_turnover_ratio": 1.88,
            "account_receivable_turnover_ratio": 3.78,
            "reinvestment_rate": null,
            "research_to_sale_ratio": null,
            "price_fair": 14.49,
            "eps_avg_yearly": 4.83,
            "eps_latest_yearly": 0.24,
            "eps_growth_yearly": -20.03
        },
        "20091": {
            "year_quarter": 20091,
            "year": 2009,
            "quarter": 1,
            "eps": 0.32,
            "eps_growth_year": -71.93,
            "eps_4q": 3.03,
            "eps_4q_growth_year": -41.16,
            "roe": 1.11,
            "gross_profit": 104392,
            "gross_margin": 20.71,
            "net_income": 36803,
            "revenue": 504141,
            "common_shares": 1143419,
            "equity": 3347611,
            "current_ratio": 540.08,
            "debt_ratio": 15.14,
            "inventory_turnover_ratio": 1.57,
            "account_receivable_turnover_ratio": 1.53,
            "reinvestment_rate": null,
            "research_to_sale_ratio": null,
            "price_fair": 156.66,
            "eps_avg_yearly": 4.48,
            "eps_latest_yearly": 1.28,
            "eps_growth_yearly": 155.31
        },
        "20092": {
            "year_quarter": 20092,
            "year": 2009,
            "quarter": 2,
            "eps": 1.02,
            "eps_growth_year": -27.66,
            "eps_4q": 2.78,
            "eps_4q_growth_year": -46.95,
            "roe": 3.58,
            "gross_profit": 191665,
            "gross_margin": 26.21,
            "net_income": 116325,
            "revenue": 731226,
            "common_shares": 1143420,
            "equity": 3141905,
            "current_ratio": 278.46,
            "debt_ratio": 23.06,
            "inventory_turnover_ratio": 2.31,
            "account_receivable_turnover_ratio": 1.99,
            "reinvestment_rate": null,
            "research_to_sale_ratio": null,
            "price_fair": 155.4,
            "eps_avg_yearly": 4.44,
            "eps_latest_yearly": 4.08,
            "eps_growth_yearly": 220.74
        },
        "20093": {
            "year_quarter": 20093,
            "year": 2009,
            "quarter": 3,
            "eps": 1.51,
            "eps_growth_year": 1.34,
            "eps_4q": 2.83,
            "eps_4q_growth_year": -47.07,
            "roe": 5.61,
            "gross_profit": 277286,
            "gross_margin": 29.95,
            "net_income": 181898,
            "revenue": 925740,
            "common_shares": 1200590,
            "equity": 3342928,
            "current_ratio": 396.98,
            "debt_ratio": 17.3,
            "inventory_turnover_ratio": 2.45,
            "account_receivable_turnover_ratio": 1.72,
            "reinvestment_rate": null,
            "research_to_sale_ratio": null,
            "price_fair": 160.07,
            "eps_avg_yearly": 4.57,
            "eps_latest_yearly": 6.04,
            "eps_growth_yearly": 218.36
        },
        "20094": {
            "year_quarter": 20094,
            "year": 2009,
            "quarter": 4,
            "eps": 0.98,
            "eps_growth_year": 1533.33,
            "eps_4q": 3.63,
            "eps_4q_growth_year": -12.83,
            "roe": 3.39,
            "gross_profit": 308785,
            "gross_margin": 27.95,
            "net_income": 118711,
            "revenue": 1104768,
            "common_shares": 1250176,
            "equity": 3660652,
            "current_ratio": 302.47,
            "debt_ratio": 20.71,
            "inventory_turnover_ratio": 2.48,
            "account_receivable_turnover_ratio": 3.34,
            "reinvestment_rate": null,
            "research_to_sale_ratio": null,
            "price_fair": 158.31,
            "eps_avg_yearly": 4.52,
            "eps_latest_yearly": 3.92,
            "eps_growth_yearly": 190.76
        },
        "20101": {
            "year_quarter": 20101,
            "year": 2010,
            "quarter": 1,
            "eps": 0.99,
            "eps_growth_year": 209.61,
            "eps_4q": 4.32,
            "eps_4q_growth_year": 42.57,
            "roe": 3.33,
            "gross_profit": 305204,
            "gross_margin": 27.22,
            "net_income": 123928,
            "revenue": 1121187,
            "common_shares": 1250866,
            "equity": 3778378,
            "current_ratio": 290.85,
            "debt_ratio": 21.09,
            "inventory_turnover_ratio": 2.19,
            "account_receivable_turnover_ratio": 1.81,
            "reinvestment_rate": null,
            "research_to_sale_ratio": 1.42,
            "price_fair": 156.9,
            "eps_avg_yearly": 4.48,
            "eps_latest_yearly": 3.96,
            "eps_growth_yearly": 177.42
        },
        "20102": {
            "year_quarter": 20102,
            "year": 2010,
            "quarter": 2,
            "eps": 1.49,
            "eps_growth_year": 46.27,
            "eps_4q": 4.5,
            "eps_4q_growth_year": 62.07,
            "roe": 4.7,
            "gross_profit": 426779,
            "gross_margin": 29.11,
            "net_income": 210494,
            "revenue": 1466131,
            "common_shares": 1410866,
            "equity": 5183118,
            "current_ratio": 297.35,
            "debt_ratio": 22.66,
            "inventory_turnover_ratio": 2.03,
            "account_receivable_turnover_ratio": 1.99,
            "reinvestment_rate": 132.41,
            "research_to_sale_ratio": 1.16,
            "price_fair": 160.35,
            "eps_avg_yearly": 4.58,
            "eps_latest_yearly": 5.96,
            "eps_growth_yearly": 179.06
        },
        "20103": {
            "year_quarter": 20103,
            "year": 2010,
            "quarter": 3,
            "eps": 1.89,
            "eps_growth_year": 25.09,
            "eps_4q": 5.08,
            "eps_4q_growth_year": 79.55,
            "roe": 5.05,
            "gross_profit": 534638,
            "gross_margin": 29.52,
            "net_income": 267816,
            "revenue": 1810891,
            "common_shares": 1410866,
            "equity": 5423198,
            "current_ratio": 316.18,
            "debt_ratio": 20.93,
            "inventory_turnover_ratio": 1.84,
            "account_receivable_turnover_ratio": 1.96,
            "reinvestment_rate": 97.18,
            "research_to_sale_ratio": 0.89,
            "price_fair": 166.86,
            "eps_avg_yearly": 4.77,
            "eps_latest_yearly": 7.56,
            "eps_growth_yearly": 174.58
        },
        "20104": {
            "year_quarter": 20104,
            "year": 2010,
            "quarter": 4,
            "eps": 1.31,
            "eps_growth_year": 34.07,
            "eps_4q": 5.56,
            "eps_4q_growth_year": 53.3,
            "roe": 3.41,
            "gross_profit": 512079,
            "gross_margin": 29.63,
            "net_income": 186321,
            "revenue": 1728346,
            "common_shares": 1417906,
            "equity": 5508571,
            "current_ratio": 284.41,
            "debt_ratio": 21.81,
            "inventory_turnover_ratio": 1.71,
            "account_receivable_turnover_ratio": 1.88,
            "reinvestment_rate": 86.65,
            "research_to_sale_ratio": 0.9,
            "price_fair": 170.36,
            "eps_avg_yearly": 4.87,
            "eps_latest_yearly": 5.24,
            "eps_growth_yearly": 172.47
        },
        "20111": {
            "year_quarter": 20111,
            "year": 2011,
            "quarter": 1,
            "eps": 1.5,
            "eps_growth_year": 51.4,
            "eps_4q": 6.19,
            "eps_4q_growth_year": 43.07,
            "roe": 3.78,
            "gross_profit": 408587,
            "gross_margin": 26.85,
            "net_income": 212621,
            "revenue": 1521765,
            "common_shares": 1418106,
            "equity": 5732859,
            "current_ratio": 348.16,
            "debt_ratio": 17.57,
            "inventory_turnover_ratio": 1.7,
            "account_receivable_turnover_ratio": 1.8,
            "reinvestment_rate": 154.3,
            "research_to_sale_ratio": 1.03,
            "price_fair": 171.76,
            "eps_avg_yearly": 4.91,
            "eps_latest_yearly": 6,
            "eps_growth_yearly": 164.28
        },
        "20112": {
            "year_quarter": 20112,
            "year": 2011,
            "quarter": 2,
            "eps": 1.51,
            "eps_growth_year": 1.24,
            "eps_4q": 6.21,
            "eps_4q_growth_year": 38.02,
            "roe": 3.85,
            "gross_profit": 477921,
            "gross_margin": 30.41,
            "net_income": 214193,
            "revenue": 1571359,
            "common_shares": 1418106,
            "equity": 5387545,
            "current_ratio": 206.33,
            "debt_ratio": 27.72,
            "inventory_turnover_ratio": 1.65,
            "account_receivable_turnover_ratio": 1.99,
            "reinvestment_rate": 177.6,
            "research_to_sale_ratio": 1.02,
            "price_fair": 174.48,
            "eps_avg_yearly": 4.99,
            "eps_latest_yearly": 6.04,
            "eps_growth_yearly": 167.06
        },
        "20113": {
            "year_quarter": 20113,
            "year": 2011,
            "quarter": 3,
            "eps": 1.66,
            "eps_growth_year": -12.25,
            "eps_4q": 5.46,
            "eps_4q_growth_year": 7.42,
            "roe": 4.06,
            "gross_profit": 498109,
            "gross_margin": 31.47,
            "net_income": 267088,
            "revenue": 1582928,
            "common_shares": 1618106,
            "equity": 7769373,
            "current_ratio": 467.16,
            "debt_ratio": 14.16,
            "inventory_turnover_ratio": 1.65,
            "account_receivable_turnover_ratio": 1.87,
            "reinvestment_rate": 115.24,
            "research_to_sale_ratio": 0.98,
            "price_fair": 174.56,
            "eps_avg_yearly": 4.99,
            "eps_latest_yearly": 6.64,
            "eps_growth_yearly": 160.17
        },
        "20114": {
            "year_quarter": 20114,
            "year": 2011,
            "quarter": 4,
            "eps": 1.68,
            "eps_growth_year": 27.6,
            "eps_4q": 6,
            "eps_4q_growth_year": 7.9,
            "roe": 3.39,
            "gross_profit": 466979,
            "gross_margin": 29.51,
            "net_income": 269102,
            "revenue": 1582323,
            "common_shares": 1625351,
            "equity": 8089865,
            "current_ratio": 465.3,
            "debt_ratio": 14.49,
            "inventory_turnover_ratio": 1.8,
            "account_receivable_turnover_ratio": 1.91,
            "reinvestment_rate": 187.43,
            "research_to_sale_ratio": 0.94,
            "price_fair": 174.65,
            "eps_avg_yearly": 4.99,
            "eps_latest_yearly": 6.72,
            "eps_growth_yearly": 160.17
        },
        "20121": {
            "year_quarter": 20121,
            "year": 2012,
            "quarter": 1,
            "eps": 1.04,
            "eps_growth_year": -30.67,
            "eps_4q": 5.63,
            "eps_4q_growth_year": -9.03,
            "roe": 2.01,
            "gross_profit": 407696,
            "gross_margin": 28.09,
            "net_income": 166258,
            "revenue": 1451193,
            "common_shares": 1627081,
            "equity": 8429152,
            "current_ratio": 523.23,
            "debt_ratio": 13.09,
            "inventory_turnover_ratio": 1.85,
            "account_receivable_turnover_ratio": 1.96,
            "reinvestment_rate": 175.78,
            "research_to_sale_ratio": 1.05,
            "price_fair": 173.78,
            "eps_avg_yearly": 4.97,
            "eps_latest_yearly": 4.16,
            "eps_growth_yearly": 158.58
        },
        "20122": {
            "year_quarter": 20122,
            "year": 2012,
            "quarter": 2,
            "eps": 1.06,
            "eps_growth_year": -29.92,
            "eps_4q": 5.37,
            "eps_4q_growth_year": -13.55,
            "roe": 2.1,
            "gross_profit": 381825,
            "gross_margin": 24.95,
            "net_income": 172435,
            "revenue": 1530490,
            "common_shares": 1628781,
            "equity": 7976685,
            "current_ratio": 303.18,
            "debt_ratio": 20.75,
            "inventory_turnover_ratio": 2.06,
            "account_receivable_turnover_ratio": 2.03,
            "reinvestment_rate": 176.58,
            "research_to_sale_ratio": 1.3,
            "price_fair": 170.71,
            "eps_avg_yearly": 4.88,
            "eps_latest_yearly": 4.24,
            "eps_growth_yearly": 153.14
        },
        "20123": {
            "year_quarter": 20123,
            "year": 2012,
            "quarter": 3,
            "eps": 2.57,
            "eps_growth_year": 54.81,
            "eps_4q": 6.3,
            "eps_4q_growth_year": 15.28,
            "roe": 5.12,
            "gross_profit": 695999,
            "gross_margin": 34.32,
            "net_income": 417996,
            "revenue": 2027933,
            "common_shares": 1628861,
            "equity": 8360867,
            "current_ratio": 356.36,
            "debt_ratio": 16.52,
            "inventory_turnover_ratio": 2.06,
            "account_receivable_turnover_ratio": 2.2,
            "reinvestment_rate": 97.79,
            "research_to_sale_ratio": 0.93,
            "price_fair": 180.16,
            "eps_avg_yearly": 5.15,
            "eps_latest_yearly": 10.28,
            "eps_growth_yearly": 187.33
        },
        "20124": {
            "year_quarter": 20124,
            "year": 2012,
            "quarter": 4,
            "eps": 3.4,
            "eps_growth_year": 102.94,
            "eps_4q": 8.05,
            "eps_4q_growth_year": 34.13,
            "roe": 6.42,
            "gross_profit": 666609,
            "gross_margin": 33.75,
            "net_income": 554287,
            "revenue": 1975377,
            "common_shares": 1629071,
            "equity": 8900744,
            "current_ratio": 413.74,
            "debt_ratio": 14.33,
            "inventory_turnover_ratio": 1.82,
            "account_receivable_turnover_ratio": 1.82,
            "reinvestment_rate": 135.8,
            "research_to_sale_ratio": 1.07,
            "price_fair": 209.39,
            "eps_avg_yearly": 5.98,
            "eps_latest_yearly": 13.6,
            "eps_growth_yearly": 219.4
        },
        "20131": {
            "year_quarter": 20131,
            "year": 2013,
            "quarter": 1,
            "eps": 2,
            "eps_growth_year": 92.31,
            "eps_4q": 9.02,
            "eps_4q_growth_year": 60.34,
            "roe": 3.61,
            "gross_profit": 509372,
            "gross_margin": 28.84,
            "net_income": 325203,
            "revenue": 1766173,
            "common_shares": 1629071,
            "equity": 9098253,
            "current_ratio": 396.3,
            "debt_ratio": 16.54,
            "inventory_turnover_ratio": 1.68,
            "account_receivable_turnover_ratio": 1.81,
            "reinvestment_rate": 74.49,
            "research_to_sale_ratio": 1.1,
            "price_fair": 224.09,
            "eps_avg_yearly": 6.4,
            "eps_latest_yearly": 8,
            "eps_growth_yearly": 100.77
        },
        "20132": {
            "year_quarter": 20132,
            "year": 2013,
            "quarter": 2,
            "eps": 2.03,
            "eps_growth_year": 91.78,
            "eps_4q": 10,
            "eps_4q_growth_year": 86.17,
            "roe": 3.74,
            "gross_profit": 579783,
            "gross_margin": 30.3,
            "net_income": 331273,
            "revenue": 1913212,
            "common_shares": 1629071,
            "equity": 8624062,
            "current_ratio": 267.42,
            "debt_ratio": 24.52,
            "inventory_turnover_ratio": 1.7,
            "account_receivable_turnover_ratio": 2.02,
            "reinvestment_rate": 72.24,
            "research_to_sale_ratio": 1.12,
            "price_fair": 232.93,
            "eps_avg_yearly": 6.66,
            "eps_latest_yearly": 8.12,
            "eps_growth_yearly": 46.46
        },
        "20133": {
            "year_quarter": 20133,
            "year": 2013,
            "quarter": 3,
            "eps": 3.16,
            "eps_growth_year": 23.16,
            "eps_4q": 10.59,
            "eps_4q_growth_year": 68.17,
            "roe": 5.8,
            "gross_profit": 767871,
            "gross_margin": 34.3,
            "net_income": 514332,
            "revenue": 2238500,
            "common_shares": 1629071,
            "equity": 9117223,
            "current_ratio": 351.58,
            "debt_ratio": 19.29,
            "inventory_turnover_ratio": 1.83,
            "account_receivable_turnover_ratio": 2.03,
            "reinvestment_rate": 67.78,
            "research_to_sale_ratio": 0.96,
            "price_fair": 247.36,
            "eps_avg_yearly": 7.07,
            "eps_latest_yearly": 12.64,
            "eps_growth_yearly": 48.36
        },
        "20134": {
            "year_quarter": 20134,
            "year": 2013,
            "quarter": 4,
            "eps": 2.53,
            "eps_growth_year": -25.55,
            "eps_4q": 9.72,
            "eps_4q_growth_year": 20.79,
            "roe": 4.43,
            "gross_profit": 620072,
            "gross_margin": 30.83,
            "net_income": 412665,
            "revenue": 2011555,
            "common_shares": 1629071,
            "equity": 9518242,
            "current_ratio": 360.41,
            "debt_ratio": 19.89,
            "inventory_turnover_ratio": 1.68,
            "account_receivable_turnover_ratio": 1.85,
            "reinvestment_rate": 59.21,
            "research_to_sale_ratio": 1.12,
            "price_fair": 260.93,
            "eps_avg_yearly": 7.46,
            "eps_latest_yearly": 10.12,
            "eps_growth_yearly": 52.16
        },
        "20141": {
            "year_quarter": 20141,
            "year": 2014,
            "quarter": 1,
            "eps": 1.92,
            "eps_growth_year": -4,
            "eps_4q": 9.65,
            "eps_4q_growth_year": 6.93,
            "roe": 3.24,
            "gross_profit": 524704,
            "gross_margin": 28.1,
            "net_income": 313497,
            "revenue": 1867127,
            "common_shares": 1629071,
            "equity": 9862130,
            "current_ratio": 417.75,
            "debt_ratio": 18.85,
            "inventory_turnover_ratio": 1.61,
            "account_receivable_turnover_ratio": 1.82,
            "reinvestment_rate": 24.31,
            "research_to_sale_ratio": 1.11,
            "price_fair": 269.06,
            "eps_avg_yearly": 7.69,
            "eps_latest_yearly": 7.68,
            "eps_growth_yearly": 45.87
        },
        "20142": {
            "year_quarter": 20142,
            "year": 2014,
            "quarter": 2,
            "eps": 2.25,
            "eps_growth_year": 10.84,
            "eps_4q": 9.86,
            "eps_4q_growth_year": -1.36,
            "roe": 3.86,
            "gross_profit": 664703,
            "gross_margin": 30.14,
            "net_income": 366121,
            "revenue": 2205339,
            "common_shares": 1629071,
            "equity": 9128956,
            "current_ratio": 322.58,
            "debt_ratio": 37.68,
            "inventory_turnover_ratio": 1.91,
            "account_receivable_turnover_ratio": 1.91,
            "reinvestment_rate": 41.82,
            "research_to_sale_ratio": 1.14,
            "price_fair": 275.71,
            "eps_avg_yearly": 7.88,
            "eps_latest_yearly": 9,
            "eps_growth_yearly": 37.54
        },
        "20143": {
            "year_quarter": 20143,
            "year": 2014,
            "quarter": 3,
            "eps": 3.04,
            "eps_growth_year": -3.8,
            "eps_4q": 9.74,
            "eps_4q_growth_year": -7.98,
            "roe": 5.27,
            "gross_profit": 781427,
            "gross_margin": 33.4,
            "net_income": 495215,
            "revenue": 2339341,
            "common_shares": 1629071,
            "equity": 9647597,
            "current_ratio": 511.81,
            "debt_ratio": 37.47,
            "inventory_turnover_ratio": 1.85,
            "account_receivable_turnover_ratio": 1.81,
            "reinvestment_rate": 38.94,
            "research_to_sale_ratio": 0.94,
            "price_fair": 285.78,
            "eps_avg_yearly": 8.17,
            "eps_latest_yearly": 12.16,
            "eps_growth_yearly": 39.61
        },
        "20144": {
            "year_quarter": 20144,
            "year": 2014,
            "quarter": 4,
            "eps": 2.06,
            "eps_growth_year": -18.62,
            "eps_4q": 9.27,
            "eps_4q_growth_year": -4.6,
            "roe": 3.41,
            "gross_profit": 518161,
            "gross_margin": 26.91,
            "net_income": 335809,
            "revenue": 1925740,
            "common_shares": 1629071,
            "equity": 10027127,
            "current_ratio": 575.91,
            "debt_ratio": 35.69,
            "inventory_turnover_ratio": 1.55,
            "account_receivable_turnover_ratio": 1.61,
            "reinvestment_rate": 37.33,
            "research_to_sale_ratio": 1.71,
            "price_fair": 292.34,
            "eps_avg_yearly": 8.35,
            "eps_latest_yearly": 8.24,
            "eps_growth_yearly": 39.22
        },
        "20151": {
            "year_quarter": 20151,
            "year": 2015,
            "quarter": 1,
            "eps": 1.28,
            "eps_growth_year": -33.33,
            "eps_4q": 8.63,
            "eps_4q_growth_year": -10.53,
            "roe": 2.07,
            "gross_profit": 414786,
            "gross_margin": 23.03,
            "net_income": 209142,
            "revenue": 1800816,
            "common_shares": 1629071,
            "equity": 10222867,
            "current_ratio": 610.46,
            "debt_ratio": 34.9,
            "inventory_turnover_ratio": 1.57,
            "account_receivable_turnover_ratio": 1.69,
            "reinvestment_rate": 12.92,
            "research_to_sale_ratio": 1.31,
            "price_fair": 290.41,
            "eps_avg_yearly": 8.3,
            "eps_latest_yearly": 5.12,
            "eps_growth_yearly": 26.13
        },
        "20152": {
            "year_quarter": 20152,
            "year": 2015,
            "quarter": 2,
            "eps": 1.13,
            "eps_growth_year": -49.78,
            "eps_4q": 7.52,
            "eps_4q_growth_year": -23.77,
            "roe": 1.88,
            "gross_profit": 450876,
            "gross_margin": 23.26,
            "net_income": 184611,
            "revenue": 1938779,
            "common_shares": 1629071,
            "equity": 9413314,
            "current_ratio": 337.4,
            "debt_ratio": 40.32,
            "inventory_turnover_ratio": 1.77,
            "account_receivable_turnover_ratio": 1.59,
            "reinvestment_rate": 6.93,
            "research_to_sale_ratio": 1.34,
            "price_fair": 270.96,
            "eps_avg_yearly": 8.2,
            "eps_latest_yearly": 4.52,
            "eps_growth_yearly": 23.03
        },
        "20153": {
            "year_quarter": 20153,
            "year": 2015,
            "quarter": 3,
            "eps": 2.44,
            "eps_growth_year": -19.74,
            "eps_4q": 6.92,
            "eps_4q_growth_year": -29.02,
            "roe": 4.12,
            "gross_profit": 598413,
            "gross_margin": 27.99,
            "net_income": 397196,
            "revenue": 2137908,
            "common_shares": 1629071,
            "equity": 9884883,
            "current_ratio": 459.89,
            "debt_ratio": 35.65,
            "inventory_turnover_ratio": 1.73,
            "account_receivable_turnover_ratio": 1.5,
            "reinvestment_rate": 31.49,
            "research_to_sale_ratio": 1.08,
            "price_fair": 293.91,
            "eps_avg_yearly": 8.4,
            "eps_latest_yearly": 9.76,
            "eps_growth_yearly": 49.53
        },
        "20154": {
            "year_quarter": 20154,
            "year": 2015,
            "quarter": 4,
            "eps": 1.54,
            "eps_growth_year": -25.42,
            "eps_4q": 6.39,
            "eps_4q_growth_year": -31.06,
            "roe": 2.5,
            "gross_profit": 450118,
            "gross_margin": 23.76,
            "net_income": 250462,
            "revenue": 1894401,
            "common_shares": 1629071,
            "equity": 10136784,
            "current_ratio": 492.77,
            "debt_ratio": 33.86,
            "inventory_turnover_ratio": 1.56,
            "account_receivable_turnover_ratio": 1.4,
            "reinvestment_rate": -16.42,
            "research_to_sale_ratio": 1.33,
            "price_fair": 292.69,
            "eps_avg_yearly": 8.36,
            "eps_latest_yearly": 6.16,
            "eps_growth_yearly": 40.01
        },
        "20161": {
            "year_quarter": 20161,
            "year": 2016,
            "quarter": 1,
            "eps": 1.39,
            "eps_growth_year": 8.59,
            "eps_4q": 6.49,
            "eps_4q_growth_year": -24.77,
            "roe": 2.2,
            "gross_profit": 469570,
            "gross_margin": 24.5,
            "net_income": 225698,
            "revenue": 1916650,
            "common_shares": 1629071,
            "equity": 10340273,
            "current_ratio": 508.99,
            "debt_ratio": 33.27,
            "inventory_turnover_ratio": 1.64,
            "account_receivable_turnover_ratio": 1.5,
            "reinvestment_rate": -14.2,
            "research_to_sale_ratio": 1.09,
            "price_fair": 295.75,
            "eps_avg_yearly": 8.45,
            "eps_latest_yearly": 5.56,
            "eps_growth_yearly": 47.1
        },
        "20162": {
            "year_quarter": 20162,
            "year": 2016,
            "quarter": 2,
            "eps": 1.62,
            "eps_growth_year": 43.36,
            "eps_4q": 6.98,
            "eps_4q_growth_year": -7.17,
            "roe": 2.64,
            "gross_profit": 518196,
            "gross_margin": 25.21,
            "net_income": 263597,
            "revenue": 2055341,
            "common_shares": 1629071,
            "equity": 9629706,
            "current_ratio": 206.87,
            "debt_ratio": 38.6,
            "inventory_turnover_ratio": 1.76,
            "account_receivable_turnover_ratio": 1.47,
            "reinvestment_rate": -19.46,
            "research_to_sale_ratio": 1.18,
            "price_fair": 300.65,
            "eps_avg_yearly": 8.59,
            "eps_latest_yearly": 6.48,
            "eps_growth_yearly": 50.75
        },
        "20163": {
            "year_quarter": 20163,
            "year": 2016,
            "quarter": 3,
            "eps": 1.39,
            "eps_growth_year": -43.03,
            "eps_4q": 5.93,
            "eps_4q_growth_year": -14.22,
            "roe": 2.33,
            "gross_profit": 484548,
            "gross_margin": 23.47,
            "net_income": 226762,
            "revenue": 2064363,
            "common_shares": 1629071,
            "equity": 9825929,
            "current_ratio": 238.34,
            "debt_ratio": 34.19,
            "inventory_turnover_ratio": 1.74,
            "account_receivable_turnover_ratio": 1.43,
            "reinvestment_rate": 9.74,
            "research_to_sale_ratio": 1.18,
            "price_fair": 179.11,
            "eps_avg_yearly": 8.3,
            "eps_latest_yearly": 5.56,
            "eps_growth_yearly": 11.59
        },
        "20164": {
            "year_quarter": 20164,
            "year": 2016,
            "quarter": 4,
            "eps": 1.9,
            "eps_growth_year": 23.35,
            "eps_4q": 6.29,
            "eps_4q_growth_year": -1.58,
            "roe": 3.09,
            "gross_profit": 522870,
            "gross_margin": 25.87,
            "net_income": 308949,
            "revenue": 2021491,
            "common_shares": 1629071,
            "equity": 10146841,
            "current_ratio": 240.93,
            "debt_ratio": 33.68,
            "inventory_turnover_ratio": 1.58,
            "account_receivable_turnover_ratio": 1.42,
            "reinvestment_rate": -33.58,
            "research_to_sale_ratio": 1.14,
            "price_fair": 179.71,
            "eps_avg_yearly": 7.92,
            "eps_latest_yearly": 7.6,
            "eps_growth_yearly": 12.69
        },
        "20171": {
            "year_quarter": 20171,
            "year": 2017,
            "quarter": 1,
            "eps": 0.55,
            "eps_growth_year": -60.43,
            "eps_4q": 5.37,
            "eps_4q_growth_year": -17.27,
            "roe": 0.86,
            "gross_profit": 362042,
            "gross_margin": 19.75,
            "net_income": 89151,
            "revenue": 1832761,
            "common_shares": 1653575,
            "equity": 10506357,
            "current_ratio": 275.25,
            "debt_ratio": 30.48,
            "inventory_turnover_ratio": 1.56,
            "account_receivable_turnover_ratio": 1.4,
            "reinvestment_rate": -0.84,
            "research_to_sale_ratio": 1.18,
            "price_fair": 115.04,
            "eps_avg_yearly": 7.56,
            "eps_latest_yearly": 2.2,
            "eps_growth_yearly": 5.22
        },
        "20172": {
            "year_quarter": 20172,
            "year": 2017,
            "quarter": 2,
            "eps": 1.22,
            "eps_growth_year": -24.69,
            "eps_4q": 4.99,
            "eps_4q_growth_year": -28.44,
            "roe": 1.99,
            "gross_profit": 392057,
            "gross_margin": 21.53,
            "net_income": 201036,
            "revenue": 1820850,
            "common_shares": 1653575,
            "equity": 9732669,
            "current_ratio": 256.81,
            "debt_ratio": 27.43,
            "inventory_turnover_ratio": 1.59,
            "account_receivable_turnover_ratio": 1.42,
            "reinvestment_rate": -4.03,
            "research_to_sale_ratio": 1.23,
            "price_fair": 257.43,
            "eps_avg_yearly": 7.36,
            "eps_latest_yearly": 4.88,
            "eps_growth_yearly": 35.3
        },
        "20173": {
            "year_quarter": 20173,
            "year": 2017,
            "quarter": 3,
            "eps": 2.32,
            "eps_growth_year": 66.91,
            "eps_4q": 5.94,
            "eps_4q_growth_year": 0.12,
            "roe": 3.86,
            "gross_profit": 578495,
            "gross_margin": 27.58,
            "net_income": 383093,
            "revenue": 2097312,
            "common_shares": 1653575,
            "equity": 10110847,
            "current_ratio": 344.4,
            "debt_ratio": 20.93,
            "inventory_turnover_ratio": 1.71,
            "account_receivable_turnover_ratio": 1.47,
            "reinvestment_rate": -7.18,
            "research_to_sale_ratio": 1.28,
            "price_fair": 250.08,
            "eps_avg_yearly": 7.15,
            "eps_latest_yearly": 9.28,
            "eps_growth_yearly": 43.93
        },
        "20174": {
            "year_quarter": 20174,
            "year": 2017,
            "quarter": 4,
            "eps": 1.82,
            "eps_growth_year": -4.14,
            "eps_4q": 5.89,
            "eps_4q_growth_year": -6.4,
            "roe": 2.93,
            "gross_profit": 565118,
            "gross_margin": 28.33,
            "net_income": 300609,
            "revenue": 1994679,
            "common_shares": 1653575,
            "equity": 10413938,
            "current_ratio": 372.53,
            "debt_ratio": 19.67,
            "inventory_turnover_ratio": 1.55,
            "account_receivable_turnover_ratio": 1.41,
            "reinvestment_rate": -9.64,
            "research_to_sale_ratio": 1.38,
            "price_fair": 243.86,
            "eps_avg_yearly": 6.97,
            "eps_latest_yearly": 7.28,
            "eps_growth_yearly": 43.52
        },
        "20181": {
            "year_quarter": 20181,
            "year": 2018,
            "quarter": 1,
            "eps": 0.96,
            "eps_growth_year": 74.55,
            "eps_4q": 6.31,
            "eps_4q_growth_year": 17.52,
            "roe": 1.52,
            "gross_profit": 382822,
            "gross_margin": 22.2,
            "net_income": 159370,
            "revenue": 1724122,
            "common_shares": 1653575,
            "equity": 10567046,
            "current_ratio": 521.99,
            "debt_ratio": 14.66,
            "inventory_turnover_ratio": 1.4,
            "account_receivable_turnover_ratio": 1.38,
            "reinvestment_rate": -10.06,
            "research_to_sale_ratio": 1.61,
            "price_fair": 235.46,
            "eps_avg_yearly": 6.73,
            "eps_latest_yearly": 3.84,
            "eps_growth_yearly": 37.74
        },
        "20182": {
            "year_quarter": 20182,
            "year": 2018,
            "quarter": 2,
            "eps": 1.21,
            "eps_growth_year": -0.82,
            "eps_4q": 6.31,
            "eps_4q_growth_year": 26.27,
            "roe": 1.96,
            "gross_profit": 381310,
            "gross_margin": 21.66,
            "net_income": 199769,
            "revenue": 1760073,
            "common_shares": 1653575,
            "equity": 9815824,
            "current_ratio": 324.45,
            "debt_ratio": 22.41,
            "inventory_turnover_ratio": 1.35,
            "account_receivable_turnover_ratio": 1.47,
            "reinvestment_rate": -8.73,
            "research_to_sale_ratio": 1.54,
            "price_fair": 226.36,
            "eps_avg_yearly": 6.47,
            "eps_latest_yearly": 4.84,
            "eps_growth_yearly": 39.95
        },
        "20183": {
            "year_quarter": 20183,
            "year": 2018,
            "quarter": 3,
            "eps": 2.18,
            "eps_growth_year": -6.03,
            "eps_4q": 6.17,
            "eps_4q_growth_year": 3.79,
            "roe": 3.6,
            "gross_profit": 619731,
            "gross_margin": 30.8,
            "net_income": 359707,
            "revenue": 2012241,
            "common_shares": 1653575,
            "equity": 10177550,
            "current_ratio": 471.39,
            "debt_ratio": 16.06,
            "inventory_turnover_ratio": 1.23,
            "account_receivable_turnover_ratio": 1.56,
            "reinvestment_rate": -12.25,
            "research_to_sale_ratio": 1.48,
            "price_fair": 218.84,
            "eps_avg_yearly": 6.25,
            "eps_latest_yearly": 8.72,
            "eps_growth_yearly": 51.21
        },
        "20184": {
            "year_quarter": 20184,
            "year": 2018,
            "quarter": 4,
            "eps": 1.78,
            "eps_growth_year": -1.95,
            "eps_4q": 6.13,
            "eps_4q_growth_year": 4.08,
            "roe": 2.86,
            "gross_profit": 517821,
            "gross_margin": 27.01,
            "net_income": 294757,
            "revenue": 1917076,
            "common_shares": 1653575,
            "equity": 10448685,
            "current_ratio": 468.54,
            "debt_ratio": 16.16,
            "inventory_turnover_ratio": 1.1,
            "account_receivable_turnover_ratio": 1.46,
            "reinvestment_rate": -16.29,
            "research_to_sale_ratio": 1.54,
            "price_fair": 216.39,
            "eps_avg_yearly": 6.18,
            "eps_latest_yearly": 7.12,
            "eps_growth_yearly": 54.69
        },
        "20191": {
            "year_quarter": 20191,
            "year": 2019,
            "quarter": 1,
            "eps": 0.7,
            "eps_growth_year": -27.08,
            "eps_4q": 5.86,
            "eps_4q_growth_year": -7.15,
            "roe": 1.1,
            "gross_profit": 290245,
            "gross_margin": 17.97,
            "net_income": 115235,
            "revenue": 1615326,
            "common_shares": 1653575,
            "equity": 10567357,
            "current_ratio": 541.14,
            "debt_ratio": 15.12,
            "inventory_turnover_ratio": 1.01,
            "account_receivable_turnover_ratio": 1.35,
            "reinvestment_rate": -17.5,
            "research_to_sale_ratio": 1.71,
            "price_fair": 211.31,
            "eps_avg_yearly": 6.04,
            "eps_latest_yearly": 2.8,
            "eps_growth_yearly": 48.98
        },
        "20192": {
            "year_quarter": 20192,
            "year": 2019,
            "quarter": 2,
            "eps": 1.16,
            "eps_growth_year": -4.13,
            "eps_4q": 5.82,
            "eps_4q_growth_year": -7.76,
            "roe": 1.89,
            "gross_profit": 391896,
            "gross_margin": 21.5,
            "net_income": 192234,
            "revenue": 1822362,
            "common_shares": 1653575,
            "equity": 9774977,
            "current_ratio": 314.66,
            "debt_ratio": 23.58,
            "inventory_turnover_ratio": 1.11,
            "account_receivable_turnover_ratio": 1.56,
            "reinvestment_rate": -28.31,
            "research_to_sale_ratio": 1.47,
            "price_fair": 211.58,
            "eps_avg_yearly": 6.05,
            "eps_latest_yearly": 4.64,
            "eps_growth_yearly": 68.34
        },
        "20193": {
            "year_quarter": 20193,
            "year": 2019,
            "quarter": 3,
            "eps": 1.14,
            "eps_growth_year": -47.71,
            "eps_4q": 4.78,
            "eps_4q_growth_year": -22.5,
            "roe": 1.9,
            "gross_profit": 412521,
            "gross_margin": 21.63,
            "net_income": 187847,
            "revenue": 1906952,
            "common_shares": 1653575,
            "equity": 9962099,
            "current_ratio": 368.03,
            "debt_ratio": 17.49,
            "inventory_turnover_ratio": 1.13,
            "account_receivable_turnover_ratio": 1.48,
            "reinvestment_rate": 5.94,
            "research_to_sale_ratio": 1.59,
            "price_fair": 200.2,
            "eps_avg_yearly": 5.72,
            "eps_latest_yearly": 4.56,
            "eps_growth_yearly": 38.93
        },
        "20194": {
            "year_quarter": 20194,
            "year": 2019,
            "quarter": 4,
            "eps": 1.49,
            "eps_growth_year": -16.32,
            "eps_4q": 4.49,
            "eps_4q_growth_year": -26.8,
            "roe": 2.45,
            "gross_profit": 505082,
            "gross_margin": 24.21,
            "net_income": 246640,
            "revenue": 2086014,
            "common_shares": 1653575,
            "equity": 10176726,
            "current_ratio": 368.4,
            "debt_ratio": 18.08,
            "inventory_turnover_ratio": 1.23,
            "account_receivable_turnover_ratio": 1.55,
            "reinvestment_rate": 9.2,
            "research_to_sale_ratio": 1.4,
            "price_fair": 199.76,
            "eps_avg_yearly": 5.71,
            "eps_latest_yearly": 5.96,
            "eps_growth_yearly": 55.83
        },
        "20201": {
            "year_quarter": 20201,
            "year": 2020,
            "quarter": 1,
            "eps": 1.65,
            "eps_growth_year": 135.71,
            "eps_4q": 5.44,
            "eps_4q_growth_year": -7.26,
            "roe": 2.64,
            "gross_profit": 481697,
            "gross_margin": 24.66,
            "net_income": 272348,
            "revenue": 1953205,
            "common_shares": 1653575,
            "equity": 10456450,
            "current_ratio": 360.82,
            "debt_ratio": 18.17,
            "inventory_turnover_ratio": 1.24,
            "account_receivable_turnover_ratio": 1.5,
            "reinvestment_rate": 7.6,
            "research_to_sale_ratio": 1.54,
            "price_fair": 202.04,
            "eps_avg_yearly": 5.77,
            "eps_latest_yearly": 6.6,
            "eps_growth_yearly": 60.94
        },
        "20202": {
            "year_quarter": 20202,
            "year": 2020,
            "quarter": 2,
            "eps": 1.7,
            "eps_growth_year": 46.55,
            "eps_4q": 4.24,
            "eps_4q_growth_year": -27.05,
            "roe": 1.9,
            "gross_profit": 577841,
            "gross_margin": 28.01,
            "net_income": 297803,
            "revenue": 2062653,
            "common_shares": 2367234,
            "equity": 20961212,
            "current_ratio": 225.34,
            "debt_ratio": 17.89,
            "inventory_turnover_ratio": 1.08,
            "account_receivable_turnover_ratio": 1.44,
            "reinvestment_rate": 52.09,
            "research_to_sale_ratio": 1.68,
            "price_fair": 202.74,
            "eps_avg_yearly": 5.79,
            "eps_latest_yearly": 6.8,
            "eps_growth_yearly": 57.57
        },
        "20203": {
            "year_quarter": 20203,
            "year": 2020,
            "quarter": 3,
            "eps": 1.8,
            "eps_growth_year": 57.89,
            "eps_4q": 6.75,
            "eps_4q_growth_year": 41.23,
            "roe": 1.87,
            "gross_profit": 852404,
            "gross_margin": 29.64,
            "net_income": 390044,
            "revenue": 2876033,
            "common_shares": 1788483,
            "equity": 20769146,
            "current_ratio": 201.12,
            "debt_ratio": 18.11,
            "inventory_turnover_ratio": 1.33,
            "account_receivable_turnover_ratio": 1.74,
            "reinvestment_rate": 72.68,
            "research_to_sale_ratio": 2.34,
            "price_fair": 206.33,
            "eps_avg_yearly": 5.9,
            "eps_latest_yearly": 7.2,
            "eps_growth_yearly": 62.59
        },
        "20204": {
            "year_quarter": 20204,
            "year": 2020,
            "quarter": 4,
            "eps": 2.74,
            "eps_growth_year": 84.01,
            "eps_4q": 8.12,
            "eps_4q_growth_year": 80.91,
            "roe": 2.34,
            "gross_profit": 983854,
            "gross_margin": 29.94,
            "net_income": 490480,
            "revenue": 3286111,
            "common_shares": 1787083,
            "equity": 21209533,
            "current_ratio": 209.45,
            "debt_ratio": 16.62,
            "inventory_turnover_ratio": 1.54,
            "account_receivable_turnover_ratio": 1.87,
            "reinvestment_rate": 80.95,
            "research_to_sale_ratio": 2.27,
            "price_fair": 213.68,
            "eps_avg_yearly": 6.11,
            "eps_latest_yearly": 10.96,
            "eps_growth_yearly": 66.47
        },
        "20211": {
            "year_quarter": 20211,
            "year": 2021,
            "quarter": 1,
            "eps": 2.68,
            "eps_growth_year": 62.42,
            "eps_4q": 9.27,
            "eps_4q_growth_year": 70.58,
            "roe": 2.23,
            "gross_profit": 833507,
            "gross_margin": 26.53,
            "net_income": 479123,
            "revenue": 3141262,
            "common_shares": 1787083,
            "equity": 21694445,
            "current_ratio": 224.82,
            "debt_ratio": 16.35,
            "inventory_turnover_ratio": 1.5,
            "account_receivable_turnover_ratio": 1.64,
            "reinvestment_rate": 76.1,
            "research_to_sale_ratio": 1.97,
            "price_fair": 232.31,
            "eps_avg_yearly": 6.64,
            "eps_latest_yearly": 10.72,
            "eps_growth_yearly": 83.68
        },
        "20212": {
            "year_quarter": 20212,
            "year": 2021,
            "quarter": 2,
            "eps": 3.52,
            "eps_growth_year": 107.06,
            "eps_4q": 11.12,
            "eps_4q_growth_year": 162.12,
            "roe": 2.86,
            "gross_profit": 1089382,
            "gross_margin": 31.72,
            "net_income": 628336,
            "revenue": 3434584,
            "common_shares": 1787083,
            "equity": 22303947,
            "current_ratio": 250.19,
            "debt_ratio": 15.52,
            "inventory_turnover_ratio": 1.5,
            "account_receivable_turnover_ratio": 1.64,
            "reinvestment_rate": 71.8,
            "research_to_sale_ratio": 1.89,
            "price_fair": 252.44,
            "eps_avg_yearly": 7.21,
            "eps_latest_yearly": 14.08,
            "eps_growth_yearly": 61.07
        },
        "20213": {
            "year_quarter": 20213,
            "year": 2021,
            "quarter": 3,
            "eps": 5.18,
            "eps_growth_year": 187.78,
            "eps_4q": 14.12,
            "eps_4q_growth_year": 109.2,
            "roe": 4.15,
            "gross_profit": 1417788,
            "gross_margin": 37.54,
            "net_income": 924765,
            "revenue": 3776582,
            "common_shares": 1787083,
            "equity": 22249496,
            "current_ratio": 231.28,
            "debt_ratio": 15.89,
            "inventory_turnover_ratio": 1.46,
            "account_receivable_turnover_ratio": 1.67,
            "reinvestment_rate": 75.71,
            "research_to_sale_ratio": 1.96,
            "price_fair": 277.46,
            "eps_avg_yearly": 7.93,
            "eps_latest_yearly": 20.72,
            "eps_growth_yearly": 50.31
        },
        "20214": {
            "year_quarter": 20214,
            "year": 2021,
            "quarter": 4,
            "eps": 4.1,
            "eps_growth_year": 49.35,
            "eps_4q": 15.47,
            "eps_4q_growth_year": 90.59,
            "roe": 3.24,
            "gross_profit": 1274119,
            "gross_margin": 36.32,
            "net_income": 732468,
            "revenue": 3507686,
            "common_shares": 1786979,
            "equity": 22982941,
            "current_ratio": 217.37,
            "debt_ratio": 16.54,
            "inventory_turnover_ratio": 1.28,
            "account_receivable_turnover_ratio": 1.53,
            "reinvestment_rate": 80.31,
            "research_to_sale_ratio": 2.36,
            "price_fair": 297.41,
            "eps_avg_yearly": 8.5,
            "eps_latest_yearly": 16.4,
            "eps_growth_yearly": 50.49
        },
        "20221": {
            "year_quarter": 20221,
            "year": 2022,
            "quarter": 1,
            "eps": 5.08,
            "eps_growth_year": 89.55,
            "eps_4q": 17.87,
            "eps_4q_growth_year": 92.69,
            "roe": 3.87,
            "gross_profit": 1170878,
            "gross_margin": 33.79,
            "net_income": 907837,
            "revenue": 3465581,
            "common_shares": 1786904,
            "equity": 23934983,
            "current_ratio": 228.24,
            "debt_ratio": 16.36,
            "inventory_turnover_ratio": 1.22,
            "account_receivable_turnover_ratio": 1.51,
            "reinvestment_rate": 76.92,
            "research_to_sale_ratio": 2.81,
            "price_fair": 333.46,
            "eps_avg_yearly": 9.53,
            "eps_latest_yearly": 20.32,
            "eps_growth_yearly": 68.28
        },
        "20222": {
            "year_quarter": 20222,
            "year": 2022,
            "quarter": 2,
            "eps": 5.59,
            "eps_growth_year": 58.81,
            "eps_4q": 19.94,
            "eps_4q_growth_year": 79.26,
            "roe": 4.22,
            "gross_profit": 1361494,
            "gross_margin": 37.76,
            "net_income": 998144,
            "revenue": 3605570,
            "common_shares": 1786829,
            "equity": 23373272,
            "current_ratio": 174.41,
            "debt_ratio": 23.57,
            "inventory_turnover_ratio": 1.11,
            "account_receivable_turnover_ratio": 1.46,
            "reinvestment_rate": 83.14,
            "research_to_sale_ratio": 2.5,
            "price_fair": 371.79,
            "eps_avg_yearly": 10.62,
            "eps_latest_yearly": 22.36,
            "eps_growth_yearly": 64.28
        },
        "20223": {
            "year_quarter": 20223,
            "year": 2022,
            "quarter": 3,
            "eps": 4.32,
            "eps_growth_year": -16.6,
            "eps_4q": 19.09,
            "eps_4q_growth_year": 35.21,
            "roe": 3.24,
            "gross_profit": 1369552,
            "gross_margin": 36.91,
            "net_income": 771904,
            "revenue": 3710892,
            "common_shares": 1786829,
            "equity": 24236930,
            "current_ratio": 225.51,
            "debt_ratio": 21.63,
            "inventory_turnover_ratio": 1.14,
            "account_receivable_turnover_ratio": 1.46,
            "reinvestment_rate": 83.98,
            "research_to_sale_ratio": 2.38,
            "price_fair": 390.51,
            "eps_avg_yearly": 11.16,
            "eps_latest_yearly": 17.28,
            "eps_growth_yearly": 38.56
        },
        "20224": {
            "year_quarter": 20224,
            "year": 2022,
            "quarter": 4,
            "eps": 2.88,
            "eps_growth_year": -29.75,
            "eps_4q": 19.53,
            "eps_4q_growth_year": 26.24,
            "roe": 1.9,
            "gross_profit": 1103411,
            "gross_margin": 33.54,
            "net_income": 463057,
            "revenue": 3289548,
            "common_shares": 1608139,
            "equity": 24523998,
            "current_ratio": 298.43,
            "debt_ratio": 28.42,
            "inventory_turnover_ratio": 1.16,
            "account_receivable_turnover_ratio": 1.4,
            "reinvestment_rate": 92.94,
            "research_to_sale_ratio": 2.79,
            "price_fair": 400.14,
            "eps_avg_yearly": 11.43,
            "eps_latest_yearly": 11.52,
            "eps_growth_yearly": 34.81
        },
        "20231": {
            "year_quarter": 20231,
            "year": 2023,
            "quarter": 1,
            "eps": 2.31,
            "eps_growth_year": -54.53,
            "eps_4q": 16.2,
            "eps_4q_growth_year": -9.35,
            "roe": 1.51,
            "gross_profit": 813102,
            "gross_margin": 28.03,
            "net_income": 372093,
            "revenue": 2900448,
            "common_shares": 1608139,
            "equity": 24910768,
            "current_ratio": 236.2,
            "debt_ratio": 29.32,
            "inventory_turnover_ratio": 1.21,
            "account_receivable_turnover_ratio": 1.42,
            "reinvestment_rate": 101.07,
            "research_to_sale_ratio": 3.11,
            "price_fair": 414.23,
            "eps_avg_yearly": 11.84,
            "eps_latest_yearly": 9.24,
            "eps_growth_yearly": 45.03
        }
    },
    "months": {
        "2003-09": {
            "month": "2003-09",
            "price": "14.55",
            "revenue": 59938
        },
        "2003-10": {
            "month": "2003-10",
            "price": "14.60",
            "revenue": 74065
        },
        "2003-11": {
            "month": "2003-11",
            "price": "14.67",
            "revenue": 78646
        },
        "2003-12": {
            "month": "2003-12",
            "price": "13.70",
            "revenue": 75837
        },
        "2004-01": {
            "month": "2004-01",
            "price": "13.65",
            "revenue": 60295
        },
        "2004-02": {
            "month": "2004-02",
            "price": "13.48",
            "revenue": 62015
        },
        "2004-03": {
            "month": "2004-03",
            "price": "14.61",
            "revenue": 62436
        },
        "2004-04": {
            "month": "2004-04",
            "price": "13.96",
            "revenue": 59279
        },
        "2004-05": {
            "month": "2004-05",
            "price": "12.54",
            "revenue": 71744
        },
        "2004-06": {
            "month": "2004-06",
            "price": "12.21",
            "revenue": 80692
        },
        "2004-07": {
            "month": "2004-07",
            "price": "11.80",
            "revenue": 101439
        },
        "2004-08": {
            "month": "2004-08",
            "price": "10.70",
            "revenue": 86111
        },
        "2004-09": {
            "month": "2004-09",
            "price": "9.13",
            "revenue": 99185
        },
        "2004-10": {
            "month": "2004-10",
            "price": "8.50",
            "revenue": 108813
        },
        "2004-11": {
            "month": "2004-11",
            "price": "8.61",
            "revenue": 79709
        },
        "2004-12": {
            "month": "2004-12",
            "price": "8.27",
            "revenue": 84351
        },
        "2005-01": {
            "month": "2005-01",
            "price": "7.21",
            "revenue": 79926
        },
        "2005-02": {
            "month": "2005-02",
            "price": "5.69",
            "revenue": 69279
        },
        "2005-03": {
            "month": "2005-03",
            "price": "5.28",
            "revenue": 88169
        },
        "2005-04": {
            "month": "2005-04",
            "price": "5.46",
            "revenue": 76471
        },
        "2005-05": {
            "month": "2005-05",
            "price": "5.10",
            "revenue": 65048
        },
        "2005-06": {
            "month": "2005-06",
            "price": "5.01",
            "revenue": 87403
        },
        "2005-07": {
            "month": "2005-07",
            "price": "6.66",
            "revenue": 114128
        },
        "2005-08": {
            "month": "2005-08",
            "price": "7.07",
            "revenue": 117335
        },
        "2005-09": {
            "month": "2005-09",
            "price": "7.03",
            "revenue": 122754
        },
        "2005-10": {
            "month": "2005-10",
            "price": "8.52",
            "revenue": 138671
        },
        "2005-11": {
            "month": "2005-11",
            "price": "10.48",
            "revenue": 136636
        },
        "2005-12": {
            "month": "2005-12",
            "price": "16.47",
            "revenue": 160567
        },
        "2006-01": {
            "month": "2006-01",
            "price": "17.67",
            "revenue": 124026
        },
        "2006-02": {
            "month": "2006-02",
            "price": "16.91",
            "revenue": 137014
        },
        "2006-03": {
            "month": "2006-03",
            "price": "20.98",
            "revenue": 152788
        },
        "2006-04": {
            "month": "2006-04",
            "price": "29.49",
            "revenue": 123500
        },
        "2006-05": {
            "month": "2006-05",
            "price": "31.71",
            "revenue": 145595
        },
        "2006-06": {
            "month": "2006-06",
            "price": "28.42",
            "revenue": 158914
        },
        "2006-07": {
            "month": "2006-07",
            "price": "29.10",
            "revenue": 153797
        },
        "2006-08": {
            "month": "2006-08",
            "price": "29.87",
            "revenue": 184229
        },
        "2006-09": {
            "month": "2006-09",
            "price": "29.84",
            "revenue": 182294
        },
        "2006-10": {
            "month": "2006-10",
            "price": "32.07",
            "revenue": 182239
        },
        "2006-11": {
            "month": "2006-11",
            "price": "39.50",
            "revenue": 209034
        },
        "2006-12": {
            "month": "2006-12",
            "price": "40.00",
            "revenue": 193223
        },
        "2007-01": {
            "month": "2007-01",
            "price": "44.71",
            "revenue": 221312
        },
        "2007-02": {
            "month": "2007-02",
            "price": "52.57",
            "revenue": 180220
        },
        "2007-03": {
            "month": "2007-03",
            "price": "64.18",
            "revenue": 243741
        },
        "2007-04": {
            "month": "2007-04",
            "price": "63.74",
            "revenue": 243279
        },
        "2007-05": {
            "month": "2007-05",
            "price": "73.63",
            "revenue": 249553
        },
        "2007-06": {
            "month": "2007-06",
            "price": "99.26",
            "revenue": 221587
        },
        "2007-07": {
            "month": "2007-07",
            "price": "135.60",
            "revenue": 278410
        },
        "2007-08": {
            "month": "2007-08",
            "price": "119.98",
            "revenue": 294119
        },
        "2007-09": {
            "month": "2007-09",
            "price": "102.37",
            "revenue": 292046
        },
        "2007-10": {
            "month": "2007-10",
            "price": "93.86",
            "revenue": 284084
        },
        "2007-11": {
            "month": "2007-11",
            "price": "81.42",
            "revenue": 327015
        },
        "2007-12": {
            "month": "2007-12",
            "price": "91.24",
            "revenue": 323783
        },
        "2008-01": {
            "month": "2008-01",
            "price": "80.34",
            "revenue": 311618
        },
        "2008-02": {
            "month": "2008-02",
            "price": "72.93",
            "revenue": 309591
        },
        "2008-03": {
            "month": "2008-03",
            "price": "77.90",
            "revenue": 366496
        },
        "2008-04": {
            "month": "2008-04",
            "price": "90.21",
            "revenue": 346594
        },
        "2008-05": {
            "month": "2008-05",
            "price": "93.32",
            "revenue": 320331
        },
        "2008-06": {
            "month": "2008-06",
            "price": "81.22",
            "revenue": 373352
        },
        "2008-07": {
            "month": "2008-07",
            "price": "75.75",
            "revenue": 379539
        },
        "2008-08": {
            "month": "2008-08",
            "price": "69.72",
            "revenue": 363939
        },
        "2008-09": {
            "month": "2008-09",
            "price": "57.55",
            "revenue": 374756
        },
        "2008-10": {
            "month": "2008-10",
            "price": "40.52",
            "revenue": 276848
        },
        "2008-11": {
            "month": "2008-11",
            "price": "30.06",
            "revenue": 226675
        },
        "2008-12": {
            "month": "2008-12",
            "price": "27.82",
            "revenue": 256112
        },
        "2009-01": {
            "month": "2009-01",
            "price": "34.37",
            "revenue": 172797
        },
        "2009-02": {
            "month": "2009-02",
            "price": "34.85",
            "revenue": 163107
        },
        "2009-03": {
            "month": "2009-03",
            "price": "35.42",
            "revenue": 162393
        },
        "2009-04": {
            "month": "2009-04",
            "price": "40.38",
            "revenue": 175931
        },
        "2009-05": {
            "month": "2009-05",
            "price": "47.12",
            "revenue": 248414
        },
        "2009-06": {
            "month": "2009-06",
            "price": "52.00",
            "revenue": 283078
        },
        "2009-07": {
            "month": "2009-07",
            "price": "58.55",
            "revenue": 282035
        },
        "2009-08": {
            "month": "2009-08",
            "price": "64.88",
            "revenue": 278091
        },
        "2009-09": {
            "month": "2009-09",
            "price": "76.86",
            "revenue": 323998
        },
        "2009-10": {
            "month": "2009-10",
            "price": "79.86",
            "revenue": 355044
        },
        "2009-11": {
            "month": "2009-11",
            "price": "80.87",
            "revenue": 340247
        },
        "2009-12": {
            "month": "2009-12",
            "price": "96.50",
            "revenue": 335902
        },
        "2010-01": {
            "month": "2010-01",
            "price": "112.72",
            "revenue": 324498
        },
        "2010-02": {
            "month": "2010-02",
            "price": "105.27",
            "revenue": 357896
        },
        "2010-03": {
            "month": "2010-03",
            "price": "118.72",
            "revenue": 435280
        },
        "2010-04": {
            "month": "2010-04",
            "price": "121.07",
            "revenue": 444456
        },
        "2010-05": {
            "month": "2010-05",
            "price": "111.31",
            "revenue": 458838
        },
        "2010-06": {
            "month": "2010-06",
            "price": "116.14",
            "revenue": 545690
        },
        "2010-07": {
            "month": "2010-07",
            "price": "123.64",
            "revenue": 596375
        },
        "2010-08": {
            "month": "2010-08",
            "price": "131.64",
            "revenue": 641048
        },
        "2010-09": {
            "month": "2010-09",
            "price": "145.26",
            "revenue": 558650
        },
        "2010-10": {
            "month": "2010-10",
            "price": "133.31",
            "revenue": 541777
        },
        "2010-11": {
            "month": "2010-11",
            "price": "126.27",
            "revenue": 595634
        },
        "2010-12": {
            "month": "2010-12",
            "price": "137.39",
            "revenue": 577260
        },
        "2011-01": {
            "month": "2011-01",
            "price": "134.18",
            "revenue": 552343
        },
        "2011-02": {
            "month": "2011-02",
            "price": "135.68",
            "revenue": 440952
        },
        "2011-03": {
            "month": "2011-03",
            "price": "152.91",
            "revenue": 516638
        },
        "2011-04": {
            "month": "2011-04",
            "price": "137.29",
            "revenue": 507528
        },
        "2011-05": {
            "month": "2011-05",
            "price": "115.57",
            "revenue": 516049
        },
        "2011-06": {
            "month": "2011-06",
            "price": "126.17",
            "revenue": 543807
        },
        "2011-07": {
            "month": "2011-07",
            "price": "125.00",
            "revenue": 491460
        },
        "2011-08": {
            "month": "2011-08",
            "price": "86.34",
            "revenue": 555808
        },
        "2011-09": {
            "month": "2011-09",
            "price": "75.02",
            "revenue": 533052
        },
        "2011-10": {
            "month": "2011-10",
            "price": "78.06",
            "revenue": 576874
        },
        "2011-11": {
            "month": "2011-11",
            "price": "78.64",
            "revenue": 502194
        },
        "2011-12": {
            "month": "2011-12",
            "price": "70.91",
            "revenue": 503258
        },
        "2012-01": {
            "month": "2012-01",
            "price": "76.21",
            "revenue": 424261
        },
        "2012-02": {
            "month": "2012-02",
            "price": "96.96",
            "revenue": 504986
        },
        "2012-03": {
            "month": "2012-03",
            "price": "107.96",
            "revenue": 521916
        },
        "2012-04": {
            "month": "2012-04",
            "price": "105.06",
            "revenue": 483474
        },
        "2012-05": {
            "month": "2012-05",
            "price": "102.37",
            "revenue": 502174
        },
        "2012-06": {
            "month": "2012-06",
            "price": "92.63",
            "revenue": 544872
        },
        "2012-07": {
            "month": "2012-07",
            "price": "90.73",
            "revenue": 660461
        },
        "2012-08": {
            "month": "2012-08",
            "price": "93.91",
            "revenue": 721941
        },
        "2012-09": {
            "month": "2012-09",
            "price": "99.96",
            "revenue": 645531
        },
        "2012-10": {
            "month": "2012-10",
            "price": "98.68",
            "revenue": 643216
        },
        "2012-11": {
            "month": "2012-11",
            "price": "101.10",
            "revenue": 722639
        },
        "2012-12": {
            "month": "2012-12",
            "price": "100.62",
            "revenue": 609522
        },
        "2013-01": {
            "month": "2013-01",
            "price": "107.75",
            "revenue": 708796
        },
        "2013-02": {
            "month": "2013-02",
            "price": "125.92",
            "revenue": 502087
        },
        "2013-03": {
            "month": "2013-03",
            "price": "128.67",
            "revenue": 555290
        },
        "2013-04": {
            "month": "2013-04",
            "price": "128.98",
            "revenue": 634923
        },
        "2013-05": {
            "month": "2013-05",
            "price": "124.89",
            "revenue": 655047
        },
        "2013-06": {
            "month": "2013-06",
            "price": "136.97",
            "revenue": 623242
        },
        "2013-07": {
            "month": "2013-07",
            "price": "155.13",
            "revenue": 752389
        },
        "2013-08": {
            "month": "2013-08",
            "price": "152.67",
            "revenue": 739146
        },
        "2013-09": {
            "month": "2013-09",
            "price": "154.08",
            "revenue": 746965
        },
        "2013-10": {
            "month": "2013-10",
            "price": "151.11",
            "revenue": 756214
        },
        "2013-11": {
            "month": "2013-11",
            "price": "157.60",
            "revenue": 644220
        },
        "2013-12": {
            "month": "2013-12",
            "price": "147.11",
            "revenue": 611121
        },
        "2014-01": {
            "month": "2014-01",
            "price": "146.19",
            "revenue": 633410
        },
        "2014-02": {
            "month": "2014-02",
            "price": "151.50",
            "revenue": 580092
        },
        "2014-03": {
            "month": "2014-03",
            "price": "167.26",
            "revenue": 653625
        },
        "2014-04": {
            "month": "2014-04",
            "price": "158.64",
            "revenue": 689047
        },
        "2014-05": {
            "month": "2014-05",
            "price": "157.29",
            "revenue": 757014
        },
        "2014-06": {
            "month": "2014-06",
            "price": "157.48",
            "revenue": 759278
        },
        "2014-07": {
            "month": "2014-07",
            "price": "159.36",
            "revenue": 785888
        },
        "2014-08": {
            "month": "2014-08",
            "price": "150.57",
            "revenue": 784119
        },
        "2014-09": {
            "month": "2014-09",
            "price": "134.93",
            "revenue": 769334
        },
        "2014-10": {
            "month": "2014-10",
            "price": "120.77",
            "revenue": 715241
        },
        "2014-11": {
            "month": "2014-11",
            "price": "121.85",
            "revenue": 607670
        },
        "2014-12": {
            "month": "2014-12",
            "price": "112.73",
            "revenue": 602829
        },
        "2015-01": {
            "month": "2015-01",
            "price": "112.20",
            "revenue": 634296
        },
        "2015-02": {
            "month": "2015-02",
            "price": "114.62",
            "revenue": 511636
        },
        "2015-03": {
            "month": "2015-03",
            "price": "115.23",
            "revenue": 654884
        },
        "2015-04": {
            "month": "2015-04",
            "price": "104.46",
            "revenue": 578735
        },
        "2015-05": {
            "month": "2015-05",
            "price": "89.91",
            "revenue": 644337
        },
        "2015-06": {
            "month": "2015-06",
            "price": "86.39",
            "revenue": 715707
        },
        "2015-07": {
            "month": "2015-07",
            "price": "79.39",
            "revenue": 724356
        },
        "2015-08": {
            "month": "2015-08",
            "price": "67.87",
            "revenue": 735419
        },
        "2015-09": {
            "month": "2015-09",
            "price": "80.27",
            "revenue": 678133
        },
        "2015-10": {
            "month": "2015-10",
            "price": "86.09",
            "revenue": 634969
        },
        "2015-11": {
            "month": "2015-11",
            "price": "80.51",
            "revenue": 596788
        },
        "2015-12": {
            "month": "2015-12",
            "price": "78.68",
            "revenue": 662645
        },
        "2016-01": {
            "month": "2016-01",
            "price": "70.72",
            "revenue": 644915
        },
        "2016-02": {
            "month": "2016-02",
            "price": "79.54",
            "revenue": 565989
        },
        "2016-03": {
            "month": "2016-03",
            "price": "92.24",
            "revenue": 705747
        },
        "2016-04": {
            "month": "2016-04",
            "price": "90.97",
            "revenue": 640012
        },
        "2016-05": {
            "month": "2016-05",
            "price": "94.50",
            "revenue": 706630
        },
        "2016-06": {
            "month": "2016-06",
            "price": "100.72",
            "revenue": 708698
        },
        "2016-07": {
            "month": "2016-07",
            "price": "117.35",
            "revenue": 665068
        },
        "2016-08": {
            "month": "2016-08",
            "price": "120.37",
            "revenue": 710508
        },
        "2016-09": {
            "month": "2016-09",
            "price": "119.24",
            "revenue": 688787
        },
        "2016-10": {
            "month": "2016-10",
            "price": "114.40",
            "revenue": 672523
        },
        "2016-11": {
            "month": "2016-11",
            "price": "95.63",
            "revenue": 720551
        },
        "2016-12": {
            "month": "2016-12",
            "price": "101.86",
            "revenue": 628417
        },
        "2017-01": {
            "month": "2017-01",
            "price": "113.97",
            "revenue": 621959
        },
        "2017-02": {
            "month": "2017-02",
            "price": "123.42",
            "revenue": 577180
        },
        "2017-03": {
            "month": "2017-03",
            "price": "135.96",
            "revenue": 633622
        },
        "2017-04": {
            "month": "2017-04",
            "price": "125.39",
            "revenue": 571918
        },
        "2017-05": {
            "month": "2017-05",
            "price": "117.22",
            "revenue": 605104
        },
        "2017-06": {
            "month": "2017-06",
            "price": "120.35",
            "revenue": 643828
        },
        "2017-07": {
            "month": "2017-07",
            "price": "127.69",
            "revenue": 641321
        },
        "2017-08": {
            "month": "2017-08",
            "price": "123.28",
            "revenue": 713787
        },
        "2017-09": {
            "month": "2017-09",
            "price": "127.41",
            "revenue": 742204
        },
        "2017-10": {
            "month": "2017-10",
            "price": "129.16",
            "revenue": 717202
        },
        "2017-11": {
            "month": "2017-11",
            "price": "144.09",
            "revenue": 660639
        },
        "2017-12": {
            "month": "2017-12",
            "price": "137.29",
            "revenue": 616838
        },
        "2018-01": {
            "month": "2018-01",
            "price": "127.66",
            "revenue": 627243
        },
        "2018-02": {
            "month": "2018-02",
            "price": "111.96",
            "revenue": 497257
        },
        "2018-03": {
            "month": "2018-03",
            "price": "118.61",
            "revenue": 627581
        },
        "2018-04": {
            "month": "2018-04",
            "price": "115.39",
            "revenue": 606040
        },
        "2018-05": {
            "month": "2018-05",
            "price": "110.34",
            "revenue": 592615
        },
        "2018-06": {
            "month": "2018-06",
            "price": "109.82",
            "revenue": 561418
        },
        "2018-07": {
            "month": "2018-07",
            "price": "104.20",
            "revenue": 601460
        },
        "2018-08": {
            "month": "2018-08",
            "price": "89.49",
            "revenue": 701678
        },
        "2018-09": {
            "month": "2018-09",
            "price": "84.24",
            "revenue": 709103
        },
        "2018-10": {
            "month": "2018-10",
            "price": "89.80",
            "revenue": 707329
        },
        "2018-11": {
            "month": "2018-11",
            "price": "103.39",
            "revenue": 637031
        },
        "2018-12": {
            "month": "2018-12",
            "price": "106.81",
            "revenue": 572716
        },
        "2019-01": {
            "month": "2019-01",
            "price": "105.83",
            "revenue": 592535
        },
        "2019-02": {
            "month": "2019-02",
            "price": "106.04",
            "revenue": 474562
        },
        "2019-03": {
            "month": "2019-03",
            "price": "105.48",
            "revenue": 548229
        },
        "2019-04": {
            "month": "2019-04",
            "price": "105.58",
            "revenue": 636002
        },
        "2019-05": {
            "month": "2019-05",
            "price": "104.61",
            "revenue": 632639
        },
        "2019-06": {
            "month": "2019-06",
            "price": "104.68",
            "revenue": 553721
        },
        "2019-07": {
            "month": "2019-07",
            "price": "120.35",
            "revenue": 643744
        },
        "2019-08": {
            "month": "2019-08",
            "price": "122.81",
            "revenue": 608844
        },
        "2019-09": {
            "month": "2019-09",
            "price": "119.87",
            "revenue": 654364
        },
        "2019-10": {
            "month": "2019-10",
            "price": "134.45",
            "revenue": 701095
        },
        "2019-11": {
            "month": "2019-11",
            "price": "130.00",
            "revenue": 702729
        },
        "2019-12": {
            "month": "2019-12",
            "price": "142.07",
            "revenue": 682190
        },
        "2020-01": {
            "month": "2020-01",
            "price": "154.53",
            "revenue": 631108
        },
        "2020-02": {
            "month": "2020-02",
            "price": "152.95",
            "revenue": 641105
        },
        "2020-03": {
            "month": "2020-03",
            "price": "119.12",
            "revenue": 680992
        },
        "2020-04": {
            "month": "2020-04",
            "price": "115.78",
            "revenue": 590972
        },
        "2020-05": {
            "month": "2020-05",
            "price": "132.65",
            "revenue": 686655
        },
        "2020-06": {
            "month": "2020-06",
            "price": "143.55",
            "revenue": 785026
        },
        "2020-07": {
            "month": "2020-07",
            "price": "144.93",
            "revenue": 911463
        },
        "2020-08": {
            "month": "2020-08",
            "price": "137.02",
            "revenue": 913829
        },
        "2020-09": {
            "month": "2020-09",
            "price": "130.48",
            "revenue": 1050741
        },
        "2020-10": {
            "month": "2020-10",
            "price": "133.95",
            "revenue": 1063940
        },
        "2020-11": {
            "month": "2020-11",
            "price": "139.32",
            "revenue": 1116658
        },
        "2020-12": {
            "month": "2020-12",
            "price": "190.93",
            "revenue": 1107197
        },
        "2021-01": {
            "month": "2021-01",
            "price": "211.05",
            "revenue": 1011605
        },
        "2021-02": {
            "month": "2021-02",
            "price": "216.69",
            "revenue": 964826
        },
        "2021-03": {
            "month": "2021-03",
            "price": "201.57",
            "revenue": 1164831
        },
        "2021-04": {
            "month": "2021-04",
            "price": "200.42",
            "revenue": 1112037
        },
        "2021-05": {
            "month": "2021-05",
            "price": "170.83",
            "revenue": 1156121
        },
        "2021-06": {
            "month": "2021-06",
            "price": "195.64",
            "revenue": 1166426
        },
        "2021-07": {
            "month": "2021-07",
            "price": "240.41",
            "revenue": 1243909
        },
        "2021-08": {
            "month": "2021-08",
            "price": "252.20",
            "revenue": 1219107
        },
        "2021-09": {
            "month": "2021-09",
            "price": "235.98",
            "revenue": 1313566
        },
        "2021-10": {
            "month": "2021-10",
            "price": "238.02",
            "revenue": 1157499
        },
        "2021-11": {
            "month": "2021-11",
            "price": "292.43",
            "revenue": 1247342
        },
        "2021-12": {
            "month": "2021-12",
            "price": "290.68",
            "revenue": 1119986
        },
        "2022-01": {
            "month": "2022-01",
            "price": "273.61",
            "revenue": 1148483
        },
        "2022-02": {
            "month": "2022-02",
            "price": "278.33",
            "revenue": 1068125
        },
        "2022-03": {
            "month": "2022-03",
            "price": "273.65",
            "revenue": 1248973
        },
        "2022-04": {
            "month": "2022-04",
            "price": "257.26",
            "revenue": 1187505
        },
        "2022-05": {
            "month": "2022-05",
            "price": "244.55",
            "revenue": 1159837
        },
        "2022-06": {
            "month": "2022-06",
            "price": "229.98",
            "revenue": 1258228
        },
        "2022-07": {
            "month": "2022-07",
            "price": "192.14",
            "revenue": 1188603
        },
        "2022-08": {
            "month": "2022-08",
            "price": "201.37",
            "revenue": 1263132
        },
        "2022-09": {
            "month": "2022-09",
            "price": "194.26",
            "revenue": 1259157
        },
        "2022-10": {
            "month": "2022-10",
            "price": "163.88",
            "revenue": 1146048
        },
        "2022-11": {
            "month": "2022-11",
            "price": "188.98",
            "revenue": 1073441
        },
        "2022-12": {
            "month": "2022-12",
            "price": "206.10",
            "revenue": 1070059
        },
        "2023-01": {
            "month": "2023-01",
            "price": "208.00",
            "revenue": 971392
        },
        "2023-02": {
            "month": "2023-02",
            "price": "231.03",
            "revenue": 961190
        },
        "2023-03": {
            "month": "2023-03",
            "price": "208.89",
            "revenue": 967866
        },
        "2023-04": {
            "month": "2023-04",
            "price": "183.47",
            "revenue": 952991
        }
    }
}
