{
    "summary": {
        "stock_name": "台燿",
        "stock_id": "6274",
        "category": "電子零組件",
        "main_business": "銅箔基板、粘合片、多層壓合板之製造、加工及買賣",
        "website_url": "http://www.tuc.com.tw",
        "ceo": "劉又如",
        "pe_ratio": 27,
        "report_year_from": 2001,
        "report_year_to": 2023,
        "age": 22,
        "eps_negative_percentage": 5,
        "eps_growth_avg": {
            "last_all": 14.46,
            "last_2y": -10.57,
            "last_4y": 8.45,
            "last_8y": 10.47,
            "last_12y": 20.82,
            "last_16y": 8.6,
            "last_20y": null,
            "at_2006_last_3y": 49.8,
            "at_2007_last_3y": 19.5,
            "at_2008_last_3y": -23.11,
            "at_2009_last_3y": -31.1,
            "at_2010_last_3y": -20.18,
            "at_2011_last_3y": -27.62,
            "at_2012_last_3y": 14.99,
            "at_2013_last_3y": 44.1,
            "at_2014_last_3y": 24.48,
            "at_2015_last_3y": 37.21,
            "at_2016_last_3y": 17.44,
            "at_2017_last_3y": 12.99,
            "at_2018_last_3y": 27.89,
            "at_2019_last_3y": 26.11,
            "at_2020_last_3y": 19.95,
            "at_2021_last_3y": 18.86,
            "at_2022_last_3y": -9.7,
            "at_2023_last_3y": -9.7,
            "at_2006_last_all": 49.8,
            "at_2007_last_all": 35.6,
            "at_2008_last_all": 17.93,
            "at_2009_last_all": 2.64,
            "at_2010_last_all": 14.81,
            "at_2011_last_all": 7.5,
            "at_2012_last_all": 16.75,
            "at_2013_last_all": 17.72,
            "at_2014_last_all": 18.03,
            "at_2015_last_all": 16.65,
            "at_2016_last_all": 16.95,
            "at_2017_last_all": 16.46,
            "at_2018_last_all": 20.5,
            "at_2019_last_all": 18.87,
            "at_2020_last_all": 17.62,
            "at_2021_last_all": 16.96,
            "at_2022_last_all": 14.46,
            "at_2023_last_all": 14.46
        },
        "latest_eps": 2.39,
        "latest_price": 64.1,
        "latest_roe": 5.91,
        "latest_gross_margin": 18.48,
        "latest_equity": 10610124,
        "latest_revenue": 3652755,
        "latest_gross_profit": 675145,
        "latest_net_income": -206348,
        "latest_debt_ratio": 45.1,
        "latest_current_ratio": 207.01,
        "latest_account_receivable_turnover_ratio": 0.62,
        "latest_inventory_turnover_ratio": 1.58,
        "latest_reinvestment_rate": 24.35,
        "latest_research_to_sale_ratio": 2.55
    },
    "eps_dividends": {
        "2001": {
            "cash": 0,
            "stock": 1,
            "eps": 0
        },
        "2002": {
            "cash": 0,
            "stock": 1,
            "eps": 0.14
        },
        "2003": {
            "cash": 0,
            "stock": 1,
            "eps": 1.59
        },
        "2004": {
            "cash": 0,
            "stock": 1,
            "eps": 3.52
        },
        "2005": {
            "cash": 0,
            "stock": 1,
            "eps": 1.51
        },
        "2006": {
            "cash": 0,
            "stock": 0,
            "eps": 2.36
        },
        "2007": {
            "cash": 1,
            "stock": 1,
            "eps": 1.86
        },
        "2008": {
            "cash": 1,
            "stock": 0,
            "eps": 0.55
        },
        "2009": {
            "cash": 0,
            "stock": 0,
            "eps": 0.06
        },
        "2010": {
            "cash": 0,
            "stock": 0,
            "eps": 1.59
        },
        "2011": {
            "cash": 1,
            "stock": 0,
            "eps": 0.78
        },
        "2012": {
            "cash": 1,
            "stock": 0,
            "eps": 2.01
        },
        "2013": {
            "cash": 1,
            "stock": 0,
            "eps": 2.56
        },
        "2014": {
            "cash": 1,
            "stock": 0,
            "eps": 3.11
        },
        "2015": {
            "cash": 2,
            "stock": 0,
            "eps": 3.11
        },
        "2016": {
            "cash": 2,
            "stock": 0,
            "eps": 3.76
        },
        "2017": {
            "cash": 2,
            "stock": 0,
            "eps": 4.12
        },
        "2018": {
            "cash": 3,
            "stock": 0,
            "eps": 7.46
        },
        "2019": {
            "cash": 5,
            "stock": 0,
            "eps": 6.93
        },
        "2020": {
            "cash": 5,
            "stock": 0,
            "eps": 6.67
        },
        "2021": {
            "cash": 5,
            "stock": 0,
            "eps": 7.02
        },
        "2022": {
            "cash": 5,
            "stock": 0,
            "eps": 4.69
        },
        "2023": {
            "cash": 4,
            "stock": 0,
            "eps": -0.77
        }
    },
    "dividends": {
        "2001-05-11": {
            "cash": 0,
            "stock": 1.25
        },
        "2002-03-27": {
            "cash": 0,
            "stock": 1
        },
        "2003-05-20": {
            "cash": 0,
            "stock": 0.6
        },
        "2004-03-18": {
            "cash": 0.3,
            "stock": 0.6
        },
        "2005-03-16": {
            "cash": 0.35,
            "stock": 1.15
        },
        "2006-04-17": {
            "cash": 0.38,
            "stock": 0.38
        },
        "2007-04-25": {
            "cash": 0.7,
            "stock": 0.7
        },
        "2008-03-24": {
            "cash": 0.8,
            "stock": 0.2
        },
        "2009-03-26": {
            "cash": 0.2,
            "stock": 0
        },
        "2010-04-20": {
            "cash": 0.2,
            "stock": 0
        },
        "2011-04-27": {
            "cash": 0.8,
            "stock": 0
        },
        "2012-06-21": {
            "cash": 0.6,
            "stock": 0
        },
        "2013-06-13": {
            "cash": 0.8,
            "stock": 0
        },
        "2014-09-17": {
            "cash": 1.2,
            "stock": 0
        },
        "2015-08-28": {
            "cash": 1.6,
            "stock": 0
        },
        "2016-09-08": {
            "cash": 1.6,
            "stock": 0
        },
        "2017-09-06": {
            "cash": 2.1,
            "stock": 0
        },
        "2018-09-06": {
            "cash": 3.2,
            "stock": 0
        },
        "2019-09-12": {
            "cash": 4.5,
            "stock": 0
        },
        "2020-05-22": {
            "cash": 4.6,
            "stock": 0
        },
        "2021-05-21": {
            "cash": 4.8,
            "stock": 0
        },
        "2022-05-20": {
            "cash": 5,
            "stock": 0
        },
        "2023-05-19": {
            "cash": 4,
            "stock": 0
        }
    },
    "prices": {
        "200101": "無",
        "200102": "無",
        "200103": "無",
        "200104": "無",
        "200105": "無",
        "200106": "無",
        "200107": "無",
        "200108": "無",
        "200109": "無",
        "200110": "無",
        "200111": "無",
        "200112": "無",
        "200201": "無",
        "200202": "無",
        "200203": "無",
        "200204": "無",
        "200205": "無",
        "200206": "無",
        "200207": "無",
        "200208": "無",
        "200209": "無",
        "200210": "無",
        "200211": "無",
        "200212": "無",
        "200301": "無",
        "200302": "無",
        "200303": "無",
        "200304": "無",
        "200305": "無",
        "200306": "無",
        "200307": "無",
        "200308": "無",
        "200309": "無",
        "200310": "18.51",
        "200311": "21.11",
        "200312": "20.60",
        "200401": "25.53",
        "200402": "25.58",
        "200403": "24.76",
        "200404": "28.49",
        "200405": "25.48",
        "200406": "25.81",
        "200407": "19.91",
        "200408": "19.65",
        "200409": "24.20",
        "200410": "21.68",
        "200411": "20.26",
        "200412": "19.13",
        "200501": "16.54",
        "200502": "18.16",
        "200503": "18.00",
        "200504": "16.76",
        "200505": "13.77",
        "200506": "14.61",
        "200507": "15.26",
        "200508": "12.95",
        "200509": "12.82",
        "200510": "12.63",
        "200511": "12.74",
        "200512": "16.73",
        "200601": "18.80",
        "200602": "16.49",
        "200603": "15.72",
        "200604": "18.77",
        "200605": "25.37",
        "200606": "20.87",
        "200607": "19.58",
        "200608": "20.13",
        "200609": "20.91",
        "200610": "21.54",
        "200611": "21.37",
        "200612": "21.36",
        "200701": "20.60",
        "200702": "19.47",
        "200703": "20.26",
        "200704": "21.66",
        "200705": "18.58",
        "200706": "19.58",
        "200707": "20.50",
        "200708": "19.50",
        "200709": "18.70",
        "200710": "18.27",
        "200711": "17.32",
        "200712": "15.23",
        "200801": "13.60",
        "200802": "13.78",
        "200803": "14.07",
        "200804": "14.69",
        "200805": "16.92",
        "200806": "15.32",
        "200807": "13.37",
        "200808": "13.24",
        "200809": "11.30",
        "200810": "8.12",
        "200811": "6.08",
        "200812": "5.10",
        "200901": "5.06",
        "200902": "5.35",
        "200903": "6.78",
        "200904": "7.93",
        "200905": "8.17",
        "200906": "7.99",
        "200907": "11.24",
        "200908": "13.29",
        "200909": "14.15",
        "200910": "13.26",
        "200911": "12.34",
        "200912": "13.15",
        "201001": "14.76",
        "201002": "14.34",
        "201003": "16.26",
        "201004": "16.72",
        "201005": "16.62",
        "201006": "15.55",
        "201007": "16.82",
        "201008": "16.93",
        "201009": "16.35",
        "201010": "15.98",
        "201011": "15.11",
        "201012": "15.99",
        "201101": "16.40",
        "201102": "16.55",
        "201103": "15.68",
        "201104": "15.83",
        "201105": "15.34",
        "201106": "15.18",
        "201107": "14.46",
        "201108": "12.43",
        "201109": "11.65",
        "201110": "11.12",
        "201111": "10.42",
        "201112": "8.90",
        "201201": "9.34",
        "201202": "11.39",
        "201203": "12.46",
        "201204": "14.49",
        "201205": "16.06",
        "201206": "15.10",
        "201207": "14.49",
        "201208": "14.89",
        "201209": "15.65",
        "201210": "14.46",
        "201211": "14.22",
        "201212": "14.78",
        "201301": "15.59",
        "201302": "16.46",
        "201303": "17.44",
        "201304": "18.34",
        "201305": "19.42",
        "201306": "19.90",
        "201307": "21.20",
        "201308": "22.32",
        "201309": "23.00",
        "201310": "21.37",
        "201311": "22.29",
        "201312": "21.98",
        "201401": "27.11",
        "201402": "27.74",
        "201403": "26.87",
        "201404": "29.77",
        "201405": "27.96",
        "201406": "27.31",
        "201407": "27.10",
        "201408": "28.81",
        "201409": "28.37",
        "201410": "25.61",
        "201411": "25.74",
        "201412": "26.60",
        "201501": "28.14",
        "201502": "29.11",
        "201503": "29.97",
        "201504": "28.86",
        "201505": "25.90",
        "201506": "23.78",
        "201507": "24.15",
        "201508": "22.64",
        "201509": "23.24",
        "201510": "23.71",
        "201511": "29.45",
        "201512": "27.94",
        "201601": "24.48",
        "201602": "24.95",
        "201603": "25.64",
        "201604": "28.29",
        "201605": "30.35",
        "201606": "35.60",
        "201607": "38.85",
        "201608": "38.21",
        "201609": "37.86",
        "201610": "33.81",
        "201611": "32.54",
        "201612": "35.32",
        "201701": "40.61",
        "201702": "42.29",
        "201703": "46.38",
        "201704": "52.87",
        "201705": "51.15",
        "201706": "52.89",
        "201707": "58.90",
        "201708": "69.25",
        "201709": "79.74",
        "201710": "82.10",
        "201711": "79.36",
        "201712": "77.33",
        "201801": "90.46",
        "201802": "88.61",
        "201803": "90.76",
        "201804": "89.41",
        "201805": "91.26",
        "201806": "102.56",
        "201807": "115.84",
        "201808": "119.04",
        "201809": "104.93",
        "201810": "85.85",
        "201811": "90.13",
        "201812": "92.24",
        "201901": "93.74",
        "201902": "100.95",
        "201903": "102.83",
        "201904": "112.28",
        "201905": "116.73",
        "201906": "119.32",
        "201907": "123.02",
        "201908": "131.88",
        "201909": "141.13",
        "201910": "133.60",
        "201911": "130.31",
        "201912": "141.68",
        "202001": "135.40",
        "202002": "133.76",
        "202003": "119.18",
        "202004": "125.18",
        "202005": "140.48",
        "202006": "142.70",
        "202007": "139.17",
        "202008": "125.57",
        "202009": "121.25",
        "202010": "101.70",
        "202011": "110.23",
        "202012": "119.04",
        "202101": "120.02",
        "202102": "117.92",
        "202103": "114.07",
        "202104": "121.29",
        "202105": "97.89",
        "202106": "107.26",
        "202107": "118.86",
        "202108": "111.61",
        "202109": "111.28",
        "202110": "96.33",
        "202111": "98.03",
        "202112": "102.27",
        "202201": "96.49",
        "202202": "91.66",
        "202203": "83.40",
        "202204": "75.63",
        "202205": "75.59",
        "202206": "65.99",
        "202207": "53.90",
        "202208": "54.96",
        "202209": "51.87",
        "202210": "42.12",
        "202211": "52.62",
        "202212": "54.16",
        "202301": "58.62",
        "202302": "60.11",
        "202303": "66.91",
        "202304": "67.52",
        "202305": "64.64"
    },
    "quarters": {
        "20011": {
            "year_quarter": 20011,
            "year": 2001,
            "quarter": 1,
            "eps": null,
            "eps_growth_year": null,
            "eps_4q": null,
            "eps_4q_growth_year": null,
            "roe": null,
            "roe_4q": 0,
            "gross_profit": null,
            "gross_margin": null,
            "gross_margin_4q_avg": 0,
            "net_income": null,
            "revenue": null,
            "common_shares": null,
            "book_valuer_per_share": null,
            "book_valuer_per_share_4q_avg": 0,
            "equity": null,
            "current_ratio": null,
            "debt_ratio": null,
            "inventory_turnover_ratio": null,
            "account_receivable_turnover_ratio": null,
            "reinvestment_rate": null,
            "research_to_sale_ratio": null,
            "price_fair": 0,
            "eps_avg_yearly": 0,
            "eps_latest_yearly": 0,
            "eps_growth_yearly": 0
        },
        "20012": {
            "year_quarter": 20012,
            "year": 2001,
            "quarter": 2,
            "eps": null,
            "eps_growth_year": null,
            "eps_4q": null,
            "eps_4q_growth_year": null,
            "roe": null,
            "roe_4q": 0,
            "gross_profit": null,
            "gross_margin": null,
            "gross_margin_4q_avg": 0,
            "net_income": null,
            "revenue": null,
            "common_shares": null,
            "book_valuer_per_share": null,
            "book_valuer_per_share_4q_avg": 0,
            "equity": null,
            "current_ratio": null,
            "debt_ratio": null,
            "inventory_turnover_ratio": null,
            "account_receivable_turnover_ratio": null,
            "reinvestment_rate": null,
            "research_to_sale_ratio": null,
            "price_fair": 0,
            "eps_avg_yearly": 0,
            "eps_latest_yearly": 0,
            "eps_growth_yearly": 0
        },
        "20013": {
            "year_quarter": 20013,
            "year": 2001,
            "quarter": 3,
            "eps": null,
            "eps_growth_year": null,
            "eps_4q": null,
            "eps_4q_growth_year": null,
            "roe": null,
            "roe_4q": 0,
            "gross_profit": null,
            "gross_margin": null,
            "gross_margin_4q_avg": 0,
            "net_income": null,
            "revenue": null,
            "common_shares": null,
            "book_valuer_per_share": null,
            "book_valuer_per_share_4q_avg": 0,
            "equity": null,
            "current_ratio": null,
            "debt_ratio": null,
            "inventory_turnover_ratio": null,
            "account_receivable_turnover_ratio": null,
            "reinvestment_rate": null,
            "research_to_sale_ratio": null,
            "price_fair": 0,
            "eps_avg_yearly": 0,
            "eps_latest_yearly": 0,
            "eps_growth_yearly": 0
        },
        "20014": {
            "year_quarter": 20014,
            "year": 2001,
            "quarter": 4,
            "eps": null,
            "eps_growth_year": null,
            "eps_4q": null,
            "eps_4q_growth_year": null,
            "roe": null,
            "roe_4q": 0,
            "gross_profit": null,
            "gross_margin": null,
            "gross_margin_4q_avg": 0,
            "net_income": null,
            "revenue": null,
            "common_shares": 1034000,
            "book_valuer_per_share": 13.42,
            "book_valuer_per_share_4q_avg": 3.36,
            "equity": 1387719,
            "current_ratio": 70.3,
            "debt_ratio": 63.33,
            "inventory_turnover_ratio": null,
            "account_receivable_turnover_ratio": null,
            "reinvestment_rate": null,
            "research_to_sale_ratio": null,
            "price_fair": 0,
            "eps_avg_yearly": 0,
            "eps_latest_yearly": 0,
            "eps_growth_yearly": 0
        },
        "20021": {
            "year_quarter": 20021,
            "year": 2002,
            "quarter": 1,
            "eps": 0.08,
            "eps_growth_year": null,
            "eps_4q": null,
            "eps_4q_growth_year": null,
            "roe": 0.67,
            "roe_4q": 0.67,
            "gross_profit": 69473,
            "gross_margin": 10.89,
            "gross_margin_4q_avg": 2.72,
            "net_income": 9274,
            "revenue": 637812,
            "common_shares": 1034000,
            "book_valuer_per_share": 13.52,
            "book_valuer_per_share_4q_avg": 6.74,
            "equity": 1397716,
            "current_ratio": 68.24,
            "debt_ratio": 62.69,
            "inventory_turnover_ratio": 1.42,
            "account_receivable_turnover_ratio": null,
            "reinvestment_rate": null,
            "research_to_sale_ratio": null,
            "price_fair": 0,
            "eps_avg_yearly": 0,
            "eps_latest_yearly": 0,
            "eps_growth_yearly": 0
        },
        "20022": {
            "year_quarter": 20022,
            "year": 2002,
            "quarter": 2,
            "eps": 0.06,
            "eps_growth_year": null,
            "eps_4q": null,
            "eps_4q_growth_year": null,
            "roe": 0.53,
            "roe_4q": 1.2000000000000002,
            "gross_profit": 77456,
            "gross_margin": 10.75,
            "gross_margin_4q_avg": 5.41,
            "net_income": 7380,
            "revenue": 720627,
            "common_shares": 1034000,
            "book_valuer_per_share": 13.58,
            "book_valuer_per_share_4q_avg": 10.13,
            "equity": 1404373,
            "current_ratio": 72.46,
            "debt_ratio": 63.51,
            "inventory_turnover_ratio": 1.38,
            "account_receivable_turnover_ratio": null,
            "reinvestment_rate": null,
            "research_to_sale_ratio": null,
            "price_fair": 0.72,
            "eps_avg_yearly": 0.24,
            "eps_latest_yearly": 0.24,
            "eps_growth_yearly": -100
        },
        "20023": {
            "year_quarter": 20023,
            "year": 2002,
            "quarter": 3,
            "eps": null,
            "eps_growth_year": null,
            "eps_4q": null,
            "eps_4q_growth_year": null,
            "roe": null,
            "roe_4q": 1.2000000000000002,
            "gross_profit": null,
            "gross_margin": null,
            "gross_margin_4q_avg": 5.41,
            "net_income": null,
            "revenue": null,
            "common_shares": null,
            "book_valuer_per_share": null,
            "book_valuer_per_share_4q_avg": 10.13,
            "equity": null,
            "current_ratio": null,
            "debt_ratio": null,
            "inventory_turnover_ratio": null,
            "account_receivable_turnover_ratio": null,
            "reinvestment_rate": null,
            "research_to_sale_ratio": null,
            "price_fair": 0.72,
            "eps_avg_yearly": 0.24,
            "eps_latest_yearly": 0.24,
            "eps_growth_yearly": -100
        },
        "20024": {
            "year_quarter": 20024,
            "year": 2002,
            "quarter": 4,
            "eps": null,
            "eps_growth_year": null,
            "eps_4q": null,
            "eps_4q_growth_year": null,
            "roe": null,
            "roe_4q": 1.2000000000000002,
            "gross_profit": null,
            "gross_margin": null,
            "gross_margin_4q_avg": 5.41,
            "net_income": null,
            "revenue": null,
            "common_shares": 1237400,
            "book_valuer_per_share": 13.06,
            "book_valuer_per_share_4q_avg": 10.04,
            "equity": 1615649,
            "current_ratio": 98.58,
            "debt_ratio": 59.72,
            "inventory_turnover_ratio": null,
            "account_receivable_turnover_ratio": null,
            "reinvestment_rate": null,
            "research_to_sale_ratio": null,
            "price_fair": 0.72,
            "eps_avg_yearly": 0.24,
            "eps_latest_yearly": 0.24,
            "eps_growth_yearly": -100
        },
        "20031": {
            "year_quarter": 20031,
            "year": 2003,
            "quarter": 1,
            "eps": 0.39,
            "eps_growth_year": 387.5,
            "eps_4q": null,
            "eps_4q_growth_year": null,
            "roe": 2.95,
            "roe_4q": 3.4800000000000004,
            "gross_profit": 112890,
            "gross_margin": 12.96,
            "gross_margin_4q_avg": 5.93,
            "net_income": 48370,
            "revenue": 870997,
            "common_shares": 1237400,
            "book_valuer_per_share": 13.45,
            "book_valuer_per_share_4q_avg": 10.02,
            "equity": 1664668,
            "current_ratio": 98.49,
            "debt_ratio": 58.73,
            "inventory_turnover_ratio": 1.44,
            "account_receivable_turnover_ratio": null,
            "reinvestment_rate": null,
            "research_to_sale_ratio": null,
            "price_fair": 0.72,
            "eps_avg_yearly": 0.24,
            "eps_latest_yearly": 0.24,
            "eps_growth_yearly": -100
        },
        "20032": {
            "year_quarter": 20032,
            "year": 2003,
            "quarter": 2,
            "eps": 0.06,
            "eps_growth_year": 0,
            "eps_4q": null,
            "eps_4q_growth_year": null,
            "roe": 0.48,
            "roe_4q": 3.43,
            "gross_profit": 64536,
            "gross_margin": 7.7,
            "gross_margin_4q_avg": 5.17,
            "net_income": 8026,
            "revenue": 838056,
            "common_shares": 1237400,
            "book_valuer_per_share": 13.51,
            "book_valuer_per_share_4q_avg": 10.01,
            "equity": 1671570,
            "current_ratio": 96.79,
            "debt_ratio": 60.3,
            "inventory_turnover_ratio": 1.37,
            "account_receivable_turnover_ratio": null,
            "reinvestment_rate": null,
            "research_to_sale_ratio": null,
            "price_fair": 0.72,
            "eps_avg_yearly": 0.24,
            "eps_latest_yearly": 0.24,
            "eps_growth_yearly": -219.23
        },
        "20033": {
            "year_quarter": 20033,
            "year": 2003,
            "quarter": 3,
            "eps": 0.46,
            "eps_growth_year": null,
            "eps_4q": null,
            "eps_4q_growth_year": null,
            "roe": 3.76,
            "roe_4q": 7.19,
            "gross_profit": 206846,
            "gross_margin": 19.32,
            "gross_margin_4q_avg": 10,
            "net_income": 64091,
            "revenue": 1070480,
            "common_shares": 1315500,
            "book_valuer_per_share": 13.19,
            "book_valuer_per_share_4q_avg": 13.3,
            "equity": 1735269,
            "current_ratio": 103.35,
            "debt_ratio": 60,
            "inventory_turnover_ratio": 1.46,
            "account_receivable_turnover_ratio": null,
            "reinvestment_rate": null,
            "research_to_sale_ratio": null,
            "price_fair": 27.07,
            "eps_avg_yearly": 0.77,
            "eps_latest_yearly": 1.84,
            "eps_growth_yearly": 742.74
        },
        "20034": {
            "year_quarter": 20034,
            "year": 2003,
            "quarter": 4,
            "eps": 0.68,
            "eps_growth_year": null,
            "eps_4q": 1.6,
            "eps_4q_growth_year": null,
            "roe": 5.02,
            "roe_4q": 12.21,
            "gross_profit": 223888,
            "gross_margin": 17.53,
            "gross_margin_4q_avg": 14.38,
            "net_income": 89290,
            "revenue": 1276930,
            "common_shares": 1315500,
            "book_valuer_per_share": 13.87,
            "book_valuer_per_share_4q_avg": 13.51,
            "equity": 1824680,
            "current_ratio": 108.56,
            "debt_ratio": 61.42,
            "inventory_turnover_ratio": 1.74,
            "account_receivable_turnover_ratio": null,
            "reinvestment_rate": null,
            "research_to_sale_ratio": null,
            "price_fair": 44.1,
            "eps_avg_yearly": 1.26,
            "eps_latest_yearly": 2.72,
            "eps_growth_yearly": 604.88
        },
        "20041": {
            "year_quarter": 20041,
            "year": 2004,
            "quarter": 1,
            "eps": 0.8,
            "eps_growth_year": 105.13,
            "eps_4q": 2.03,
            "eps_4q_growth_year": null,
            "roe": 5.61,
            "roe_4q": 14.87,
            "gross_profit": 205595,
            "gross_margin": 18.68,
            "gross_margin_4q_avg": 15.81,
            "net_income": 105273,
            "revenue": 1100489,
            "common_shares": 1315500,
            "book_valuer_per_share": 14.67,
            "book_valuer_per_share_4q_avg": 13.81,
            "equity": 1929747,
            "current_ratio": 110.74,
            "debt_ratio": 58.78,
            "inventory_turnover_ratio": 1.32,
            "account_receivable_turnover_ratio": null,
            "reinvestment_rate": null,
            "research_to_sale_ratio": null,
            "price_fair": 57.68,
            "eps_avg_yearly": 1.65,
            "eps_latest_yearly": 3.2,
            "eps_growth_yearly": 498.02
        },
        "20042": {
            "year_quarter": 20042,
            "year": 2004,
            "quarter": 2,
            "eps": 0.94,
            "eps_growth_year": 1466.67,
            "eps_4q": 2.78,
            "eps_4q_growth_year": null,
            "roe": 6.7,
            "roe_4q": 21.089999999999996,
            "gross_profit": 256943,
            "gross_margin": 20.33,
            "gross_margin_4q_avg": 18.97,
            "net_income": 132309,
            "revenue": 1264029,
            "common_shares": 1315500,
            "book_valuer_per_share": 15.36,
            "book_valuer_per_share_4q_avg": 14.27,
            "equity": 2021120,
            "current_ratio": 120.58,
            "debt_ratio": 59.94,
            "inventory_turnover_ratio": 1.21,
            "account_receivable_turnover_ratio": null,
            "reinvestment_rate": null,
            "research_to_sale_ratio": null,
            "price_fair": 70,
            "eps_avg_yearly": 2,
            "eps_latest_yearly": 3.76,
            "eps_growth_yearly": 426.68
        },
        "20043": {
            "year_quarter": 20043,
            "year": 2004,
            "quarter": 3,
            "eps": 1.28,
            "eps_growth_year": 178.26,
            "eps_4q": 3.52,
            "eps_4q_growth_year": null,
            "roe": 8.02,
            "roe_4q": 25.349999999999998,
            "gross_profit": 320225,
            "gross_margin": 22.7,
            "gross_margin_4q_avg": 19.81,
            "net_income": 186477,
            "revenue": 1410383,
            "common_shares": 1601981,
            "book_valuer_per_share": 16.42,
            "book_valuer_per_share_4q_avg": 15.08,
            "equity": 2630762,
            "current_ratio": 158.44,
            "debt_ratio": 49.44,
            "inventory_turnover_ratio": 1.14,
            "account_receivable_turnover_ratio": null,
            "reinvestment_rate": null,
            "research_to_sale_ratio": null,
            "price_fair": 85.6,
            "eps_avg_yearly": 2.45,
            "eps_latest_yearly": 5.12,
            "eps_growth_yearly": 386.4
        },
        "20044": {
            "year_quarter": 20044,
            "year": 2004,
            "quarter": 4,
            "eps": 0.5,
            "eps_growth_year": -26.47,
            "eps_4q": 3.31,
            "eps_4q_growth_year": 106.92,
            "roe": 2.82,
            "roe_4q": 23.15,
            "gross_profit": 210592,
            "gross_margin": 16.19,
            "gross_margin_4q_avg": 19.48,
            "net_income": 75570,
            "revenue": 1300674,
            "common_shares": 1612062,
            "book_valuer_per_share": 16.87,
            "book_valuer_per_share_4q_avg": 15.83,
            "equity": 2720284,
            "current_ratio": 167,
            "debt_ratio": 47.02,
            "inventory_turnover_ratio": 1.18,
            "account_receivable_turnover_ratio": null,
            "reinvestment_rate": null,
            "research_to_sale_ratio": null,
            "price_fair": 83.65,
            "eps_avg_yearly": 2.39,
            "eps_latest_yearly": 2,
            "eps_growth_yearly": 307.63
        },
        "20051": {
            "year_quarter": 20051,
            "year": 2005,
            "quarter": 1,
            "eps": 0,
            "eps_growth_year": -100,
            "eps_4q": 2.42,
            "eps_4q_growth_year": 19.44,
            "roe": -0.02,
            "roe_4q": 17.52,
            "gross_profit": 123091,
            "gross_margin": 10.01,
            "gross_margin_4q_avg": 17.31,
            "net_income": -657,
            "revenue": 1229457,
            "common_shares": 1626511,
            "book_valuer_per_share": 16.72,
            "book_valuer_per_share_4q_avg": 16.34,
            "equity": 2719221,
            "current_ratio": 180.75,
            "debt_ratio": 43.53,
            "inventory_turnover_ratio": 1.4,
            "account_receivable_turnover_ratio": null,
            "reinvestment_rate": null,
            "research_to_sale_ratio": null,
            "price_fair": 83.65,
            "eps_avg_yearly": 2.39,
            "eps_latest_yearly": 2,
            "eps_growth_yearly": 307.63
        },
        "20052": {
            "year_quarter": 20052,
            "year": 2005,
            "quarter": 2,
            "eps": 0.19,
            "eps_growth_year": -79.79,
            "eps_4q": 1.6,
            "eps_4q_growth_year": -42.25,
            "roe": 1.28,
            "roe_4q": 12.1,
            "gross_profit": 161837,
            "gross_margin": 12.54,
            "gross_margin_4q_avg": 15.36,
            "net_income": 35122,
            "revenue": 1290109,
            "common_shares": 1627936,
            "book_valuer_per_share": 16.91,
            "book_valuer_per_share_4q_avg": 16.73,
            "equity": 2752971,
            "current_ratio": 160.76,
            "debt_ratio": 46.7,
            "inventory_turnover_ratio": 1.53,
            "account_receivable_turnover_ratio": null,
            "reinvestment_rate": null,
            "research_to_sale_ratio": null,
            "price_fair": 83.65,
            "eps_avg_yearly": 2.39,
            "eps_latest_yearly": 2,
            "eps_growth_yearly": 307.63
        },
        "20053": {
            "year_quarter": 20053,
            "year": 2005,
            "quarter": 3,
            "eps": 0.61,
            "eps_growth_year": -52.34,
            "eps_4q": 1.22,
            "eps_4q_growth_year": -65.51,
            "roe": 3.93,
            "roe_4q": 8.01,
            "gross_profit": 247426,
            "gross_margin": 16,
            "gross_margin_4q_avg": 13.69,
            "net_income": 110900,
            "revenue": 1546385,
            "common_shares": 1827641,
            "book_valuer_per_share": 15.79,
            "book_valuer_per_share_4q_avg": 16.57,
            "equity": 2886598,
            "current_ratio": 160.05,
            "debt_ratio": 47.19,
            "inventory_turnover_ratio": 1.67,
            "account_receivable_turnover_ratio": null,
            "reinvestment_rate": null,
            "research_to_sale_ratio": null,
            "price_fair": 83.84,
            "eps_avg_yearly": 2.4,
            "eps_latest_yearly": 2.44,
            "eps_growth_yearly": 371.69
        },
        "20054": {
            "year_quarter": 20054,
            "year": 2005,
            "quarter": 4,
            "eps": 0.71,
            "eps_growth_year": 42,
            "eps_4q": 1.51,
            "eps_4q_growth_year": -54.31,
            "roe": 4.37,
            "roe_4q": 9.56,
            "gross_profit": 317814,
            "gross_margin": 18.61,
            "gross_margin_4q_avg": 14.29,
            "net_income": 128951,
            "revenue": 1707641,
            "common_shares": 1828156,
            "book_valuer_per_share": 16.52,
            "book_valuer_per_share_4q_avg": 16.49,
            "equity": 3019219,
            "current_ratio": 135.85,
            "debt_ratio": 52.71,
            "inventory_turnover_ratio": 1.46,
            "account_receivable_turnover_ratio": null,
            "reinvestment_rate": null,
            "research_to_sale_ratio": null,
            "price_fair": 85.4,
            "eps_avg_yearly": 2.44,
            "eps_latest_yearly": 2.84,
            "eps_growth_yearly": 341.08
        },
        "20061": {
            "year_quarter": 20061,
            "year": 2006,
            "quarter": 1,
            "eps": 0.69,
            "eps_growth_year": null,
            "eps_4q": 2.16,
            "eps_4q_growth_year": -10.84,
            "roe": 4.13,
            "roe_4q": 13.709999999999999,
            "gross_profit": 294067,
            "gross_margin": 19.35,
            "gross_margin_4q_avg": 16.63,
            "net_income": 129239,
            "revenue": 1519653,
            "common_shares": 1880993,
            "book_valuer_per_share": 17.18,
            "book_valuer_per_share_4q_avg": 16.6,
            "equity": 3231923,
            "current_ratio": 165.88,
            "debt_ratio": 44.53,
            "inventory_turnover_ratio": 1.15,
            "account_receivable_turnover_ratio": null,
            "reinvestment_rate": null,
            "research_to_sale_ratio": null,
            "price_fair": 86.42,
            "eps_avg_yearly": 2.47,
            "eps_latest_yearly": 2.76,
            "eps_growth_yearly": 309.05
        },
        "20062": {
            "year_quarter": 20062,
            "year": 2006,
            "quarter": 2,
            "eps": 0.5,
            "eps_growth_year": 163.16,
            "eps_4q": 2.37,
            "eps_4q_growth_year": 47.54,
            "roe": 2.96,
            "roe_4q": 15.39,
            "gross_profit": 255190,
            "gross_margin": 17.04,
            "gross_margin_4q_avg": 17.75,
            "net_income": 98866,
            "revenue": 1498004,
            "common_shares": 1996704,
            "book_valuer_per_share": 17.26,
            "book_valuer_per_share_4q_avg": 16.69,
            "equity": 3447114,
            "current_ratio": 153.7,
            "debt_ratio": 41.09,
            "inventory_turnover_ratio": 1.2,
            "account_receivable_turnover_ratio": null,
            "reinvestment_rate": null,
            "research_to_sale_ratio": null,
            "price_fair": 92.02,
            "eps_avg_yearly": 2.63,
            "eps_latest_yearly": 2,
            "eps_growth_yearly": 308.13
        },
        "20063": {
            "year_quarter": 20063,
            "year": 2006,
            "quarter": 3,
            "eps": 1.03,
            "eps_growth_year": 68.85,
            "eps_4q": 2.81,
            "eps_4q_growth_year": 130.89,
            "roe": 5.81,
            "roe_4q": 17.27,
            "gross_profit": 358260,
            "gross_margin": 19.02,
            "gross_margin_4q_avg": 18.51,
            "net_income": 207093,
            "revenue": 1883371,
            "common_shares": 2083210,
            "book_valuer_per_share": 17.69,
            "book_valuer_per_share_4q_avg": 17.16,
            "equity": 3684535,
            "current_ratio": 173.21,
            "debt_ratio": 42.38,
            "inventory_turnover_ratio": 1.46,
            "account_receivable_turnover_ratio": null,
            "reinvestment_rate": null,
            "research_to_sale_ratio": null,
            "price_fair": 96.37,
            "eps_avg_yearly": 2.75,
            "eps_latest_yearly": 4.12,
            "eps_growth_yearly": 317.78
        },
        "20064": {
            "year_quarter": 20064,
            "year": 2006,
            "quarter": 4,
            "eps": 0.14,
            "eps_growth_year": -80.28,
            "eps_4q": 2.24,
            "eps_4q_growth_year": 48.11,
            "roe": 0.78,
            "roe_4q": 13.68,
            "gross_profit": 234845,
            "gross_margin": 14.42,
            "gross_margin_4q_avg": 17.46,
            "net_income": 29054,
            "revenue": 1628328,
            "common_shares": 2094004,
            "book_valuer_per_share": 17.82,
            "book_valuer_per_share_4q_avg": 17.49,
            "equity": 3731561,
            "current_ratio": 134.11,
            "debt_ratio": 51.14,
            "inventory_turnover_ratio": 1.23,
            "account_receivable_turnover_ratio": null,
            "reinvestment_rate": 51.21,
            "research_to_sale_ratio": null,
            "price_fair": 90.46,
            "eps_avg_yearly": 2.58,
            "eps_latest_yearly": 0.56,
            "eps_growth_yearly": 266.75
        },
        "20071": {
            "year_quarter": 20071,
            "year": 2007,
            "quarter": 1,
            "eps": 0.13,
            "eps_growth_year": -81.16,
            "eps_4q": 1.77,
            "eps_4q_growth_year": -18.17,
            "roe": 0.71,
            "roe_4q": 10.26,
            "gross_profit": 180094,
            "gross_margin": 11.86,
            "gross_margin_4q_avg": 15.59,
            "net_income": 26623,
            "revenue": 1519078,
            "common_shares": 2099329,
            "book_valuer_per_share": 18.02,
            "book_valuer_per_share_4q_avg": 17.7,
            "equity": 3782798,
            "current_ratio": 187.92,
            "debt_ratio": 38.2,
            "inventory_turnover_ratio": 1.29,
            "account_receivable_turnover_ratio": null,
            "reinvestment_rate": -54.5,
            "research_to_sale_ratio": null,
            "price_fair": 85.3,
            "eps_avg_yearly": 2.44,
            "eps_latest_yearly": 0.52,
            "eps_growth_yearly": 245.66
        },
        "20072": {
            "year_quarter": 20072,
            "year": 2007,
            "quarter": 2,
            "eps": 0.38,
            "eps_growth_year": -24,
            "eps_4q": 1.53,
            "eps_4q_growth_year": -35.27,
            "roe": 2.3,
            "roe_4q": 9.6,
            "gross_profit": 167739,
            "gross_margin": 12.08,
            "gross_margin_4q_avg": 14.35,
            "net_income": 86693,
            "revenue": 1388946,
            "common_shares": 2117135,
            "book_valuer_per_share": 17.68,
            "book_valuer_per_share_4q_avg": 17.8,
            "equity": 3743247,
            "current_ratio": 154.73,
            "debt_ratio": 38.56,
            "inventory_turnover_ratio": 1.25,
            "account_receivable_turnover_ratio": null,
            "reinvestment_rate": -56.55,
            "research_to_sale_ratio": null,
            "price_fair": 88.5,
            "eps_avg_yearly": 2.53,
            "eps_latest_yearly": 1.52,
            "eps_growth_yearly": 324.78
        },
        "20073": {
            "year_quarter": 20073,
            "year": 2007,
            "quarter": 3,
            "eps": 0.86,
            "eps_growth_year": -16.5,
            "eps_4q": 1.49,
            "eps_4q_growth_year": -47.04,
            "roe": 5.07,
            "roe_4q": 8.86,
            "gross_profit": 302499,
            "gross_margin": 15.73,
            "gross_margin_4q_avg": 13.52,
            "net_income": 195612,
            "revenue": 1922893,
            "common_shares": 2285420,
            "book_valuer_per_share": 17.37,
            "book_valuer_per_share_4q_avg": 17.72,
            "equity": 3970585,
            "current_ratio": 158.23,
            "debt_ratio": 37.95,
            "inventory_turnover_ratio": 1.56,
            "account_receivable_turnover_ratio": null,
            "reinvestment_rate": -51.71,
            "research_to_sale_ratio": null,
            "price_fair": 92.5,
            "eps_avg_yearly": 2.64,
            "eps_latest_yearly": 3.44,
            "eps_growth_yearly": 170.39
        },
        "20074": {
            "year_quarter": 20074,
            "year": 2007,
            "quarter": 4,
            "eps": 0.49,
            "eps_growth_year": 250,
            "eps_4q": 1.86,
            "eps_4q_growth_year": -16.91,
            "roe": 2.74,
            "roe_4q": 10.82,
            "gross_profit": 234799,
            "gross_margin": 14.98,
            "gross_margin_4q_avg": 13.66,
            "net_income": 110588,
            "revenue": 1567361,
            "common_shares": 2294038,
            "book_valuer_per_share": 17.93,
            "book_valuer_per_share_4q_avg": 17.75,
            "equity": 4113165,
            "current_ratio": 131.25,
            "debt_ratio": 51.13,
            "inventory_turnover_ratio": 1.17,
            "account_receivable_turnover_ratio": null,
            "reinvestment_rate": 43.13,
            "research_to_sale_ratio": null,
            "price_fair": 90.6,
            "eps_avg_yearly": 2.59,
            "eps_latest_yearly": 1.96,
            "eps_growth_yearly": 144.43
        },
        "20081": {
            "year_quarter": 20081,
            "year": 2008,
            "quarter": 1,
            "eps": 0.46,
            "eps_growth_year": 253.85,
            "eps_4q": 2.17,
            "eps_4q_growth_year": 23.01,
            "roe": 2.54,
            "roe_4q": 12.650000000000002,
            "gross_profit": 318325,
            "gross_margin": 14.89,
            "gross_margin_4q_avg": 14.42,
            "net_income": 105556,
            "revenue": 2137179,
            "common_shares": 2295578,
            "book_valuer_per_share": 18.22,
            "book_valuer_per_share_4q_avg": 17.8,
            "equity": 4183247,
            "current_ratio": 133.89,
            "debt_ratio": 50.48,
            "inventory_turnover_ratio": 1.22,
            "account_receivable_turnover_ratio": null,
            "reinvestment_rate": 40.22,
            "research_to_sale_ratio": null,
            "price_fair": 87.2,
            "eps_avg_yearly": 2.49,
            "eps_latest_yearly": 1.84,
            "eps_growth_yearly": 137.64
        },
        "20082": {
            "year_quarter": 20082,
            "year": 2008,
            "quarter": 2,
            "eps": 0.62,
            "eps_growth_year": 63.16,
            "eps_4q": 2.37,
            "eps_4q_growth_year": 54.44,
            "roe": 3.51,
            "roe_4q": 13.86,
            "gross_profit": 369899,
            "gross_margin": 17.09,
            "gross_margin_4q_avg": 15.67,
            "net_income": 146244,
            "revenue": 2164264,
            "common_shares": 2298103,
            "book_valuer_per_share": 18.09,
            "book_valuer_per_share_4q_avg": 17.9,
            "equity": 4158169,
            "current_ratio": 125.83,
            "debt_ratio": 54.46,
            "inventory_turnover_ratio": 0.95,
            "account_receivable_turnover_ratio": null,
            "reinvestment_rate": 43.33,
            "research_to_sale_ratio": null,
            "price_fair": 84,
            "eps_avg_yearly": 2.4,
            "eps_latest_yearly": 2.48,
            "eps_growth_yearly": 142.58
        },
        "20083": {
            "year_quarter": 20083,
            "year": 2008,
            "quarter": 3,
            "eps": 0.06,
            "eps_growth_year": -93.02,
            "eps_4q": 1.53,
            "eps_4q_growth_year": 3.14,
            "roe": 0.35,
            "roe_4q": 9.14,
            "gross_profit": 225638,
            "gross_margin": 10.36,
            "gross_margin_4q_avg": 14.33,
            "net_income": 14765,
            "revenue": 2178479,
            "common_shares": 2344073,
            "book_valuer_per_share": 18.27,
            "book_valuer_per_share_4q_avg": 18.13,
            "equity": 4283414,
            "current_ratio": 121.67,
            "debt_ratio": 51.89,
            "inventory_turnover_ratio": 1.06,
            "account_receivable_turnover_ratio": null,
            "reinvestment_rate": 71.5,
            "research_to_sale_ratio": null,
            "price_fair": 71.8,
            "eps_avg_yearly": 2.05,
            "eps_latest_yearly": 0.24,
            "eps_growth_yearly": 106.44
        },
        "20084": {
            "year_quarter": 20084,
            "year": 2008,
            "quarter": 4,
            "eps": -0.59,
            "eps_growth_year": -220.41,
            "eps_4q": 0.54,
            "eps_4q_growth_year": -70.95,
            "roe": -3.3,
            "roe_4q": 3.1,
            "gross_profit": -15535,
            "gross_margin": -1.35,
            "gross_margin_4q_avg": 10.25,
            "net_income": -139142,
            "revenue": 1154953,
            "common_shares": 2322881,
            "book_valuer_per_share": 17.86,
            "book_valuer_per_share_4q_avg": 18.11,
            "equity": 4149236,
            "current_ratio": 124.16,
            "debt_ratio": 41.94,
            "inventory_turnover_ratio": 0.94,
            "account_receivable_turnover_ratio": 1.6,
            "reinvestment_rate": 99.97,
            "research_to_sale_ratio": null,
            "price_fair": 71.94,
            "eps_avg_yearly": 2.06,
            "eps_latest_yearly": 0.24,
            "eps_growth_yearly": 133.38
        },
        "20091": {
            "year_quarter": 20091,
            "year": 2009,
            "quarter": 1,
            "eps": -0.17,
            "eps_growth_year": -136.96,
            "eps_4q": -0.07,
            "eps_4q_growth_year": -103.41,
            "roe": -0.94,
            "roe_4q": -0.38000000000000034,
            "gross_profit": 109595,
            "gross_margin": 9.6,
            "gross_margin_4q_avg": 8.93,
            "net_income": -39069,
            "revenue": 1141699,
            "common_shares": 2322881,
            "book_valuer_per_share": 17.94,
            "book_valuer_per_share_4q_avg": 18.04,
            "equity": 4167452,
            "current_ratio": 121.49,
            "debt_ratio": 43.36,
            "inventory_turnover_ratio": 1.21,
            "account_receivable_turnover_ratio": 0.85,
            "reinvestment_rate": 117.17,
            "research_to_sale_ratio": null,
            "price_fair": 71.94,
            "eps_avg_yearly": 2.06,
            "eps_latest_yearly": 0.24,
            "eps_growth_yearly": 133.38
        },
        "20092": {
            "year_quarter": 20092,
            "year": 2009,
            "quarter": 2,
            "eps": 0.09,
            "eps_growth_year": -85.48,
            "eps_4q": -0.63,
            "eps_4q_growth_year": -126.75,
            "roe": 0.49,
            "roe_4q": -3.4,
            "gross_profit": 195825,
            "gross_margin": 15.35,
            "gross_margin_4q_avg": 8.49,
            "net_income": 20351,
            "revenue": 1275693,
            "common_shares": 2322881,
            "book_valuer_per_share": 17.57,
            "book_valuer_per_share_4q_avg": 17.91,
            "equity": 4080519,
            "current_ratio": 138.21,
            "debt_ratio": 44.29,
            "inventory_turnover_ratio": 1.28,
            "account_receivable_turnover_ratio": 0.93,
            "reinvestment_rate": 124.94,
            "research_to_sale_ratio": null,
            "price_fair": 71.94,
            "eps_avg_yearly": 2.06,
            "eps_latest_yearly": 0.24,
            "eps_growth_yearly": 133.38
        },
        "20093": {
            "year_quarter": 20093,
            "year": 2009,
            "quarter": 3,
            "eps": 0.28,
            "eps_growth_year": 366.67,
            "eps_4q": -0.39,
            "eps_4q_growth_year": -125.48,
            "roe": 1.61,
            "roe_4q": -2.1399999999999997,
            "gross_profit": 299959,
            "gross_margin": 16.33,
            "gross_margin_4q_avg": 9.98,
            "net_income": 65919,
            "revenue": 1836417,
            "common_shares": 2322881,
            "book_valuer_per_share": 17.71,
            "book_valuer_per_share_4q_avg": 17.77,
            "equity": 4113900,
            "current_ratio": 169.45,
            "debt_ratio": 45.73,
            "inventory_turnover_ratio": 1.66,
            "account_receivable_turnover_ratio": 1.09,
            "reinvestment_rate": 128.42,
            "research_to_sale_ratio": null,
            "price_fair": 68.38,
            "eps_avg_yearly": 1.95,
            "eps_latest_yearly": 1.12,
            "eps_growth_yearly": 130.32
        },
        "20094": {
            "year_quarter": 20094,
            "year": 2009,
            "quarter": 4,
            "eps": -0.14,
            "eps_growth_year": null,
            "eps_4q": 0.06,
            "eps_4q_growth_year": -88.19,
            "roe": -0.79,
            "roe_4q": 0.3700000000000001,
            "gross_profit": 232999,
            "gross_margin": 12.45,
            "gross_margin_4q_avg": 13.43,
            "net_income": -32346,
            "revenue": 1871545,
            "common_shares": 2327241,
            "book_valuer_per_share": 17.5,
            "book_valuer_per_share_4q_avg": 17.68,
            "equity": 4075413,
            "current_ratio": 155.97,
            "debt_ratio": 47.4,
            "inventory_turnover_ratio": 1.77,
            "account_receivable_turnover_ratio": 1.79,
            "reinvestment_rate": 290.58,
            "research_to_sale_ratio": null,
            "price_fair": 65.8,
            "eps_avg_yearly": 1.88,
            "eps_latest_yearly": 1.12,
            "eps_growth_yearly": 135.72
        },
        "20101": {
            "year_quarter": 20101,
            "year": 2010,
            "quarter": 1,
            "eps": 0.33,
            "eps_growth_year": null,
            "eps_4q": 0.56,
            "eps_4q_growth_year": null,
            "roe": 1.88,
            "roe_4q": 3.1900000000000004,
            "gross_profit": 320152,
            "gross_margin": 14.94,
            "gross_margin_4q_avg": 14.77,
            "net_income": 77232,
            "revenue": 2142665,
            "common_shares": 2328804,
            "book_valuer_per_share": 17.8,
            "book_valuer_per_share_4q_avg": 17.65,
            "equity": 4149765,
            "current_ratio": 148.01,
            "debt_ratio": 52.39,
            "inventory_turnover_ratio": 1.58,
            "account_receivable_turnover_ratio": 0.93,
            "reinvestment_rate": 378.48,
            "research_to_sale_ratio": 1.12,
            "price_fair": 63,
            "eps_avg_yearly": 1.8,
            "eps_latest_yearly": 1.12,
            "eps_growth_yearly": 149.08
        },
        "20102": {
            "year_quarter": 20102,
            "year": 2010,
            "quarter": 2,
            "eps": 0.76,
            "eps_growth_year": 745.69,
            "eps_4q": 1.24,
            "eps_4q_growth_year": null,
            "roe": 4.19,
            "roe_4q": 6.890000000000001,
            "gross_profit": 459927,
            "gross_margin": 16.52,
            "gross_margin_4q_avg": 15.06,
            "net_income": 177609,
            "revenue": 2784551,
            "common_shares": 2330804,
            "book_valuer_per_share": 18.52,
            "book_valuer_per_share_4q_avg": 17.88,
            "equity": 4321122,
            "current_ratio": 114.51,
            "debt_ratio": 57.11,
            "inventory_turnover_ratio": 1.43,
            "account_receivable_turnover_ratio": 0.98,
            "reinvestment_rate": 383,
            "research_to_sale_ratio": 0.95,
            "price_fair": 66.31,
            "eps_avg_yearly": 1.89,
            "eps_latest_yearly": 3.04,
            "eps_growth_yearly": 206.47
        },
        "20103": {
            "year_quarter": 20103,
            "year": 2010,
            "quarter": 3,
            "eps": 0.41,
            "eps_growth_year": 48.1,
            "eps_4q": 1.37,
            "eps_4q_growth_year": null,
            "roe": 2.22,
            "roe_4q": 7.499999999999999,
            "gross_profit": 332664,
            "gross_margin": 12.56,
            "gross_margin_4q_avg": 14.12,
            "net_income": 96848,
            "revenue": 2647983,
            "common_shares": 2333178,
            "book_valuer_per_share": 18.78,
            "book_valuer_per_share_4q_avg": 18.15,
            "equity": 4385888,
            "current_ratio": 129.62,
            "debt_ratio": 55.55,
            "inventory_turnover_ratio": 1.35,
            "account_receivable_turnover_ratio": 0.89,
            "reinvestment_rate": 440.9,
            "research_to_sale_ratio": 1.82,
            "price_fair": 58.42,
            "eps_avg_yearly": 1.67,
            "eps_latest_yearly": 1.64,
            "eps_growth_yearly": 151.18
        },
        "20104": {
            "year_quarter": 20104,
            "year": 2010,
            "quarter": 4,
            "eps": 0.09,
            "eps_growth_year": null,
            "eps_4q": 1.59,
            "eps_4q_growth_year": 2395.97,
            "roe": 0.47,
            "roe_4q": 8.760000000000002,
            "gross_profit": 229346,
            "gross_margin": 9.56,
            "gross_margin_4q_avg": 13.4,
            "net_income": 20390,
            "revenue": 2399859,
            "common_shares": 2335568,
            "book_valuer_per_share": 18.36,
            "book_valuer_per_share_4q_avg": 18.37,
            "equity": 4291718,
            "current_ratio": 156.24,
            "debt_ratio": 51.65,
            "inventory_turnover_ratio": 1.56,
            "account_receivable_turnover_ratio": 0.9,
            "reinvestment_rate": 286.06,
            "research_to_sale_ratio": 1.44,
            "price_fair": 57.78,
            "eps_avg_yearly": 1.65,
            "eps_latest_yearly": 0.36,
            "eps_growth_yearly": 154.22
        },
        "20111": {
            "year_quarter": 20111,
            "year": 2011,
            "quarter": 1,
            "eps": 0.43,
            "eps_growth_year": 30.3,
            "eps_4q": 1.69,
            "eps_4q_growth_year": 200.58,
            "roe": 2.31,
            "roe_4q": 9.190000000000001,
            "gross_profit": 320882,
            "gross_margin": 11.29,
            "gross_margin_4q_avg": 12.48,
            "net_income": 100513,
            "revenue": 2843263,
            "common_shares": 2336993,
            "book_valuer_per_share": 18.94,
            "book_valuer_per_share_4q_avg": 18.65,
            "equity": 4426738,
            "current_ratio": 142.67,
            "debt_ratio": 58.24,
            "inventory_turnover_ratio": 1.74,
            "account_receivable_turnover_ratio": 1.03,
            "reinvestment_rate": 432.54,
            "research_to_sale_ratio": 0.97,
            "price_fair": 61.6,
            "eps_avg_yearly": 1.76,
            "eps_latest_yearly": 1.72,
            "eps_growth_yearly": 294.19
        },
        "20112": {
            "year_quarter": 20112,
            "year": 2011,
            "quarter": 2,
            "eps": 0.1,
            "eps_growth_year": -87.31,
            "eps_4q": 1.03,
            "eps_4q_growth_year": -16.82,
            "roe": 0.52,
            "roe_4q": 5.52,
            "gross_profit": 264973,
            "gross_margin": 9.63,
            "gross_margin_4q_avg": 10.76,
            "net_income": 22579,
            "revenue": 2750838,
            "common_shares": 2337638,
            "book_valuer_per_share": 18.15,
            "book_valuer_per_share_4q_avg": 18.56,
            "equity": 4242872,
            "current_ratio": 132.99,
            "debt_ratio": 58.01,
            "inventory_turnover_ratio": 1.52,
            "account_receivable_turnover_ratio": 0.88,
            "reinvestment_rate": 473.7,
            "research_to_sale_ratio": 1.08,
            "price_fair": 58.04,
            "eps_avg_yearly": 1.66,
            "eps_latest_yearly": 0.4,
            "eps_growth_yearly": 196.36
        },
        "20113": {
            "year_quarter": 20113,
            "year": 2011,
            "quarter": 3,
            "eps": 0.22,
            "eps_growth_year": -47.15,
            "eps_4q": 0.83,
            "eps_4q_growth_year": -39.13,
            "roe": 1.18,
            "roe_4q": 4.4799999999999995,
            "gross_profit": 257830,
            "gross_margin": 9.08,
            "gross_margin_4q_avg": 9.89,
            "net_income": 51279,
            "revenue": 2839693,
            "common_shares": 2337638,
            "book_valuer_per_share": 19.12,
            "book_valuer_per_share_4q_avg": 18.64,
            "equity": 4473582,
            "current_ratio": 146.27,
            "debt_ratio": 56.15,
            "inventory_turnover_ratio": 1.8,
            "account_receivable_turnover_ratio": 0.87,
            "reinvestment_rate": 611.4,
            "research_to_sale_ratio": 1.14,
            "price_fair": 49.89,
            "eps_avg_yearly": 1.43,
            "eps_latest_yearly": 0.88,
            "eps_growth_yearly": 194.06
        },
        "20114": {
            "year_quarter": 20114,
            "year": 2011,
            "quarter": 4,
            "eps": 0.03,
            "eps_growth_year": -61.17,
            "eps_4q": 0.78,
            "eps_4q_growth_year": -51.07,
            "roe": 0.18,
            "roe_4q": 4.1899999999999995,
            "gross_profit": 256433,
            "gross_margin": 10.01,
            "gross_margin_4q_avg": 10,
            "net_income": 7928,
            "revenue": 2561229,
            "common_shares": 2339993,
            "book_valuer_per_share": 19.18,
            "book_valuer_per_share_4q_avg": 18.85,
            "equity": 4487117,
            "current_ratio": 139.77,
            "debt_ratio": 53.88,
            "inventory_turnover_ratio": 1.91,
            "account_receivable_turnover_ratio": 0.85,
            "reinvestment_rate": 479.66,
            "research_to_sale_ratio": 1.39,
            "price_fair": 44.04,
            "eps_avg_yearly": 1.26,
            "eps_latest_yearly": 0.12,
            "eps_growth_yearly": 178.3
        },
        "20121": {
            "year_quarter": 20121,
            "year": 2012,
            "quarter": 1,
            "eps": 0.59,
            "eps_growth_year": 37.21,
            "eps_4q": 0.93,
            "eps_4q_growth_year": -44.72,
            "roe": 3.03,
            "roe_4q": 4.91,
            "gross_profit": 431122,
            "gross_margin": 14.56,
            "gross_margin_4q_avg": 10.82,
            "net_income": 137393,
            "revenue": 2961527,
            "common_shares": 2339993,
            "book_valuer_per_share": 19.51,
            "book_valuer_per_share_4q_avg": 18.99,
            "equity": 4573369,
            "current_ratio": 154.66,
            "debt_ratio": 56.58,
            "inventory_turnover_ratio": 1.97,
            "account_receivable_turnover_ratio": 0.94,
            "reinvestment_rate": 461.69,
            "research_to_sale_ratio": 1.01,
            "price_fair": 45.69,
            "eps_avg_yearly": 1.31,
            "eps_latest_yearly": 2.36,
            "eps_growth_yearly": 859.31
        },
        "20122": {
            "year_quarter": 20122,
            "year": 2012,
            "quarter": 2,
            "eps": 0.5,
            "eps_growth_year": 417.63,
            "eps_4q": 1.33,
            "eps_4q_growth_year": 29.85,
            "roe": 2.57,
            "roe_4q": 6.959999999999999,
            "gross_profit": 412220,
            "gross_margin": 14.18,
            "gross_margin_4q_avg": 11.96,
            "net_income": 117718,
            "revenue": 2907759,
            "common_shares": 2354488,
            "book_valuer_per_share": 19.46,
            "book_valuer_per_share_4q_avg": 19.32,
            "equity": 4581176,
            "current_ratio": 164.51,
            "debt_ratio": 56.98,
            "inventory_turnover_ratio": 1.71,
            "account_receivable_turnover_ratio": 0.81,
            "reinvestment_rate": 481.9,
            "research_to_sale_ratio": 2.84,
            "price_fair": 44.16,
            "eps_avg_yearly": 1.26,
            "eps_latest_yearly": 2,
            "eps_growth_yearly": 841.12
        },
        "20123": {
            "year_quarter": 20123,
            "year": 2012,
            "quarter": 3,
            "eps": 0.54,
            "eps_growth_year": 147.49,
            "eps_4q": 1.65,
            "eps_4q_growth_year": 98.11,
            "roe": 2.78,
            "roe_4q": 8.559999999999999,
            "gross_profit": 424505,
            "gross_margin": 13.51,
            "gross_margin_4q_avg": 13.07,
            "net_income": 128932,
            "revenue": 3143018,
            "common_shares": 2354488,
            "book_valuer_per_share": 19.74,
            "book_valuer_per_share_4q_avg": 19.47,
            "equity": 4681356,
            "current_ratio": 173.61,
            "debt_ratio": 55.01,
            "inventory_turnover_ratio": 1.92,
            "account_receivable_turnover_ratio": 0.83,
            "reinvestment_rate": 361.64,
            "research_to_sale_ratio": 1.71,
            "price_fair": 50.27,
            "eps_avg_yearly": 1.44,
            "eps_latest_yearly": 2.16,
            "eps_growth_yearly": 876.87
        },
        "20124": {
            "year_quarter": 20124,
            "year": 2012,
            "quarter": 4,
            "eps": 0.38,
            "eps_growth_year": 1017.71,
            "eps_4q": 1.99,
            "eps_4q_growth_year": 155.97,
            "roe": 1.9,
            "roe_4q": 10.28,
            "gross_profit": 408017,
            "gross_margin": 14.58,
            "gross_margin_4q_avg": 14.21,
            "net_income": 90022,
            "revenue": 2798516,
            "common_shares": 2377263,
            "book_valuer_per_share": 20.1,
            "book_valuer_per_share_4q_avg": 19.7,
            "equity": 4777149,
            "current_ratio": 188.49,
            "debt_ratio": 52.62,
            "inventory_turnover_ratio": 1.88,
            "account_receivable_turnover_ratio": 0.74,
            "reinvestment_rate": 263.5,
            "research_to_sale_ratio": -1.45,
            "price_fair": 50.52,
            "eps_avg_yearly": 1.44,
            "eps_latest_yearly": 1.52,
            "eps_growth_yearly": 793.92
        },
        "20131": {
            "year_quarter": 20131,
            "year": 2013,
            "quarter": 1,
            "eps": 0.57,
            "eps_growth_year": -3.39,
            "eps_4q": 1.98,
            "eps_4q_growth_year": 111.63,
            "roe": 2.77,
            "roe_4q": 10.02,
            "gross_profit": 453731,
            "gross_margin": 15.22,
            "gross_margin_4q_avg": 14.37,
            "net_income": 135337,
            "revenue": 2981239,
            "common_shares": 2377263,
            "book_valuer_per_share": 20.88,
            "book_valuer_per_share_4q_avg": 20.05,
            "equity": 4981013,
            "current_ratio": 181.48,
            "debt_ratio": 53.68,
            "inventory_turnover_ratio": 2.09,
            "account_receivable_turnover_ratio": 0.78,
            "reinvestment_rate": 1.68,
            "research_to_sale_ratio": 1.11,
            "price_fair": 52.77,
            "eps_avg_yearly": 1.51,
            "eps_latest_yearly": 2.28,
            "eps_growth_yearly": 748.24
        },
        "20132": {
            "year_quarter": 20132,
            "year": 2013,
            "quarter": 2,
            "eps": 0.65,
            "eps_growth_year": 30.01,
            "eps_4q": 2.13,
            "eps_4q_growth_year": 59.74,
            "roe": 3.12,
            "roe_4q": 10.57,
            "gross_profit": 490358,
            "gross_margin": 16.28,
            "gross_margin_4q_avg": 14.9,
            "net_income": 155535,
            "revenue": 3012246,
            "common_shares": 2384996,
            "book_valuer_per_share": 20.92,
            "book_valuer_per_share_4q_avg": 20.41,
            "equity": 5001291,
            "current_ratio": 178.87,
            "debt_ratio": 52.62,
            "inventory_turnover_ratio": 2.12,
            "account_receivable_turnover_ratio": 0.76,
            "reinvestment_rate": 1.67,
            "research_to_sale_ratio": 1.26,
            "price_fair": 55.5,
            "eps_avg_yearly": 1.59,
            "eps_latest_yearly": 2.6,
            "eps_growth_yearly": 698.8
        },
        "20133": {
            "year_quarter": 20133,
            "year": 2013,
            "quarter": 3,
            "eps": 0.68,
            "eps_growth_year": 25.37,
            "eps_4q": 2.27,
            "eps_4q_growth_year": 37.67,
            "roe": 3.21,
            "roe_4q": 11,
            "gross_profit": 519463,
            "gross_margin": 17.42,
            "gross_margin_4q_avg": 15.88,
            "net_income": 162767,
            "revenue": 2982106,
            "common_shares": 2390128,
            "book_valuer_per_share": 21.49,
            "book_valuer_per_share_4q_avg": 20.85,
            "equity": 5144480,
            "current_ratio": 182.24,
            "debt_ratio": 49.85,
            "inventory_turnover_ratio": 2.12,
            "account_receivable_turnover_ratio": 0.78,
            "reinvestment_rate": -1.12,
            "research_to_sale_ratio": 1.14,
            "price_fair": 59.5,
            "eps_avg_yearly": 1.7,
            "eps_latest_yearly": 2.72,
            "eps_growth_yearly": 639.8
        },
        "20134": {
            "year_quarter": 20134,
            "year": 2013,
            "quarter": 4,
            "eps": 0.66,
            "eps_growth_year": 75.3,
            "eps_4q": 2.55,
            "eps_4q_growth_year": 28.05,
            "roe": 3.04,
            "roe_4q": 12.14,
            "gross_profit": 484506,
            "gross_margin": 16.34,
            "gross_margin_4q_avg": 16.32,
            "net_income": 159356,
            "revenue": 2964900,
            "common_shares": 2400540,
            "book_valuer_per_share": 22.3,
            "book_valuer_per_share_4q_avg": 21.4,
            "equity": 5353234,
            "current_ratio": 189.44,
            "debt_ratio": 48.4,
            "inventory_turnover_ratio": 2.37,
            "account_receivable_turnover_ratio": 0.81,
            "reinvestment_rate": -123.8,
            "research_to_sale_ratio": 1.35,
            "price_fair": 61.69,
            "eps_avg_yearly": 1.76,
            "eps_latest_yearly": 2.64,
            "eps_growth_yearly": 596.36
        },
        "20141": {
            "year_quarter": 20141,
            "year": 2014,
            "quarter": 1,
            "eps": 0.55,
            "eps_growth_year": -3.51,
            "eps_4q": 2.53,
            "eps_4q_growth_year": 27.96,
            "roe": 2.42,
            "roe_4q": 11.79,
            "gross_profit": 525842,
            "gross_margin": 17.4,
            "gross_margin_4q_avg": 16.86,
            "net_income": 131596,
            "revenue": 3022460,
            "common_shares": 2406453,
            "book_valuer_per_share": 22.97,
            "book_valuer_per_share_4q_avg": 21.92,
            "equity": 5528301,
            "current_ratio": 189.41,
            "debt_ratio": 48.37,
            "inventory_turnover_ratio": 2.51,
            "account_receivable_turnover_ratio": 0.82,
            "reinvestment_rate": -119.41,
            "research_to_sale_ratio": 1.3,
            "price_fair": 62.65,
            "eps_avg_yearly": 1.79,
            "eps_latest_yearly": 2.2,
            "eps_growth_yearly": 554.92
        },
        "20142": {
            "year_quarter": 20142,
            "year": 2014,
            "quarter": 2,
            "eps": 0.79,
            "eps_growth_year": 21.54,
            "eps_4q": 2.67,
            "eps_4q_growth_year": 25.13,
            "roe": 3.47,
            "roe_4q": 12.14,
            "gross_profit": 621799,
            "gross_margin": 18.64,
            "gross_margin_4q_avg": 17.45,
            "net_income": 189368,
            "revenue": 3335168,
            "common_shares": 2406453,
            "book_valuer_per_share": 22.31,
            "book_valuer_per_share_4q_avg": 22.27,
            "equity": 5374570,
            "current_ratio": 176.7,
            "debt_ratio": 49.93,
            "inventory_turnover_ratio": 2.5,
            "account_receivable_turnover_ratio": 0.87,
            "reinvestment_rate": -139.5,
            "research_to_sale_ratio": 1.28,
            "price_fair": 62.91,
            "eps_avg_yearly": 1.8,
            "eps_latest_yearly": 3.16,
            "eps_growth_yearly": 533.26
        },
        "20143": {
            "year_quarter": 20143,
            "year": 2014,
            "quarter": 3,
            "eps": 0.87,
            "eps_growth_year": 27.94,
            "eps_4q": 2.86,
            "eps_4q_growth_year": 26.02,
            "roe": 3.81,
            "roe_4q": 12.739999999999998,
            "gross_profit": 642136,
            "gross_margin": 17.93,
            "gross_margin_4q_avg": 17.58,
            "net_income": 209575,
            "revenue": 3581576,
            "common_shares": 2409558,
            "book_valuer_per_share": 23.39,
            "book_valuer_per_share_4q_avg": 22.74,
            "equity": 5640668,
            "current_ratio": 187.67,
            "debt_ratio": 49.62,
            "inventory_turnover_ratio": 2.49,
            "account_receivable_turnover_ratio": 0.85,
            "reinvestment_rate": -136.39,
            "research_to_sale_ratio": 1.25,
            "price_fair": 66.94,
            "eps_avg_yearly": 1.91,
            "eps_latest_yearly": 3.48,
            "eps_growth_yearly": 547.3
        },
        "20144": {
            "year_quarter": 20144,
            "year": 2014,
            "quarter": 4,
            "eps": 0.9,
            "eps_growth_year": 36.21,
            "eps_4q": 3.1,
            "eps_4q_growth_year": 21.53,
            "roe": 3.75,
            "roe_4q": 13.450000000000001,
            "gross_profit": 627247,
            "gross_margin": 18.08,
            "gross_margin_4q_avg": 18.01,
            "net_income": 218143,
            "revenue": 3468814,
            "common_shares": 2412531,
            "book_valuer_per_share": 24.86,
            "book_valuer_per_share_4q_avg": 23.38,
            "equity": 5997078,
            "current_ratio": 202.81,
            "debt_ratio": 47.04,
            "inventory_turnover_ratio": 2.42,
            "account_receivable_turnover_ratio": 0.75,
            "reinvestment_rate": -117.83,
            "research_to_sale_ratio": 1.28,
            "price_fair": 74.03,
            "eps_avg_yearly": 2.12,
            "eps_latest_yearly": 3.6,
            "eps_growth_yearly": 567.68
        },
        "20151": {
            "year_quarter": 20151,
            "year": 2015,
            "quarter": 1,
            "eps": 0.71,
            "eps_growth_year": 29.09,
            "eps_4q": 3.27,
            "eps_4q_growth_year": 29.17,
            "roe": 2.85,
            "roe_4q": 13.88,
            "gross_profit": 589741,
            "gross_margin": 18.47,
            "gross_margin_4q_avg": 18.28,
            "net_income": 172516,
            "revenue": 3192773,
            "common_shares": 2414461,
            "book_valuer_per_share": 25.36,
            "book_valuer_per_share_4q_avg": 23.98,
            "equity": 6124367,
            "current_ratio": 206.52,
            "debt_ratio": 45.82,
            "inventory_turnover_ratio": 2.15,
            "account_receivable_turnover_ratio": 0.71,
            "reinvestment_rate": -128.31,
            "research_to_sale_ratio": 1.17,
            "price_fair": 76.48,
            "eps_avg_yearly": 2.19,
            "eps_latest_yearly": 2.84,
            "eps_growth_yearly": 467.95
        },
        "20152": {
            "year_quarter": 20152,
            "year": 2015,
            "quarter": 2,
            "eps": 0.73,
            "eps_growth_year": -7.59,
            "eps_4q": 3.21,
            "eps_4q_growth_year": 20.45,
            "roe": 2.93,
            "roe_4q": 13.340000000000002,
            "gross_profit": 531522,
            "gross_margin": 17.8,
            "gross_margin_4q_avg": 18.07,
            "net_income": 175837,
            "revenue": 2985296,
            "common_shares": 2414606,
            "book_valuer_per_share": 24.36,
            "book_valuer_per_share_4q_avg": 24.49,
            "equity": 5882955,
            "current_ratio": 201.64,
            "debt_ratio": 46.33,
            "inventory_turnover_ratio": 1.91,
            "account_receivable_turnover_ratio": 0.73,
            "reinvestment_rate": -128.11,
            "research_to_sale_ratio": 1.49,
            "price_fair": 81.99,
            "eps_avg_yearly": 2.34,
            "eps_latest_yearly": 2.92,
            "eps_growth_yearly": 487.84
        },
        "20153": {
            "year_quarter": 20153,
            "year": 2015,
            "quarter": 3,
            "eps": 0.92,
            "eps_growth_year": 5.75,
            "eps_4q": 3.26,
            "eps_4q_growth_year": 14.04,
            "roe": 3.67,
            "roe_4q": 13.2,
            "gross_profit": 712787,
            "gross_margin": 20.38,
            "gross_margin_4q_avg": 18.68,
            "net_income": 221650,
            "revenue": 3498136,
            "common_shares": 2414606,
            "book_valuer_per_share": 25.65,
            "book_valuer_per_share_4q_avg": 25.06,
            "equity": 6194230,
            "current_ratio": 209.6,
            "debt_ratio": 44.6,
            "inventory_turnover_ratio": 2.14,
            "account_receivable_turnover_ratio": 0.84,
            "reinvestment_rate": -135.42,
            "research_to_sale_ratio": 1.77,
            "price_fair": 88.11,
            "eps_avg_yearly": 2.52,
            "eps_latest_yearly": 3.68,
            "eps_growth_yearly": 464.35
        },
        "20154": {
            "year_quarter": 20154,
            "year": 2015,
            "quarter": 4,
            "eps": 0.75,
            "eps_growth_year": -16.99,
            "eps_4q": 3.11,
            "eps_4q_growth_year": 0.2,
            "roe": 2.91,
            "roe_4q": 12.36,
            "gross_profit": 683334,
            "gross_margin": 21.18,
            "gross_margin_4q_avg": 19.46,
            "net_income": 181385,
            "revenue": 3226903,
            "common_shares": 2416526,
            "book_valuer_per_share": 26.04,
            "book_valuer_per_share_4q_avg": 25.35,
            "equity": 6291499,
            "current_ratio": 225.09,
            "debt_ratio": 41.79,
            "inventory_turnover_ratio": 2.05,
            "account_receivable_turnover_ratio": 0.74,
            "reinvestment_rate": -126.15,
            "research_to_sale_ratio": 2.58,
            "price_fair": 94.41,
            "eps_avg_yearly": 2.7,
            "eps_latest_yearly": 3,
            "eps_growth_yearly": 481.32
        },
        "20161": {
            "year_quarter": 20161,
            "year": 2016,
            "quarter": 1,
            "eps": 0.94,
            "eps_growth_year": 32.39,
            "eps_4q": 3.33,
            "eps_4q_growth_year": 1.98,
            "roe": 3.56,
            "roe_4q": 13.07,
            "gross_profit": 700178,
            "gross_margin": 21.83,
            "gross_margin_4q_avg": 20.3,
            "net_income": 227224,
            "revenue": 3208132,
            "common_shares": 2416766,
            "book_valuer_per_share": 26.77,
            "book_valuer_per_share_4q_avg": 25.71,
            "equity": 6471208,
            "current_ratio": 184.3,
            "debt_ratio": 42.29,
            "inventory_turnover_ratio": 2.05,
            "account_receivable_turnover_ratio": 0.75,
            "reinvestment_rate": -121.1,
            "research_to_sale_ratio": 1.55,
            "price_fair": 86.31,
            "eps_avg_yearly": 2.79,
            "eps_latest_yearly": 3.76,
            "eps_growth_yearly": 20.99
        },
        "20162": {
            "year_quarter": 20162,
            "year": 2016,
            "quarter": 2,
            "eps": 0.95,
            "eps_growth_year": 30.14,
            "eps_4q": 3.56,
            "eps_4q_growth_year": 10.74,
            "roe": 3.62,
            "roe_4q": 13.76,
            "gross_profit": 664156,
            "gross_margin": 19.96,
            "gross_margin_4q_avg": 20.84,
            "net_income": 230124,
            "revenue": 3327548,
            "common_shares": 2416766,
            "book_valuer_per_share": 25.82,
            "book_valuer_per_share_4q_avg": 26.07,
            "equity": 6240520,
            "current_ratio": 171.9,
            "debt_ratio": 44.93,
            "inventory_turnover_ratio": 1.95,
            "account_receivable_turnover_ratio": 0.76,
            "reinvestment_rate": -122.1,
            "research_to_sale_ratio": 1.26,
            "price_fair": 101.41,
            "eps_avg_yearly": 2.9,
            "eps_latest_yearly": 3.8,
            "eps_growth_yearly": 25.07
        },
        "20163": {
            "year_quarter": 20163,
            "year": 2016,
            "quarter": 3,
            "eps": 0.76,
            "eps_growth_year": -17.39,
            "eps_4q": 3.4,
            "eps_4q_growth_year": 4.37,
            "roe": 2.94,
            "roe_4q": 13.030000000000001,
            "gross_profit": 621435,
            "gross_margin": 18.47,
            "gross_margin_4q_avg": 20.36,
            "net_income": 184707,
            "revenue": 3364509,
            "common_shares": 2417176,
            "book_valuer_per_share": 26.09,
            "book_valuer_per_share_4q_avg": 26.18,
            "equity": 6308041,
            "current_ratio": 169.3,
            "debt_ratio": 43.18,
            "inventory_turnover_ratio": 1.97,
            "account_receivable_turnover_ratio": 0.76,
            "reinvestment_rate": -119.17,
            "research_to_sale_ratio": 1.87,
            "price_fair": 82.87,
            "eps_avg_yearly": 2.95,
            "eps_latest_yearly": 3.04,
            "eps_growth_yearly": 18.07
        },
        "20164": {
            "year_quarter": 20164,
            "year": 2016,
            "quarter": 4,
            "eps": 1.11,
            "eps_growth_year": 47.3,
            "eps_4q": 3.76,
            "eps_4q_growth_year": 20.95,
            "roe": 4.16,
            "roe_4q": 14.28,
            "gross_profit": 703305,
            "gross_margin": 19.97,
            "gross_margin_4q_avg": 20.06,
            "net_income": 267356,
            "revenue": 3522358,
            "common_shares": 2418153,
            "book_valuer_per_share": 27.03,
            "book_valuer_per_share_4q_avg": 26.43,
            "equity": 6536212,
            "current_ratio": 162.17,
            "debt_ratio": 44.13,
            "inventory_turnover_ratio": 1.89,
            "account_receivable_turnover_ratio": 0.77,
            "reinvestment_rate": -107.16,
            "research_to_sale_ratio": 0.92,
            "price_fair": 109.73,
            "eps_avg_yearly": 3.14,
            "eps_latest_yearly": 4.44,
            "eps_growth_yearly": 36.99
        },
        "20171": {
            "year_quarter": 20171,
            "year": 2017,
            "quarter": 1,
            "eps": 1.3,
            "eps_growth_year": 38.3,
            "eps_4q": 4.13,
            "eps_4q_growth_year": 23.69,
            "roe": 4.78,
            "roe_4q": 15.5,
            "gross_profit": 903355,
            "gross_margin": 22.73,
            "gross_margin_4q_avg": 20.28,
            "net_income": 315310,
            "revenue": 3974787,
            "common_shares": 2418153,
            "book_valuer_per_share": 27.54,
            "book_valuer_per_share_4q_avg": 26.62,
            "equity": 6659634,
            "current_ratio": 168.01,
            "debt_ratio": 45.68,
            "inventory_turnover_ratio": 1.81,
            "account_receivable_turnover_ratio": 0.82,
            "reinvestment_rate": -24.18,
            "research_to_sale_ratio": 1.34,
            "price_fair": 116.11,
            "eps_avg_yearly": 3.32,
            "eps_latest_yearly": 5.2,
            "eps_growth_yearly": 28.77
        },
        "20172": {
            "year_quarter": 20172,
            "year": 2017,
            "quarter": 2,
            "eps": 1.06,
            "eps_growth_year": 11.58,
            "eps_4q": 4.16,
            "eps_4q_growth_year": 16.99,
            "roe": 3.88,
            "roe_4q": 15.76,
            "gross_profit": 769907,
            "gross_margin": 20.08,
            "gross_margin_4q_avg": 20.31,
            "net_income": 255497,
            "revenue": 3833615,
            "common_shares": 2418153,
            "book_valuer_per_share": 26.76,
            "book_valuer_per_share_4q_avg": 26.86,
            "equity": 6520197,
            "current_ratio": 163.39,
            "debt_ratio": 49.09,
            "inventory_turnover_ratio": 1.57,
            "account_receivable_turnover_ratio": 0.74,
            "reinvestment_rate": -23.81,
            "research_to_sale_ratio": 1.35,
            "price_fair": 104.81,
            "eps_avg_yearly": 3.42,
            "eps_latest_yearly": 4.24,
            "eps_growth_yearly": 20.64
        },
        "20173": {
            "year_quarter": 20173,
            "year": 2017,
            "quarter": 3,
            "eps": 1.06,
            "eps_growth_year": 39.47,
            "eps_4q": 4.47,
            "eps_4q_growth_year": 31.14,
            "roe": 3.86,
            "roe_4q": 16.68,
            "gross_profit": 802784,
            "gross_margin": 19.81,
            "gross_margin_4q_avg": 20.65,
            "net_income": 258374,
            "revenue": 4051479,
            "common_shares": 2436708,
            "book_valuer_per_share": 28.02,
            "book_valuer_per_share_4q_avg": 27.34,
            "equity": 6854476,
            "current_ratio": 174.55,
            "debt_ratio": 46.58,
            "inventory_turnover_ratio": 1.48,
            "account_receivable_turnover_ratio": 0.75,
            "reinvestment_rate": -21.22,
            "research_to_sale_ratio": 1.81,
            "price_fair": 103.66,
            "eps_avg_yearly": 3.52,
            "eps_latest_yearly": 4.24,
            "eps_growth_yearly": 19.49
        },
        "20174": {
            "year_quarter": 20174,
            "year": 2017,
            "quarter": 4,
            "eps": 0.7,
            "eps_growth_year": -36.32,
            "eps_4q": 4.09,
            "eps_4q_growth_year": 8.79,
            "roe": 2.48,
            "roe_4q": 15,
            "gross_profit": 861663,
            "gross_margin": 20.31,
            "gross_margin_4q_avg": 20.73,
            "net_income": 172334,
            "revenue": 4243330,
            "common_shares": 2447543,
            "book_valuer_per_share": 28.66,
            "book_valuer_per_share_4q_avg": 27.75,
            "equity": 7015853,
            "current_ratio": 197.57,
            "debt_ratio": 44.09,
            "inventory_turnover_ratio": 1.55,
            "account_receivable_turnover_ratio": 0.74,
            "reinvestment_rate": -22.92,
            "research_to_sale_ratio": 1.57,
            "price_fair": 76.62,
            "eps_avg_yearly": 3.53,
            "eps_latest_yearly": 2.8,
            "eps_growth_yearly": 11.74
        },
        "20181": {
            "year_quarter": 20181,
            "year": 2018,
            "quarter": 1,
            "eps": 1.63,
            "eps_growth_year": 25.38,
            "eps_4q": 4.42,
            "eps_4q_growth_year": 7.22,
            "roe": 5.5,
            "roe_4q": 15.719999999999999,
            "gross_profit": 915757,
            "gross_margin": 20.64,
            "gross_margin_4q_avg": 20.21,
            "net_income": 399926,
            "revenue": 4436765,
            "common_shares": 2448958,
            "book_valuer_per_share": 30.65,
            "book_valuer_per_share_4q_avg": 28.52,
            "equity": 7515974,
            "current_ratio": 215.4,
            "debt_ratio": 44.56,
            "inventory_turnover_ratio": 1.69,
            "account_receivable_turnover_ratio": 0.73,
            "reinvestment_rate": -21.77,
            "research_to_sale_ratio": 1.42,
            "price_fair": 132.83,
            "eps_avg_yearly": 3.8,
            "eps_latest_yearly": 6.52,
            "eps_growth_yearly": 49.12
        },
        "20182": {
            "year_quarter": 20182,
            "year": 2018,
            "quarter": 2,
            "eps": 1.84,
            "eps_growth_year": 73.58,
            "eps_4q": 5.21,
            "eps_4q_growth_year": 25.2,
            "roe": 6.11,
            "roe_4q": 17.95,
            "gross_profit": 1029606,
            "gross_margin": 22.5,
            "gross_margin_4q_avg": 20.82,
            "net_income": 452443,
            "revenue": 4576750,
            "common_shares": 2461053,
            "book_valuer_per_share": 29.61,
            "book_valuer_per_share_4q_avg": 29.24,
            "equity": 7287930,
            "current_ratio": 208,
            "debt_ratio": 52.93,
            "inventory_turnover_ratio": 1.84,
            "account_receivable_turnover_ratio": 0.72,
            "reinvestment_rate": -19.85,
            "research_to_sale_ratio": 1.56,
            "price_fair": 142.01,
            "eps_avg_yearly": 4.06,
            "eps_latest_yearly": 7.36,
            "eps_growth_yearly": 41.43
        },
        "20183": {
            "year_quarter": 20183,
            "year": 2018,
            "quarter": 3,
            "eps": 2.19,
            "eps_growth_year": 106.6,
            "eps_4q": 6.32,
            "eps_4q_growth_year": 41.51,
            "roe": 7.21,
            "roe_4q": 21.3,
            "gross_profit": 1139253,
            "gross_margin": 24.33,
            "gross_margin_4q_avg": 21.95,
            "net_income": 540700,
            "revenue": 4682317,
            "common_shares": 2461167,
            "book_valuer_per_share": 31.19,
            "book_valuer_per_share_4q_avg": 30.03,
            "equity": 7701930,
            "current_ratio": 227.7,
            "debt_ratio": 49.67,
            "inventory_turnover_ratio": 1.82,
            "account_receivable_turnover_ratio": 0.72,
            "reinvestment_rate": -19.63,
            "research_to_sale_ratio": 0.98,
            "price_fair": 153.56,
            "eps_avg_yearly": 4.39,
            "eps_latest_yearly": 8.76,
            "eps_growth_yearly": 43.65
        },
        "20184": {
            "year_quarter": 20184,
            "year": 2018,
            "quarter": 4,
            "eps": 1.8,
            "eps_growth_year": 155.24,
            "eps_4q": 7.44,
            "eps_4q_growth_year": 81.9,
            "roe": 5.58,
            "roe_4q": 24.4,
            "gross_profit": 937381,
            "gross_margin": 22.91,
            "gross_margin_4q_avg": 22.6,
            "net_income": 443411,
            "revenue": 4091394,
            "common_shares": 2467107,
            "book_valuer_per_share": 33.23,
            "book_valuer_per_share_4q_avg": 31.17,
            "equity": 8198900,
            "current_ratio": 238.21,
            "debt_ratio": 47.49,
            "inventory_turnover_ratio": 1.52,
            "account_receivable_turnover_ratio": 0.64,
            "reinvestment_rate": -19.39,
            "research_to_sale_ratio": 1.53,
            "price_fair": 161.44,
            "eps_avg_yearly": 4.61,
            "eps_latest_yearly": 7.2,
            "eps_growth_yearly": 38.34
        },
        "20191": {
            "year_quarter": 20191,
            "year": 2019,
            "quarter": 1,
            "eps": 1.54,
            "eps_growth_year": -5.52,
            "eps_4q": 7.35,
            "eps_4q_growth_year": 66.25,
            "roe": 4.5,
            "roe_4q": 23.4,
            "gross_profit": 949011,
            "gross_margin": 24.44,
            "gross_margin_4q_avg": 23.55,
            "net_income": 380274,
            "revenue": 3882313,
            "common_shares": 2469335,
            "book_valuer_per_share": 35.27,
            "book_valuer_per_share_4q_avg": 32.33,
            "equity": 8711561,
            "current_ratio": 223.79,
            "debt_ratio": 45.63,
            "inventory_turnover_ratio": 1.45,
            "account_receivable_turnover_ratio": 0.66,
            "reinvestment_rate": -9.94,
            "research_to_sale_ratio": 2.01,
            "price_fair": 168.7,
            "eps_avg_yearly": 4.82,
            "eps_latest_yearly": 6.16,
            "eps_growth_yearly": 40
        },
        "20192": {
            "year_quarter": 20192,
            "year": 2019,
            "quarter": 2,
            "eps": 1.96,
            "eps_growth_year": 6.52,
            "eps_4q": 7.36,
            "eps_4q_growth_year": 41.08,
            "roe": 5.74,
            "roe_4q": 23.03,
            "gross_profit": 1015522,
            "gross_margin": 23.35,
            "gross_margin_4q_avg": 23.76,
            "net_income": 486635,
            "revenue": 4349186,
            "common_shares": 2472860,
            "book_valuer_per_share": 32.9,
            "book_valuer_per_share_4q_avg": 33.15,
            "equity": 8242199,
            "current_ratio": 188.76,
            "debt_ratio": 50.95,
            "inventory_turnover_ratio": 1.62,
            "account_receivable_turnover_ratio": 0.75,
            "reinvestment_rate": -3.68,
            "research_to_sale_ratio": 1.33,
            "price_fair": 179.46,
            "eps_avg_yearly": 5.13,
            "eps_latest_yearly": 7.84,
            "eps_growth_yearly": 46.12
        },
        "20193": {
            "year_quarter": 20193,
            "year": 2019,
            "quarter": 3,
            "eps": 2.01,
            "eps_growth_year": -8.22,
            "eps_4q": 6.96,
            "eps_4q_growth_year": 10.19,
            "roe": 5.73,
            "roe_4q": 21.55,
            "gross_profit": 1097384,
            "gross_margin": 23.87,
            "gross_margin_4q_avg": 23.64,
            "net_income": 510717,
            "revenue": 4596463,
            "common_shares": 2505277,
            "book_valuer_per_share": 36.6,
            "book_valuer_per_share_4q_avg": 34.5,
            "equity": 9573666,
            "current_ratio": 197.4,
            "debt_ratio": 43.88,
            "inventory_turnover_ratio": 1.55,
            "account_receivable_turnover_ratio": 0.75,
            "reinvestment_rate": -2.51,
            "research_to_sale_ratio": 1.36,
            "price_fair": 189,
            "eps_avg_yearly": 5.4,
            "eps_latest_yearly": 8.04,
            "eps_growth_yearly": 40.25
        },
        "20194": {
            "year_quarter": 20194,
            "year": 2019,
            "quarter": 4,
            "eps": 1.42,
            "eps_growth_year": -21.25,
            "eps_4q": 6.62,
            "eps_4q_growth_year": -11.1,
            "roe": 3.81,
            "roe_4q": 19.78,
            "gross_profit": 1075708,
            "gross_margin": 22.89,
            "gross_margin_4q_avg": 23.64,
            "net_income": 374816,
            "revenue": 4699109,
            "common_shares": 2647587,
            "book_valuer_per_share": 38.14,
            "book_valuer_per_share_4q_avg": 35.73,
            "equity": 10099800,
            "current_ratio": 211.08,
            "debt_ratio": 43.93,
            "inventory_turnover_ratio": 1.47,
            "account_receivable_turnover_ratio": 0.74,
            "reinvestment_rate": 0.58,
            "research_to_sale_ratio": 1.56,
            "price_fair": 194.86,
            "eps_avg_yearly": 5.57,
            "eps_latest_yearly": 5.68,
            "eps_growth_yearly": 37.53
        },
        "20201": {
            "year_quarter": 20201,
            "year": 2020,
            "quarter": 1,
            "eps": 1.6,
            "eps_growth_year": 3.9,
            "eps_4q": 6.78,
            "eps_4q_growth_year": -7.83,
            "roe": 4.13,
            "roe_4q": 19.41,
            "gross_profit": 1020742,
            "gross_margin": 22.82,
            "gross_margin_4q_avg": 23.23,
            "net_income": 425408,
            "revenue": 4473950,
            "common_shares": 2652194,
            "book_valuer_per_share": 39.62,
            "book_valuer_per_share_4q_avg": 36.82,
            "equity": 10506719,
            "current_ratio": 226.7,
            "debt_ratio": 40.29,
            "inventory_turnover_ratio": 1.33,
            "account_receivable_turnover_ratio": 0.7,
            "reinvestment_rate": 1.18,
            "research_to_sale_ratio": 1.69,
            "price_fair": 200.64,
            "eps_avg_yearly": 5.73,
            "eps_latest_yearly": 6.4,
            "eps_growth_yearly": 34.37
        },
        "20202": {
            "year_quarter": 20202,
            "year": 2020,
            "quarter": 2,
            "eps": 2.54,
            "eps_growth_year": 29.59,
            "eps_4q": 7.29,
            "eps_4q_growth_year": -0.84,
            "roe": 6.57,
            "roe_4q": 20.240000000000002,
            "gross_profit": 1335476,
            "gross_margin": 25.41,
            "gross_margin_4q_avg": 23.75,
            "net_income": 675002,
            "revenue": 5255825,
            "common_shares": 2652194,
            "book_valuer_per_share": 37.66,
            "book_valuer_per_share_4q_avg": 38.01,
            "equity": 10026734,
            "current_ratio": 264.89,
            "debt_ratio": 47.61,
            "inventory_turnover_ratio": 1.49,
            "account_receivable_turnover_ratio": 0.78,
            "reinvestment_rate": 13.48,
            "research_to_sale_ratio": 1.16,
            "price_fair": 214.55,
            "eps_avg_yearly": 6.13,
            "eps_latest_yearly": 10.16,
            "eps_growth_yearly": 48.79
        },
        "20203": {
            "year_quarter": 20203,
            "year": 2020,
            "quarter": 3,
            "eps": 1.41,
            "eps_growth_year": -29.85,
            "eps_4q": 6.83,
            "eps_4q_growth_year": -1.91,
            "roe": 3.65,
            "roe_4q": 18.16,
            "gross_profit": 1001065,
            "gross_margin": 23.25,
            "gross_margin_4q_avg": 23.59,
            "net_income": 376421,
            "revenue": 4305679,
            "common_shares": 2662737,
            "book_valuer_per_share": 39.6,
            "book_valuer_per_share_4q_avg": 38.76,
            "equity": 10573119,
            "current_ratio": 277.71,
            "debt_ratio": 45.89,
            "inventory_turnover_ratio": 1.25,
            "account_receivable_turnover_ratio": 0.66,
            "reinvestment_rate": 17.75,
            "research_to_sale_ratio": 1.38,
            "price_fair": 220.24,
            "eps_avg_yearly": 6.29,
            "eps_latest_yearly": 5.64,
            "eps_growth_yearly": 42.67
        },
        "20204": {
            "year_quarter": 20204,
            "year": 2020,
            "quarter": 4,
            "eps": 1.12,
            "eps_growth_year": -21.06,
            "eps_4q": 6.64,
            "eps_4q_growth_year": 0.35,
            "roe": 2.77,
            "roe_4q": 17.12,
            "gross_profit": 867363,
            "gross_margin": 21.62,
            "gross_margin_4q_avg": 23.28,
            "net_income": 298730,
            "revenue": 4011398,
            "common_shares": 2671444,
            "book_valuer_per_share": 41.27,
            "book_valuer_per_share_4q_avg": 39.54,
            "equity": 11027211,
            "current_ratio": 312,
            "debt_ratio": 43.1,
            "inventory_turnover_ratio": 1.26,
            "account_receivable_turnover_ratio": 0.69,
            "reinvestment_rate": 19.17,
            "research_to_sale_ratio": 1.81,
            "price_fair": 220.33,
            "eps_avg_yearly": 6.3,
            "eps_latest_yearly": 4.48,
            "eps_growth_yearly": 26.01
        },
        "20211": {
            "year_quarter": 20211,
            "year": 2021,
            "quarter": 1,
            "eps": 1.29,
            "eps_growth_year": -19.38,
            "eps_4q": 6.26,
            "eps_4q_growth_year": -7.65,
            "roe": 3.26,
            "roe_4q": 16.25,
            "gross_profit": 974754,
            "gross_margin": 20.77,
            "gross_margin_4q_avg": 22.76,
            "net_income": 344145,
            "revenue": 4692048,
            "common_shares": 2676432,
            "book_valuer_per_share": 37.75,
            "book_valuer_per_share_4q_avg": 39.07,
            "equity": 10118197,
            "current_ratio": 226.53,
            "debt_ratio": 51.8,
            "inventory_turnover_ratio": 1.53,
            "account_receivable_turnover_ratio": 0.78,
            "reinvestment_rate": 24.87,
            "research_to_sale_ratio": 1.35,
            "price_fair": 220.24,
            "eps_avg_yearly": 6.29,
            "eps_latest_yearly": 5.16,
            "eps_growth_yearly": 25.53
        },
        "20212": {
            "year_quarter": 20212,
            "year": 2021,
            "quarter": 2,
            "eps": 2.21,
            "eps_growth_year": -12.99,
            "eps_4q": 5.95,
            "eps_4q_growth_year": -18.49,
            "roe": 5.7,
            "roe_4q": 15.38,
            "gross_profit": 1225987,
            "gross_margin": 22.52,
            "gross_margin_4q_avg": 22.04,
            "net_income": 592490,
            "revenue": 5445160,
            "common_shares": 2676432,
            "book_valuer_per_share": 39.81,
            "book_valuer_per_share_4q_avg": 39.61,
            "equity": 10672602,
            "current_ratio": 256.14,
            "debt_ratio": 48.16,
            "inventory_turnover_ratio": 1.61,
            "account_receivable_turnover_ratio": 0.8,
            "reinvestment_rate": 23.04,
            "research_to_sale_ratio": 1.23,
            "price_fair": 230.3,
            "eps_avg_yearly": 6.58,
            "eps_latest_yearly": 8.84,
            "eps_growth_yearly": 47.97
        },
        "20213": {
            "year_quarter": 20213,
            "year": 2021,
            "quarter": 3,
            "eps": 2.08,
            "eps_growth_year": 47.52,
            "eps_4q": 6.55,
            "eps_4q_growth_year": -4.07,
            "roe": 5.09,
            "roe_4q": 16.82,
            "gross_profit": 1212481,
            "gross_margin": 21.39,
            "gross_margin_4q_avg": 21.58,
            "net_income": 558525,
            "revenue": 5669691,
            "common_shares": 2681024,
            "book_valuer_per_share": 41.91,
            "book_valuer_per_share_4q_avg": 40.19,
            "equity": 11268100,
            "current_ratio": 256.94,
            "debt_ratio": 47.84,
            "inventory_turnover_ratio": 1.6,
            "account_receivable_turnover_ratio": 0.76,
            "reinvestment_rate": 21.68,
            "research_to_sale_ratio": 0.92,
            "price_fair": 239.23,
            "eps_avg_yearly": 6.84,
            "eps_latest_yearly": 8.32,
            "eps_growth_yearly": 46.5
        },
        "20214": {
            "year_quarter": 20214,
            "year": 2021,
            "quarter": 4,
            "eps": 1.44,
            "eps_growth_year": 28.48,
            "eps_4q": 6.99,
            "eps_4q_growth_year": 5.32,
            "roe": 3.36,
            "roe_4q": 17.409999999999997,
            "gross_profit": 1017139,
            "gross_margin": 19.1,
            "gross_margin_4q_avg": 20.95,
            "net_income": 386082,
            "revenue": 5325141,
            "common_shares": 2689387,
            "book_valuer_per_share": 43.64,
            "book_valuer_per_share_4q_avg": 40.78,
            "equity": 11736709,
            "current_ratio": 267.1,
            "debt_ratio": 46.53,
            "inventory_turnover_ratio": 1.49,
            "account_receivable_turnover_ratio": 0.7,
            "reinvestment_rate": 22.61,
            "research_to_sale_ratio": 1.54,
            "price_fair": 245.7,
            "eps_avg_yearly": 7.02,
            "eps_latest_yearly": 5.76,
            "eps_growth_yearly": 47.3
        },
        "20221": {
            "year_quarter": 20221,
            "year": 2022,
            "quarter": 1,
            "eps": 1.53,
            "eps_growth_year": 18.6,
            "eps_4q": 7.23,
            "eps_4q_growth_year": 15.45,
            "roe": 3.61,
            "roe_4q": 17.759999999999998,
            "gross_profit": 1034735,
            "gross_margin": 20.6,
            "gross_margin_4q_avg": 20.9,
            "net_income": 412292,
            "revenue": 5023823,
            "common_shares": 2690070,
            "book_valuer_per_share": 41.34,
            "book_valuer_per_share_4q_avg": 41.68,
            "equity": 11125176,
            "current_ratio": 233.7,
            "debt_ratio": 50.62,
            "inventory_turnover_ratio": 1.32,
            "account_receivable_turnover_ratio": 0.66,
            "reinvestment_rate": 23.71,
            "research_to_sale_ratio": 1.58,
            "price_fair": 179.4,
            "eps_avg_yearly": 7,
            "eps_latest_yearly": 6.12,
            "eps_growth_yearly": 15.65
        },
        "20222": {
            "year_quarter": 20222,
            "year": 2022,
            "quarter": 2,
            "eps": 1.08,
            "eps_growth_year": -51.13,
            "eps_4q": 6.1,
            "eps_4q_growth_year": 2.63,
            "roe": 2.58,
            "roe_4q": 14.639999999999999,
            "gross_profit": 809563,
            "gross_margin": 16.9,
            "gross_margin_4q_avg": 19.5,
            "net_income": 289462,
            "revenue": 4789796,
            "common_shares": 2690070,
            "book_valuer_per_share": 41.93,
            "book_valuer_per_share_4q_avg": 42.21,
            "equity": 11285476,
            "current_ratio": 206.31,
            "debt_ratio": 45.14,
            "inventory_turnover_ratio": 1.3,
            "account_receivable_turnover_ratio": 0.66,
            "reinvestment_rate": 24.35,
            "research_to_sale_ratio": 1.34,
            "price_fair": 102.57,
            "eps_avg_yearly": 6.81,
            "eps_latest_yearly": 4.32,
            "eps_growth_yearly": 5.07
        },
        "20223": {
            "year_quarter": 20223,
            "year": 2022,
            "quarter": 3,
            "eps": 1,
            "eps_growth_year": -51.92,
            "eps_4q": 5.04,
            "eps_4q_growth_year": -23,
            "roe": 2.35,
            "roe_4q": 11.899999999999999,
            "gross_profit": 717090,
            "gross_margin": 15.88,
            "gross_margin_4q_avg": 18.12,
            "net_income": 270005,
            "revenue": 4515278,
            "common_shares": 2691518,
            "book_valuer_per_share": 43.3,
            "book_valuer_per_share_4q_avg": 42.55,
            "equity": 11653191,
            "current_ratio": 227.38,
            "debt_ratio": 41.12,
            "inventory_turnover_ratio": 1.49,
            "account_receivable_turnover_ratio": 0.67,
            "reinvestment_rate": 26.76,
            "research_to_sale_ratio": 1.84,
            "price_fair": 19.52,
            "eps_avg_yearly": 6.51,
            "eps_latest_yearly": 4,
            "eps_growth_yearly": -1.53
        },
        "20224": {
            "year_quarter": 20224,
            "year": 2022,
            "quarter": 4,
            "eps": 1.08,
            "eps_growth_year": -25.01,
            "eps_4q": 4.69,
            "eps_4q_growth_year": -32.98,
            "roe": 2.46,
            "roe_4q": 11,
            "gross_profit": 843793,
            "gross_margin": 20.37,
            "gross_margin_4q_avg": 18.44,
            "net_income": 289665,
            "revenue": 4143231,
            "common_shares": 2691518,
            "book_valuer_per_share": 44.06,
            "book_valuer_per_share_4q_avg": 42.66,
            "equity": 11858280,
            "current_ratio": 230.17,
            "debt_ratio": 40,
            "inventory_turnover_ratio": 1.59,
            "account_receivable_turnover_ratio": 0.65,
            "reinvestment_rate": 27.31,
            "research_to_sale_ratio": 2.03,
            "price_fair": 94.39,
            "eps_avg_yearly": 6.33,
            "eps_latest_yearly": 4.32,
            "eps_growth_yearly": 4.92
        },
        "20231": {
            "year_quarter": 20231,
            "year": 2023,
            "quarter": 1,
            "eps": -0.77,
            "eps_growth_year": -150.33,
            "eps_4q": 2.39,
            "eps_4q_growth_year": -66.95,
            "roe": -1.84,
            "roe_4q": 5.55,
            "gross_profit": 675145,
            "gross_margin": 18.48,
            "gross_margin_4q_avg": 17.91,
            "net_income": -206348,
            "revenue": 3652755,
            "common_shares": 2691518,
            "book_valuer_per_share": 39.42,
            "book_valuer_per_share_4q_avg": 42.18,
            "equity": 10610124,
            "current_ratio": 207.01,
            "debt_ratio": 45.1,
            "inventory_turnover_ratio": 1.58,
            "account_receivable_turnover_ratio": 0.62,
            "reinvestment_rate": 24.35,
            "research_to_sale_ratio": 2.55,
            "price_fair": 121.05,
            "eps_avg_yearly": 6.34,
            "eps_latest_yearly": 4.32,
            "eps_growth_yearly": 9.1
        }
    },
    "months": {
        "2003-10": {
            "month": "2003-10",
            "price": "18.51",
            "revenue": 454203
        },
        "2003-11": {
            "month": "2003-11",
            "price": "21.11",
            "revenue": 418762
        },
        "2003-12": {
            "month": "2003-12",
            "price": "20.60",
            "revenue": 403965
        },
        "2004-01": {
            "month": "2004-01",
            "price": "25.53",
            "revenue": 332749
        },
        "2004-02": {
            "month": "2004-02",
            "price": "25.58",
            "revenue": 376168
        },
        "2004-03": {
            "month": "2004-03",
            "price": "24.76",
            "revenue": 391572
        },
        "2004-04": {
            "month": "2004-04",
            "price": "28.49",
            "revenue": 394643
        },
        "2004-05": {
            "month": "2004-05",
            "price": "25.48",
            "revenue": 449567
        },
        "2004-06": {
            "month": "2004-06",
            "price": "25.81",
            "revenue": 419818
        },
        "2004-07": {
            "month": "2004-07",
            "price": "19.91",
            "revenue": 461458
        },
        "2004-08": {
            "month": "2004-08",
            "price": "19.65",
            "revenue": 467747
        },
        "2004-09": {
            "month": "2004-09",
            "price": "24.20",
            "revenue": 481178
        },
        "2004-10": {
            "month": "2004-10",
            "price": "21.68",
            "revenue": 502316
        },
        "2004-11": {
            "month": "2004-11",
            "price": "20.26",
            "revenue": 419130
        },
        "2004-12": {
            "month": "2004-12",
            "price": "19.13",
            "revenue": 379229
        },
        "2005-01": {
            "month": "2005-01",
            "price": "16.54",
            "revenue": 429115
        },
        "2005-02": {
            "month": "2005-02",
            "price": "18.16",
            "revenue": 354729
        },
        "2005-03": {
            "month": "2005-03",
            "price": "18.00",
            "revenue": 445612
        },
        "2005-04": {
            "month": "2005-04",
            "price": "16.76",
            "revenue": 392214
        },
        "2005-05": {
            "month": "2005-05",
            "price": "13.77",
            "revenue": 418123
        },
        "2005-06": {
            "month": "2005-06",
            "price": "14.61",
            "revenue": 465695
        },
        "2005-07": {
            "month": "2005-07",
            "price": "15.26",
            "revenue": 444753
        },
        "2005-08": {
            "month": "2005-08",
            "price": "12.95",
            "revenue": 531019
        },
        "2005-09": {
            "month": "2005-09",
            "price": "12.82",
            "revenue": 563451
        },
        "2005-10": {
            "month": "2005-10",
            "price": "12.63",
            "revenue": 547344
        },
        "2005-11": {
            "month": "2005-11",
            "price": "12.74",
            "revenue": 610112
        },
        "2005-12": {
            "month": "2005-12",
            "price": "16.73",
            "revenue": 542234
        },
        "2006-01": {
            "month": "2006-01",
            "price": "18.80",
            "revenue": 561653
        },
        "2006-02": {
            "month": "2006-02",
            "price": "16.49",
            "revenue": 500051
        },
        "2006-03": {
            "month": "2006-03",
            "price": "15.72",
            "revenue": 545185
        },
        "2006-04": {
            "month": "2006-04",
            "price": "18.77",
            "revenue": 507259
        },
        "2006-05": {
            "month": "2006-05",
            "price": "25.37",
            "revenue": 517005
        },
        "2006-06": {
            "month": "2006-06",
            "price": "20.87",
            "revenue": 495431
        },
        "2006-07": {
            "month": "2006-07",
            "price": "19.58",
            "revenue": 615742
        },
        "2006-08": {
            "month": "2006-08",
            "price": "20.13",
            "revenue": 706882
        },
        "2006-09": {
            "month": "2006-09",
            "price": "20.91",
            "revenue": 765246
        },
        "2006-10": {
            "month": "2006-10",
            "price": "21.54",
            "revenue": 686762
        },
        "2006-11": {
            "month": "2006-11",
            "price": "21.37",
            "revenue": 628820
        },
        "2006-12": {
            "month": "2006-12",
            "price": "21.36",
            "revenue": 566323
        },
        "2007-01": {
            "month": "2007-01",
            "price": "20.60",
            "revenue": 656940
        },
        "2007-02": {
            "month": "2007-02",
            "price": "19.47",
            "revenue": 521490
        },
        "2007-03": {
            "month": "2007-03",
            "price": "20.26",
            "revenue": 651095
        },
        "2007-04": {
            "month": "2007-04",
            "price": "21.66",
            "revenue": 552384
        },
        "2007-05": {
            "month": "2007-05",
            "price": "18.58",
            "revenue": 679714
        },
        "2007-06": {
            "month": "2007-06",
            "price": "19.58",
            "revenue": 699967
        },
        "2007-07": {
            "month": "2007-07",
            "price": "20.50",
            "revenue": 868362
        },
        "2007-08": {
            "month": "2007-08",
            "price": "19.50",
            "revenue": 945398
        },
        "2007-09": {
            "month": "2007-09",
            "price": "18.70",
            "revenue": 914015
        },
        "2007-10": {
            "month": "2007-10",
            "price": "18.27",
            "revenue": 931513
        },
        "2007-11": {
            "month": "2007-11",
            "price": "17.32",
            "revenue": 834454
        },
        "2007-12": {
            "month": "2007-12",
            "price": "15.23",
            "revenue": 661248
        },
        "2008-01": {
            "month": "2008-01",
            "price": "13.60",
            "revenue": 757625
        },
        "2008-02": {
            "month": "2008-02",
            "price": "13.78",
            "revenue": 595246
        },
        "2008-03": {
            "month": "2008-03",
            "price": "14.07",
            "revenue": 783299
        },
        "2008-04": {
            "month": "2008-04",
            "price": "14.69",
            "revenue": 779463
        },
        "2008-05": {
            "month": "2008-05",
            "price": "16.92",
            "revenue": 726214
        },
        "2008-06": {
            "month": "2008-06",
            "price": "15.32",
            "revenue": 649387
        },
        "2008-07": {
            "month": "2008-07",
            "price": "13.37",
            "revenue": 759103
        },
        "2008-08": {
            "month": "2008-08",
            "price": "13.24",
            "revenue": 754586
        },
        "2008-09": {
            "month": "2008-09",
            "price": "11.30",
            "revenue": 674999
        },
        "2008-10": {
            "month": "2008-10",
            "price": "8.12",
            "revenue": 587524
        },
        "2008-11": {
            "month": "2008-11",
            "price": "6.08",
            "revenue": 356477
        },
        "2008-12": {
            "month": "2008-12",
            "price": "5.10",
            "revenue": 260694
        },
        "2009-01": {
            "month": "2009-01",
            "price": "5.06",
            "revenue": 249633
        },
        "2009-02": {
            "month": "2009-02",
            "price": "5.35",
            "revenue": 409805
        },
        "2009-03": {
            "month": "2009-03",
            "price": "6.78",
            "revenue": 482260
        },
        "2009-04": {
            "month": "2009-04",
            "price": "7.93",
            "revenue": 443365
        },
        "2009-05": {
            "month": "2009-05",
            "price": "8.17",
            "revenue": 376590
        },
        "2009-06": {
            "month": "2009-06",
            "price": "7.99",
            "revenue": 442263
        },
        "2009-07": {
            "month": "2009-07",
            "price": "11.24",
            "revenue": 556713
        },
        "2009-08": {
            "month": "2009-08",
            "price": "13.29",
            "revenue": 617416
        },
        "2009-09": {
            "month": "2009-09",
            "price": "14.15",
            "revenue": 675764
        },
        "2009-10": {
            "month": "2009-10",
            "price": "13.26",
            "revenue": 642963
        },
        "2009-11": {
            "month": "2009-11",
            "price": "12.34",
            "revenue": 587380
        },
        "2009-12": {
            "month": "2009-12",
            "price": "13.15",
            "revenue": 640631
        },
        "2010-01": {
            "month": "2010-01",
            "price": "14.76",
            "revenue": 695898
        },
        "2010-02": {
            "month": "2010-02",
            "price": "14.34",
            "revenue": 600017
        },
        "2010-03": {
            "month": "2010-03",
            "price": "16.26",
            "revenue": 846751
        },
        "2010-04": {
            "month": "2010-04",
            "price": "16.72",
            "revenue": 976680
        },
        "2010-05": {
            "month": "2010-05",
            "price": "16.62",
            "revenue": 910286
        },
        "2010-06": {
            "month": "2010-06",
            "price": "15.55",
            "revenue": 902258
        },
        "2010-07": {
            "month": "2010-07",
            "price": "16.82",
            "revenue": 970760
        },
        "2010-08": {
            "month": "2010-08",
            "price": "16.93",
            "revenue": 866926
        },
        "2010-09": {
            "month": "2010-09",
            "price": "16.35",
            "revenue": 805623
        },
        "2010-10": {
            "month": "2010-10",
            "price": "15.98",
            "revenue": 751411
        },
        "2010-11": {
            "month": "2010-11",
            "price": "15.11",
            "revenue": 779729
        },
        "2010-12": {
            "month": "2010-12",
            "price": "15.99",
            "revenue": 870009
        },
        "2011-01": {
            "month": "2011-01",
            "price": "16.40",
            "revenue": 946341
        },
        "2011-02": {
            "month": "2011-02",
            "price": "16.55",
            "revenue": 841407
        },
        "2011-03": {
            "month": "2011-03",
            "price": "15.68",
            "revenue": 1055515
        },
        "2011-04": {
            "month": "2011-04",
            "price": "15.83",
            "revenue": 987386
        },
        "2011-05": {
            "month": "2011-05",
            "price": "15.34",
            "revenue": 913486
        },
        "2011-06": {
            "month": "2011-06",
            "price": "15.18",
            "revenue": 850953
        },
        "2011-07": {
            "month": "2011-07",
            "price": "14.46",
            "revenue": 997924
        },
        "2011-08": {
            "month": "2011-08",
            "price": "12.43",
            "revenue": 952156
        },
        "2011-09": {
            "month": "2011-09",
            "price": "11.65",
            "revenue": 888626
        },
        "2011-10": {
            "month": "2011-10",
            "price": "11.12",
            "revenue": 857595
        },
        "2011-11": {
            "month": "2011-11",
            "price": "10.42",
            "revenue": 828008
        },
        "2011-12": {
            "month": "2011-12",
            "price": "8.90",
            "revenue": 876798
        },
        "2012-01": {
            "month": "2012-01",
            "price": "9.34",
            "revenue": 884640
        },
        "2012-02": {
            "month": "2012-02",
            "price": "11.39",
            "revenue": 1001083
        },
        "2012-03": {
            "month": "2012-03",
            "price": "12.46",
            "revenue": 1074953
        },
        "2012-04": {
            "month": "2012-04",
            "price": "14.49",
            "revenue": 1014985
        },
        "2012-05": {
            "month": "2012-05",
            "price": "16.06",
            "revenue": 1017519
        },
        "2012-06": {
            "month": "2012-06",
            "price": "15.10",
            "revenue": 876472
        },
        "2012-07": {
            "month": "2012-07",
            "price": "14.49",
            "revenue": 998811
        },
        "2012-08": {
            "month": "2012-08",
            "price": "14.89",
            "revenue": 1061694
        },
        "2012-09": {
            "month": "2012-09",
            "price": "15.65",
            "revenue": 1082784
        },
        "2012-10": {
            "month": "2012-10",
            "price": "14.46",
            "revenue": 975332
        },
        "2012-11": {
            "month": "2012-11",
            "price": "14.22",
            "revenue": 916868
        },
        "2012-12": {
            "month": "2012-12",
            "price": "14.78",
            "revenue": 906677
        },
        "2013-01": {
            "month": "2013-01",
            "price": "15.59",
            "revenue": 1048274
        },
        "2013-02": {
            "month": "2013-02",
            "price": "16.46",
            "revenue": 832778
        },
        "2013-03": {
            "month": "2013-03",
            "price": "17.44",
            "revenue": 1104024
        },
        "2013-04": {
            "month": "2013-04",
            "price": "18.34",
            "revenue": 1167380
        },
        "2013-05": {
            "month": "2013-05",
            "price": "19.42",
            "revenue": 999975
        },
        "2013-06": {
            "month": "2013-06",
            "price": "19.90",
            "revenue": 858164
        },
        "2013-07": {
            "month": "2013-07",
            "price": "21.20",
            "revenue": 986458
        },
        "2013-08": {
            "month": "2013-08",
            "price": "22.32",
            "revenue": 1015886
        },
        "2013-09": {
            "month": "2013-09",
            "price": "23.00",
            "revenue": 985834
        },
        "2013-10": {
            "month": "2013-10",
            "price": "21.37",
            "revenue": 973109
        },
        "2013-11": {
            "month": "2013-11",
            "price": "22.29",
            "revenue": 971938
        },
        "2013-12": {
            "month": "2013-12",
            "price": "21.98",
            "revenue": 1036293
        },
        "2014-01": {
            "month": "2014-01",
            "price": "27.11",
            "revenue": 1127227
        },
        "2014-02": {
            "month": "2014-02",
            "price": "27.74",
            "revenue": 882362
        },
        "2014-03": {
            "month": "2014-03",
            "price": "26.87",
            "revenue": 1037649
        },
        "2014-04": {
            "month": "2014-04",
            "price": "29.77",
            "revenue": 1122932
        },
        "2014-05": {
            "month": "2014-05",
            "price": "27.96",
            "revenue": 1132155
        },
        "2014-06": {
            "month": "2014-06",
            "price": "27.31",
            "revenue": 1093287
        },
        "2014-07": {
            "month": "2014-07",
            "price": "27.10",
            "revenue": 1215641
        },
        "2014-08": {
            "month": "2014-08",
            "price": "28.81",
            "revenue": 1168909
        },
        "2014-09": {
            "month": "2014-09",
            "price": "28.37",
            "revenue": 1159237
        },
        "2014-10": {
            "month": "2014-10",
            "price": "25.61",
            "revenue": 1204861
        },
        "2014-11": {
            "month": "2014-11",
            "price": "25.74",
            "revenue": 1128626
        },
        "2014-12": {
            "month": "2014-12",
            "price": "26.60",
            "revenue": 1135136
        },
        "2015-01": {
            "month": "2015-01",
            "price": "28.14",
            "revenue": 1210765
        },
        "2015-02": {
            "month": "2015-02",
            "price": "29.11",
            "revenue": 929907
        },
        "2015-03": {
            "month": "2015-03",
            "price": "29.97",
            "revenue": 1052153
        },
        "2015-04": {
            "month": "2015-04",
            "price": "28.86",
            "revenue": 985165
        },
        "2015-05": {
            "month": "2015-05",
            "price": "25.90",
            "revenue": 1011793
        },
        "2015-06": {
            "month": "2015-06",
            "price": "23.78",
            "revenue": 990189
        },
        "2015-07": {
            "month": "2015-07",
            "price": "24.15",
            "revenue": 1115975
        },
        "2015-08": {
            "month": "2015-08",
            "price": "22.64",
            "revenue": 1204991
        },
        "2015-09": {
            "month": "2015-09",
            "price": "23.24",
            "revenue": 1175102
        },
        "2015-10": {
            "month": "2015-10",
            "price": "23.71",
            "revenue": 1054928
        },
        "2015-11": {
            "month": "2015-11",
            "price": "29.45",
            "revenue": 1073180
        },
        "2015-12": {
            "month": "2015-12",
            "price": "27.94",
            "revenue": 1116461
        },
        "2016-01": {
            "month": "2016-01",
            "price": "24.48",
            "revenue": 1099012
        },
        "2016-02": {
            "month": "2016-02",
            "price": "24.95",
            "revenue": 923976
        },
        "2016-03": {
            "month": "2016-03",
            "price": "25.64",
            "revenue": 1185895
        },
        "2016-04": {
            "month": "2016-04",
            "price": "28.29",
            "revenue": 1163080
        },
        "2016-05": {
            "month": "2016-05",
            "price": "30.35",
            "revenue": 1133834
        },
        "2016-06": {
            "month": "2016-06",
            "price": "35.60",
            "revenue": 1028237
        },
        "2016-07": {
            "month": "2016-07",
            "price": "38.85",
            "revenue": 1087644
        },
        "2016-08": {
            "month": "2016-08",
            "price": "38.21",
            "revenue": 1167878
        },
        "2016-09": {
            "month": "2016-09",
            "price": "37.86",
            "revenue": 1109498
        },
        "2016-10": {
            "month": "2016-10",
            "price": "33.81",
            "revenue": 1087649
        },
        "2016-11": {
            "month": "2016-11",
            "price": "32.54",
            "revenue": 1225664
        },
        "2016-12": {
            "month": "2016-12",
            "price": "35.32",
            "revenue": 1211943
        },
        "2017-01": {
            "month": "2017-01",
            "price": "40.61",
            "revenue": 1253293
        },
        "2017-02": {
            "month": "2017-02",
            "price": "42.29",
            "revenue": 1294898
        },
        "2017-03": {
            "month": "2017-03",
            "price": "46.38",
            "revenue": 1425661
        },
        "2017-04": {
            "month": "2017-04",
            "price": "52.87",
            "revenue": 1254519
        },
        "2017-05": {
            "month": "2017-05",
            "price": "51.15",
            "revenue": 1302382
        },
        "2017-06": {
            "month": "2017-06",
            "price": "52.89",
            "revenue": 1276749
        },
        "2017-07": {
            "month": "2017-07",
            "price": "58.90",
            "revenue": 1272968
        },
        "2017-08": {
            "month": "2017-08",
            "price": "69.25",
            "revenue": 1398728
        },
        "2017-09": {
            "month": "2017-09",
            "price": "79.74",
            "revenue": 1380656
        },
        "2017-10": {
            "month": "2017-10",
            "price": "82.10",
            "revenue": 1343151
        },
        "2017-11": {
            "month": "2017-11",
            "price": "79.36",
            "revenue": 1444946
        },
        "2017-12": {
            "month": "2017-12",
            "price": "77.33",
            "revenue": 1455755
        },
        "2018-01": {
            "month": "2018-01",
            "price": "90.46",
            "revenue": 1545301
        },
        "2018-02": {
            "month": "2018-02",
            "price": "88.61",
            "revenue": 1293042
        },
        "2018-03": {
            "month": "2018-03",
            "price": "90.76",
            "revenue": 1598461
        },
        "2018-04": {
            "month": "2018-04",
            "price": "89.41",
            "revenue": 1568394
        },
        "2018-05": {
            "month": "2018-05",
            "price": "91.26",
            "revenue": 1524766
        },
        "2018-06": {
            "month": "2018-06",
            "price": "102.56",
            "revenue": 1483844
        },
        "2018-07": {
            "month": "2018-07",
            "price": "115.84",
            "revenue": 1589952
        },
        "2018-08": {
            "month": "2018-08",
            "price": "119.04",
            "revenue": 1562505
        },
        "2018-09": {
            "month": "2018-09",
            "price": "104.93",
            "revenue": 1527367
        },
        "2018-10": {
            "month": "2018-10",
            "price": "85.85",
            "revenue": 1437967
        },
        "2018-11": {
            "month": "2018-11",
            "price": "90.13",
            "revenue": 1401442
        },
        "2018-12": {
            "month": "2018-12",
            "price": "92.24",
            "revenue": 1251773
        },
        "2019-01": {
            "month": "2019-01",
            "price": "93.74",
            "revenue": 1412732
        },
        "2019-02": {
            "month": "2019-02",
            "price": "100.95",
            "revenue": 1056165
        },
        "2019-03": {
            "month": "2019-03",
            "price": "102.83",
            "revenue": 1413475
        },
        "2019-04": {
            "month": "2019-04",
            "price": "112.28",
            "revenue": 1507228
        },
        "2019-05": {
            "month": "2019-05",
            "price": "116.73",
            "revenue": 1516289
        },
        "2019-06": {
            "month": "2019-06",
            "price": "119.32",
            "revenue": 1326729
        },
        "2019-07": {
            "month": "2019-07",
            "price": "123.02",
            "revenue": 1551328
        },
        "2019-08": {
            "month": "2019-08",
            "price": "131.88",
            "revenue": 1537068
        },
        "2019-09": {
            "month": "2019-09",
            "price": "141.13",
            "revenue": 1505959
        },
        "2019-10": {
            "month": "2019-10",
            "price": "133.60",
            "revenue": 1479397
        },
        "2019-11": {
            "month": "2019-11",
            "price": "130.31",
            "revenue": 1594077
        },
        "2019-12": {
            "month": "2019-12",
            "price": "141.68",
            "revenue": 1621299
        },
        "2020-01": {
            "month": "2020-01",
            "price": "135.40",
            "revenue": 1416433
        },
        "2020-02": {
            "month": "2020-02",
            "price": "133.76",
            "revenue": 1301483
        },
        "2020-03": {
            "month": "2020-03",
            "price": "119.18",
            "revenue": 1758228
        },
        "2020-04": {
            "month": "2020-04",
            "price": "125.18",
            "revenue": 1873568
        },
        "2020-05": {
            "month": "2020-05",
            "price": "140.48",
            "revenue": 1752589
        },
        "2020-06": {
            "month": "2020-06",
            "price": "142.70",
            "revenue": 1626755
        },
        "2020-07": {
            "month": "2020-07",
            "price": "139.17",
            "revenue": 1542966
        },
        "2020-08": {
            "month": "2020-08",
            "price": "125.57",
            "revenue": 1526751
        },
        "2020-09": {
            "month": "2020-09",
            "price": "121.25",
            "revenue": 1234791
        },
        "2020-10": {
            "month": "2020-10",
            "price": "101.70",
            "revenue": 1209890
        },
        "2020-11": {
            "month": "2020-11",
            "price": "110.23",
            "revenue": 1391073
        },
        "2020-12": {
            "month": "2020-12",
            "price": "119.04",
            "revenue": 1407398
        },
        "2021-01": {
            "month": "2021-01",
            "price": "120.02",
            "revenue": 1549030
        },
        "2021-02": {
            "month": "2021-02",
            "price": "117.92",
            "revenue": 1415693
        },
        "2021-03": {
            "month": "2021-03",
            "price": "114.07",
            "revenue": 1728671
        },
        "2021-04": {
            "month": "2021-04",
            "price": "121.29",
            "revenue": 1770181
        },
        "2021-05": {
            "month": "2021-05",
            "price": "97.89",
            "revenue": 1803100
        },
        "2021-06": {
            "month": "2021-06",
            "price": "107.26",
            "revenue": 1869965
        },
        "2021-07": {
            "month": "2021-07",
            "price": "118.86",
            "revenue": 1928594
        },
        "2021-08": {
            "month": "2021-08",
            "price": "111.61",
            "revenue": 1945708
        },
        "2021-09": {
            "month": "2021-09",
            "price": "111.28",
            "revenue": 1795957
        },
        "2021-10": {
            "month": "2021-10",
            "price": "96.33",
            "revenue": 1704222
        },
        "2021-11": {
            "month": "2021-11",
            "price": "98.03",
            "revenue": 1801408
        },
        "2021-12": {
            "month": "2021-12",
            "price": "102.27",
            "revenue": 1819510
        },
        "2022-01": {
            "month": "2022-01",
            "price": "96.49",
            "revenue": 1822394
        },
        "2022-02": {
            "month": "2022-02",
            "price": "91.66",
            "revenue": 1464984
        },
        "2022-03": {
            "month": "2022-03",
            "price": "83.40",
            "revenue": 1736445
        },
        "2022-04": {
            "month": "2022-04",
            "price": "75.63",
            "revenue": 1641441
        },
        "2022-05": {
            "month": "2022-05",
            "price": "75.59",
            "revenue": 1658904
        },
        "2022-06": {
            "month": "2022-06",
            "price": "65.99",
            "revenue": 1489451
        },
        "2022-07": {
            "month": "2022-07",
            "price": "53.90",
            "revenue": 1541013
        },
        "2022-08": {
            "month": "2022-08",
            "price": "54.96",
            "revenue": 1483968
        },
        "2022-09": {
            "month": "2022-09",
            "price": "51.87",
            "revenue": 1490297
        },
        "2022-10": {
            "month": "2022-10",
            "price": "42.12",
            "revenue": 1327315
        },
        "2022-11": {
            "month": "2022-11",
            "price": "52.62",
            "revenue": 1473019
        },
        "2022-12": {
            "month": "2022-12",
            "price": "54.16",
            "revenue": 1342897
        },
        "2023-01": {
            "month": "2023-01",
            "price": "58.62",
            "revenue": 1083168
        },
        "2023-02": {
            "month": "2023-02",
            "price": "60.11",
            "revenue": 1255319
        },
        "2023-03": {
            "month": "2023-03",
            "price": "66.91",
            "revenue": 1314268
        },
        "2023-04": {
            "month": "2023-04",
            "price": "67.52",
            "revenue": 1202371
        }
    }
}
