{
    "summary": {
        "stock_name": "元山",
        "stock_id": "6275",
        "category": "電子零組件",
        "main_business": "電腦週邊設備<br>各式小家電",
        "website_url": "http://www.ystech.com.tw",
        "ceo": "劉賢文",
        "pe_ratio": 16,
        "report_year_from": 2001,
        "report_year_to": 2023,
        "age": 23,
        "eps_negative_percentage": 10,
        "eps_growth_avg": {
            "last_all": -0.44,
            "last_2y": 27.45,
            "last_4y": 45.59,
            "last_8y": 15.11,
            "last_12y": 11.7,
            "last_16y": -2.5,
            "last_20y": null,
            "at_2006_last_3y": null,
            "at_2007_last_3y": null,
            "at_2008_last_3y": -11.97,
            "at_2009_last_3y": -52.43,
            "at_2010_last_3y": -59.3,
            "at_2011_last_3y": -91.6,
            "at_2012_last_3y": -61.81,
            "at_2013_last_3y": -26.81,
            "at_2014_last_3y": 4.89,
            "at_2015_last_3y": 7.88,
            "at_2016_last_3y": 35.15,
            "at_2017_last_3y": 34.63,
            "at_2018_last_3y": -15.37,
            "at_2019_last_3y": 0.97,
            "at_2020_last_3y": 0.97,
            "at_2021_last_3y": 13.86,
            "at_2022_last_3y": 46.5,
            "at_2023_last_3y": 45.59,
            "at_2024_last_3y": 45.59,
            "at_2006_last_all": 15,
            "at_2007_last_all": 16.86,
            "at_2008_last_all": -11.97,
            "at_2009_last_all": -29.58,
            "at_2010_last_all": -29.58,
            "at_2011_last_all": -37.37,
            "at_2012_last_all": -33.33,
            "at_2013_last_all": -28.54,
            "at_2014_last_all": -14.26,
            "at_2015_last_all": -19.27,
            "at_2016_last_all": -8.43,
            "at_2017_last_all": -7.48,
            "at_2018_last_all": -14.6,
            "at_2019_last_all": -14.6,
            "at_2020_last_all": -6.41,
            "at_2021_last_all": -3.22,
            "at_2022_last_all": -3.15,
            "at_2023_last_all": -0.44,
            "at_2024_last_all": -0.44
        },
        "latest_eps": 3.86,
        "latest_price": 61.7,
        "latest_roe": 20.49,
        "latest_gross_margin": 11.87,
        "latest_equity": 1571392,
        "latest_revenue": 821219,
        "latest_gross_profit": 97483,
        "latest_net_income": 154557,
        "latest_debt_ratio": 54.44,
        "latest_current_ratio": 172.71,
        "latest_account_receivable_turnover_ratio": 0.98,
        "latest_inventory_turnover_ratio": 0.93,
        "latest_reinvestment_rate": 35.18,
        "latest_research_to_sale_ratio": 5.25
    },
    "eps_dividends": {
        "2001": {
            "cash": 0,
            "stock": 0,
            "eps": 0
        },
        "2002": {
            "cash": 0,
            "stock": 0,
            "eps": 0
        },
        "2003": {
            "cash": 0.4,
            "stock": 0.4,
            "eps": 0
        },
        "2004": {
            "cash": 0.4,
            "stock": 0,
            "eps": 0.97
        },
        "2005": {
            "cash": 0.6,
            "stock": 0,
            "eps": 1.57
        },
        "2006": {
            "cash": 0.5,
            "stock": 0.5,
            "eps": 1.07
        },
        "2007": {
            "cash": 0.6,
            "stock": 0.2,
            "eps": 1.29
        },
        "2008": {
            "cash": 0.8,
            "stock": 0.2,
            "eps": 0.02
        },
        "2009": {
            "cash": 0,
            "stock": 0,
            "eps": -0.23
        },
        "2010": {
            "cash": 0,
            "stock": 0,
            "eps": 0.93
        },
        "2011": {
            "cash": 0.5,
            "stock": 0,
            "eps": 0.22
        },
        "2012": {
            "cash": 0,
            "stock": 0,
            "eps": 0.2
        },
        "2013": {
            "cash": 0,
            "stock": 0,
            "eps": 0.21
        },
        "2014": {
            "cash": 0,
            "stock": 0,
            "eps": 0.59
        },
        "2015": {
            "cash": 0.5,
            "stock": 0,
            "eps": 0.21
        },
        "2016": {
            "cash": 0.4,
            "stock": 0,
            "eps": 1.03
        },
        "2017": {
            "cash": 0.6,
            "stock": 0,
            "eps": 1.06
        },
        "2018": {
            "cash": 0.6,
            "stock": 0,
            "eps": -0.49
        },
        "2019": {
            "cash": 0,
            "stock": 0,
            "eps": 0.73
        },
        "2020": {
            "cash": 0,
            "stock": 0,
            "eps": 2.02
        },
        "2021": {
            "cash": 1.5,
            "stock": 0,
            "eps": 2.86
        },
        "2022": {
            "cash": 2.2,
            "stock": 0,
            "eps": 2.8
        },
        "2023": {
            "cash": 2.2,
            "stock": 0,
            "eps": 4
        },
        "2024": {
            "cash": 3,
            "stock": 0,
            "eps": 0
        }
    },
    "dividends": {
        "2003-06-24": {
            "cash": 0.4,
            "stock": 0.4
        },
        "2004-04-28": {
            "cash": 0.4,
            "stock": 0
        },
        "2005-04-06": {
            "cash": 0.6,
            "stock": 0
        },
        "2006-04-11": {
            "cash": 0.5,
            "stock": 0.5
        },
        "2007-03-26": {
            "cash": 0.6,
            "stock": 0.2
        },
        "2008-03-31": {
            "cash": 0.8,
            "stock": 0.2
        },
        "2011-04-27": {
            "cash": 0.5,
            "stock": 0
        },
        "2015-08-19": {
            "cash": 0.5,
            "stock": 0
        },
        "2016-08-26": {
            "cash": 0.4,
            "stock": 0
        },
        "2017-08-30": {
            "cash": 0.6,
            "stock": 0
        },
        "2018-08-29": {
            "cash": 0.6,
            "stock": 0
        },
        "2021-07-15": {
            "cash": 1.5,
            "stock": 0
        },
        "2022-08-31": {
            "cash": 2.2,
            "stock": 0
        },
        "2023-09-15": {
            "cash": 2.2,
            "stock": 0
        },
        "2024-04-26": {
            "cash": 3,
            "stock": 0
        }
    },
    "prices": {
        "200101": "無",
        "200102": "無",
        "200103": "無",
        "200104": "無",
        "200105": "無",
        "200106": "無",
        "200107": "無",
        "200108": "無",
        "200109": "無",
        "200110": "無",
        "200111": "無",
        "200112": "無",
        "200201": "無",
        "200202": "無",
        "200203": "無",
        "200204": "無",
        "200205": "無",
        "200206": "無",
        "200207": "無",
        "200208": "無",
        "200209": "無",
        "200210": "無",
        "200211": "無",
        "200212": "無",
        "200301": "無",
        "200302": "無",
        "200303": "無",
        "200304": "無",
        "200305": "無",
        "200306": "無",
        "200307": "無",
        "200308": "無",
        "200309": "無",
        "200310": "無",
        "200311": "無",
        "200312": "無",
        "200401": "13.23",
        "200402": "14.43",
        "200403": "14.38",
        "200404": "15.80",
        "200405": "16.66",
        "200406": "17.06",
        "200407": "17.38",
        "200408": "16.28",
        "200409": "16.37",
        "200410": "16.85",
        "200411": "16.15",
        "200412": "15.39",
        "200501": "13.70",
        "200502": "13.53",
        "200503": "13.20",
        "200504": "13.58",
        "200505": "13.21",
        "200506": "13.15",
        "200507": "14.99",
        "200508": "15.37",
        "200509": "15.28",
        "200510": "14.63",
        "200511": "14.16",
        "200512": "14.85",
        "200601": "18.72",
        "200602": "21.89",
        "200603": "18.22",
        "200604": "17.24",
        "200605": "17.89",
        "200606": "16.15",
        "200607": "14.62",
        "200608": "14.48",
        "200609": "14.24",
        "200610": "14.11",
        "200611": "14.88",
        "200612": "16.01",
        "200701": "18.72",
        "200702": "18.53",
        "200703": "20.82",
        "200704": "22.70",
        "200705": "21.88",
        "200706": "23.62",
        "200707": "35.56",
        "200708": "34.54",
        "200709": "28.13",
        "200710": "26.64",
        "200711": "21.04",
        "200712": "25.03",
        "200801": "18.88",
        "200802": "18.42",
        "200803": "18.08",
        "200804": "19.69",
        "200805": "19.05",
        "200806": "16.04",
        "200807": "14.07",
        "200808": "14.97",
        "200809": "11.87",
        "200810": "9.81",
        "200811": "7.38",
        "200812": "6.03",
        "200901": "5.91",
        "200902": "5.62",
        "200903": "6.53",
        "200904": "7.66",
        "200905": "8.05",
        "200906": "9.43",
        "200907": "9.88",
        "200908": "10.81",
        "200909": "10.93",
        "200910": "12.85",
        "200911": "13.09",
        "200912": "13.51",
        "201001": "14.58",
        "201002": "13.25",
        "201003": "20.45",
        "201004": "25.35",
        "201005": "21.86",
        "201006": "20.71",
        "201007": "25.92",
        "201008": "26.81",
        "201009": "23.81",
        "201010": "22.56",
        "201011": "19.48",
        "201012": "23.49",
        "201101": "23.32",
        "201102": "23.91",
        "201103": "21.37",
        "201104": "21.63",
        "201105": "20.09",
        "201106": "18.81",
        "201107": "18.23",
        "201108": "15.09",
        "201109": "14.61",
        "201110": "13.42",
        "201111": "12.13",
        "201112": "10.63",
        "201201": "12.38",
        "201202": "14.55",
        "201203": "17.02",
        "201204": "18.41",
        "201205": "16.80",
        "201206": "16.92",
        "201207": "16.43",
        "201208": "15.08",
        "201209": "14.30",
        "201210": "13.63",
        "201211": "13.10",
        "201212": "13.79",
        "201301": "13.40",
        "201302": "13.81",
        "201303": "14.77",
        "201304": "14.08",
        "201305": "14.06",
        "201306": "13.74",
        "201307": "13.59",
        "201308": "13.82",
        "201309": "13.42",
        "201310": "13.54",
        "201311": "13.41",
        "201312": "13.19",
        "201401": "13.40",
        "201402": "13.46",
        "201403": "13.40",
        "201404": "13.72",
        "201405": "16.55",
        "201406": "17.31",
        "201407": "16.24",
        "201408": "17.39",
        "201409": "17.01",
        "201410": "15.58",
        "201411": "15.11",
        "201412": "16.08",
        "201501": "16.19",
        "201502": "16.48",
        "201503": "17.78",
        "201504": "17.97",
        "201505": "15.98",
        "201506": "14.48",
        "201507": "14.27",
        "201508": "11.70",
        "201509": "11.61",
        "201510": "12.84",
        "201511": "13.05",
        "201512": "11.86",
        "201601": "11.14",
        "201602": "11.37",
        "201603": "12.13",
        "201604": "12.97",
        "201605": "13.49",
        "201606": "14.02",
        "201607": "14.18",
        "201608": "15.44",
        "201609": "15.64",
        "201610": "14.46",
        "201611": "14.12",
        "201612": "14.61",
        "201701": "14.64",
        "201702": "15.67",
        "201703": "16.12",
        "201704": "16.49",
        "201705": "17.20",
        "201706": "17.32",
        "201707": "17.01",
        "201708": "19.00",
        "201709": "19.36",
        "201710": "19.10",
        "201711": "18.81",
        "201712": "18.21",
        "201801": "19.23",
        "201802": "19.08",
        "201803": "18.75",
        "201804": "18.44",
        "201805": "17.63",
        "201806": "19.02",
        "201807": "17.91",
        "201808": "17.96",
        "201809": "18.07",
        "201810": "16.07",
        "201811": "15.08",
        "201812": "15.22",
        "201901": "16.72",
        "201902": "20.24",
        "201903": "22.26",
        "201904": "24.86",
        "201905": "21.01",
        "201906": "20.70",
        "201907": "20.88",
        "201908": "18.97",
        "201909": "18.94",
        "201910": "18.80",
        "201911": "19.74",
        "201912": "20.15",
        "202001": "19.42",
        "202002": "17.35",
        "202003": "13.89",
        "202004": "15.02",
        "202005": "16.88",
        "202006": "17.10",
        "202007": "17.72",
        "202008": "18.35",
        "202009": "18.62",
        "202010": "18.25",
        "202011": "18.87",
        "202012": "22.86",
        "202101": "24.46",
        "202102": "26.23",
        "202103": "30.55",
        "202104": "34.86",
        "202105": "29.90",
        "202106": "30.38",
        "202107": "29.35",
        "202108": "30.29",
        "202109": "28.93",
        "202110": "28.73",
        "202111": "32.25",
        "202112": "37.60",
        "202201": "37.73",
        "202202": "37.54",
        "202203": "40.10",
        "202204": "35.47",
        "202205": "33.16",
        "202206": "33.21",
        "202207": "31.03",
        "202208": "31.20",
        "202209": "28.99",
        "202210": "24.88",
        "202211": "26.08",
        "202212": "26.75",
        "202301": "26.45",
        "202302": "28.75",
        "202303": "31.91",
        "202304": "34.32",
        "202305": "35.82",
        "202306": "37.19",
        "202307": "41.72",
        "202308": "45.61",
        "202309": "46.16",
        "202310": "42.04",
        "202311": "42.72",
        "202312": "46.30",
        "202401": "43.14",
        "202402": "47.35",
        "202403": "62.99",
        "202404": "無"
    },
    "quarters": {
        "20011": {
            "year_quarter": 20011,
            "year": 2001,
            "quarter": 1,
            "eps": null,
            "eps_growth_year": null,
            "eps_4q": null,
            "eps_4q_growth_year": null,
            "roe": null,
            "roe_4q": 0,
            "gross_profit": null,
            "gross_margin": null,
            "gross_margin_4q_avg": 0,
            "net_income": null,
            "net_income_4q": null,
            "revenue": null,
            "revenue_4q": null,
            "common_shares": null,
            "book_valuer_per_share": null,
            "book_valuer_per_share_4q_avg": 0,
            "equity": null,
            "current_ratio": null,
            "debt_ratio": null,
            "inventory_turnover_ratio": null,
            "account_receivable_turnover_ratio": null,
            "reinvestment_rate": null,
            "research_to_sale_ratio": null,
            "price_fair": 0,
            "eps_avg_yearly": 0,
            "eps_latest_yearly": 0,
            "eps_growth_yearly": 0
        },
        "20012": {
            "year_quarter": 20012,
            "year": 2001,
            "quarter": 2,
            "eps": null,
            "eps_growth_year": null,
            "eps_4q": null,
            "eps_4q_growth_year": null,
            "roe": null,
            "roe_4q": 0,
            "gross_profit": null,
            "gross_margin": null,
            "gross_margin_4q_avg": 0,
            "net_income": null,
            "net_income_4q": null,
            "revenue": null,
            "revenue_4q": null,
            "common_shares": null,
            "book_valuer_per_share": null,
            "book_valuer_per_share_4q_avg": 0,
            "equity": null,
            "current_ratio": null,
            "debt_ratio": null,
            "inventory_turnover_ratio": null,
            "account_receivable_turnover_ratio": null,
            "reinvestment_rate": null,
            "research_to_sale_ratio": null,
            "price_fair": 0,
            "eps_avg_yearly": 0,
            "eps_latest_yearly": 0,
            "eps_growth_yearly": 0
        },
        "20013": {
            "year_quarter": 20013,
            "year": 2001,
            "quarter": 3,
            "eps": null,
            "eps_growth_year": null,
            "eps_4q": null,
            "eps_4q_growth_year": null,
            "roe": null,
            "roe_4q": 0,
            "gross_profit": null,
            "gross_margin": null,
            "gross_margin_4q_avg": 0,
            "net_income": null,
            "net_income_4q": null,
            "revenue": null,
            "revenue_4q": null,
            "common_shares": null,
            "book_valuer_per_share": null,
            "book_valuer_per_share_4q_avg": 0,
            "equity": null,
            "current_ratio": null,
            "debt_ratio": null,
            "inventory_turnover_ratio": null,
            "account_receivable_turnover_ratio": null,
            "reinvestment_rate": null,
            "research_to_sale_ratio": null,
            "price_fair": 0,
            "eps_avg_yearly": 0,
            "eps_latest_yearly": 0,
            "eps_growth_yearly": 0
        },
        "20014": {
            "year_quarter": 20014,
            "year": 2001,
            "quarter": 4,
            "eps": null,
            "eps_growth_year": null,
            "eps_4q": null,
            "eps_4q_growth_year": null,
            "roe": null,
            "roe_4q": 0,
            "gross_profit": null,
            "gross_margin": null,
            "gross_margin_4q_avg": 0,
            "net_income": null,
            "net_income_4q": null,
            "revenue": null,
            "revenue_4q": null,
            "common_shares": 320000,
            "book_valuer_per_share": 10.76,
            "book_valuer_per_share_4q_avg": 2.69,
            "equity": 344401,
            "current_ratio": 122.79,
            "debt_ratio": 53.73,
            "inventory_turnover_ratio": null,
            "account_receivable_turnover_ratio": null,
            "reinvestment_rate": null,
            "research_to_sale_ratio": null,
            "price_fair": 0,
            "eps_avg_yearly": 0,
            "eps_latest_yearly": 0,
            "eps_growth_yearly": 0
        },
        "20021": {
            "year_quarter": 20021,
            "year": 2002,
            "quarter": 1,
            "eps": null,
            "eps_growth_year": null,
            "eps_4q": null,
            "eps_4q_growth_year": null,
            "roe": null,
            "roe_4q": 0,
            "gross_profit": null,
            "gross_margin": null,
            "gross_margin_4q_avg": 0,
            "net_income": null,
            "net_income_4q": null,
            "revenue": null,
            "revenue_4q": null,
            "common_shares": null,
            "book_valuer_per_share": null,
            "book_valuer_per_share_4q_avg": 2.69,
            "equity": null,
            "current_ratio": null,
            "debt_ratio": null,
            "inventory_turnover_ratio": null,
            "account_receivable_turnover_ratio": null,
            "reinvestment_rate": null,
            "research_to_sale_ratio": null,
            "price_fair": 0,
            "eps_avg_yearly": 0,
            "eps_latest_yearly": 0,
            "eps_growth_yearly": 0
        },
        "20022": {
            "year_quarter": 20022,
            "year": 2002,
            "quarter": 2,
            "eps": null,
            "eps_growth_year": null,
            "eps_4q": null,
            "eps_4q_growth_year": null,
            "roe": null,
            "roe_4q": 0,
            "gross_profit": null,
            "gross_margin": null,
            "gross_margin_4q_avg": 0,
            "net_income": null,
            "net_income_4q": null,
            "revenue": null,
            "revenue_4q": null,
            "common_shares": null,
            "book_valuer_per_share": null,
            "book_valuer_per_share_4q_avg": 2.69,
            "equity": null,
            "current_ratio": null,
            "debt_ratio": null,
            "inventory_turnover_ratio": null,
            "account_receivable_turnover_ratio": null,
            "reinvestment_rate": null,
            "research_to_sale_ratio": null,
            "price_fair": 0,
            "eps_avg_yearly": 0,
            "eps_latest_yearly": 0,
            "eps_growth_yearly": 0
        },
        "20023": {
            "year_quarter": 20023,
            "year": 2002,
            "quarter": 3,
            "eps": null,
            "eps_growth_year": null,
            "eps_4q": null,
            "eps_4q_growth_year": null,
            "roe": null,
            "roe_4q": 0,
            "gross_profit": null,
            "gross_margin": null,
            "gross_margin_4q_avg": 0,
            "net_income": null,
            "net_income_4q": null,
            "revenue": null,
            "revenue_4q": null,
            "common_shares": null,
            "book_valuer_per_share": null,
            "book_valuer_per_share_4q_avg": 2.69,
            "equity": null,
            "current_ratio": null,
            "debt_ratio": null,
            "inventory_turnover_ratio": null,
            "account_receivable_turnover_ratio": null,
            "reinvestment_rate": null,
            "research_to_sale_ratio": null,
            "price_fair": 0,
            "eps_avg_yearly": 0,
            "eps_latest_yearly": 0,
            "eps_growth_yearly": 0
        },
        "20024": {
            "year_quarter": 20024,
            "year": 2002,
            "quarter": 4,
            "eps": null,
            "eps_growth_year": null,
            "eps_4q": null,
            "eps_4q_growth_year": null,
            "roe": null,
            "roe_4q": 0,
            "gross_profit": null,
            "gross_margin": null,
            "gross_margin_4q_avg": 0,
            "net_income": null,
            "net_income_4q": null,
            "revenue": null,
            "revenue_4q": null,
            "common_shares": 320000,
            "book_valuer_per_share": 10.8,
            "book_valuer_per_share_4q_avg": 2.7,
            "equity": 345552,
            "current_ratio": 117.67,
            "debt_ratio": 56.06,
            "inventory_turnover_ratio": null,
            "account_receivable_turnover_ratio": null,
            "reinvestment_rate": null,
            "research_to_sale_ratio": null,
            "price_fair": 0,
            "eps_avg_yearly": 0,
            "eps_latest_yearly": 0,
            "eps_growth_yearly": 0
        },
        "20031": {
            "year_quarter": 20031,
            "year": 2003,
            "quarter": 1,
            "eps": null,
            "eps_growth_year": null,
            "eps_4q": null,
            "eps_4q_growth_year": null,
            "roe": null,
            "roe_4q": 0,
            "gross_profit": null,
            "gross_margin": null,
            "gross_margin_4q_avg": 0,
            "net_income": null,
            "net_income_4q": null,
            "revenue": null,
            "revenue_4q": null,
            "common_shares": null,
            "book_valuer_per_share": null,
            "book_valuer_per_share_4q_avg": 2.7,
            "equity": null,
            "current_ratio": null,
            "debt_ratio": null,
            "inventory_turnover_ratio": null,
            "account_receivable_turnover_ratio": null,
            "reinvestment_rate": null,
            "research_to_sale_ratio": null,
            "price_fair": 0,
            "eps_avg_yearly": 0,
            "eps_latest_yearly": 0,
            "eps_growth_yearly": 0
        },
        "20032": {
            "year_quarter": 20032,
            "year": 2003,
            "quarter": 2,
            "eps": null,
            "eps_growth_year": null,
            "eps_4q": null,
            "eps_4q_growth_year": null,
            "roe": null,
            "roe_4q": 0,
            "gross_profit": null,
            "gross_margin": null,
            "gross_margin_4q_avg": 0,
            "net_income": null,
            "net_income_4q": null,
            "revenue": null,
            "revenue_4q": null,
            "common_shares": null,
            "book_valuer_per_share": null,
            "book_valuer_per_share_4q_avg": 2.7,
            "equity": null,
            "current_ratio": null,
            "debt_ratio": null,
            "inventory_turnover_ratio": null,
            "account_receivable_turnover_ratio": null,
            "reinvestment_rate": null,
            "research_to_sale_ratio": null,
            "price_fair": 0,
            "eps_avg_yearly": 0,
            "eps_latest_yearly": 0,
            "eps_growth_yearly": 0
        },
        "20033": {
            "year_quarter": 20033,
            "year": 2003,
            "quarter": 3,
            "eps": null,
            "eps_growth_year": null,
            "eps_4q": null,
            "eps_4q_growth_year": null,
            "roe": null,
            "roe_4q": 0,
            "gross_profit": null,
            "gross_margin": null,
            "gross_margin_4q_avg": 0,
            "net_income": null,
            "net_income_4q": null,
            "revenue": null,
            "revenue_4q": null,
            "common_shares": null,
            "book_valuer_per_share": null,
            "book_valuer_per_share_4q_avg": 2.7,
            "equity": null,
            "current_ratio": null,
            "debt_ratio": null,
            "inventory_turnover_ratio": null,
            "account_receivable_turnover_ratio": null,
            "reinvestment_rate": null,
            "research_to_sale_ratio": null,
            "price_fair": 0,
            "eps_avg_yearly": 0,
            "eps_latest_yearly": 0,
            "eps_growth_yearly": 0
        },
        "20034": {
            "year_quarter": 20034,
            "year": 2003,
            "quarter": 4,
            "eps": null,
            "eps_growth_year": null,
            "eps_4q": null,
            "eps_4q_growth_year": null,
            "roe": null,
            "roe_4q": 0,
            "gross_profit": null,
            "gross_margin": null,
            "gross_margin_4q_avg": 0,
            "net_income": null,
            "net_income_4q": null,
            "revenue": null,
            "revenue_4q": null,
            "common_shares": 320000,
            "book_valuer_per_share": 10.94,
            "book_valuer_per_share_4q_avg": 2.74,
            "equity": 349994,
            "current_ratio": 128.16,
            "debt_ratio": 57.06,
            "inventory_turnover_ratio": null,
            "account_receivable_turnover_ratio": null,
            "reinvestment_rate": null,
            "research_to_sale_ratio": null,
            "price_fair": 0,
            "eps_avg_yearly": 0,
            "eps_latest_yearly": 0,
            "eps_growth_yearly": 0
        },
        "20041": {
            "year_quarter": 20041,
            "year": 2004,
            "quarter": 1,
            "eps": 0.22,
            "eps_growth_year": null,
            "eps_4q": null,
            "eps_4q_growth_year": null,
            "roe": 1.98,
            "roe_4q": 1.98,
            "gross_profit": 48471,
            "gross_margin": 21.51,
            "gross_margin_4q_avg": 5.38,
            "net_income": 6988,
            "net_income_4q": null,
            "revenue": 225347,
            "revenue_4q": null,
            "common_shares": 320000,
            "book_valuer_per_share": 11.1,
            "book_valuer_per_share_4q_avg": 5.51,
            "equity": 355178,
            "current_ratio": 120.5,
            "debt_ratio": 56.76,
            "inventory_turnover_ratio": 1.14,
            "account_receivable_turnover_ratio": null,
            "reinvestment_rate": null,
            "research_to_sale_ratio": null,
            "price_fair": 0,
            "eps_avg_yearly": 0,
            "eps_latest_yearly": 0,
            "eps_growth_yearly": 0
        },
        "20042": {
            "year_quarter": 20042,
            "year": 2004,
            "quarter": 2,
            "eps": 0.31,
            "eps_growth_year": null,
            "eps_4q": null,
            "eps_4q_growth_year": null,
            "roe": 2.8,
            "roe_4q": 4.779999999999999,
            "gross_profit": 43882,
            "gross_margin": 18.36,
            "gross_margin_4q_avg": 9.97,
            "net_income": 9886,
            "net_income_4q": null,
            "revenue": 239013,
            "revenue_4q": null,
            "common_shares": 320000,
            "book_valuer_per_share": 10.99,
            "book_valuer_per_share_4q_avg": 8.26,
            "equity": 351832,
            "current_ratio": 114.53,
            "debt_ratio": 55.13,
            "inventory_turnover_ratio": 1.52,
            "account_receivable_turnover_ratio": null,
            "reinvestment_rate": null,
            "research_to_sale_ratio": null,
            "price_fair": 43.4,
            "eps_avg_yearly": 1.24,
            "eps_latest_yearly": 1.24,
            "eps_growth_yearly": 163.64
        },
        "20043": {
            "year_quarter": 20043,
            "year": 2004,
            "quarter": 3,
            "eps": 0.04,
            "eps_growth_year": null,
            "eps_4q": null,
            "eps_4q_growth_year": null,
            "roe": 0.41,
            "roe_4q": 5.1899999999999995,
            "gross_profit": 41291,
            "gross_margin": 18.52,
            "gross_margin_4q_avg": 14.6,
            "net_income": 1438,
            "net_income_4q": null,
            "revenue": 223005,
            "revenue_4q": null,
            "common_shares": 320000,
            "book_valuer_per_share": 11.05,
            "book_valuer_per_share_4q_avg": 11.02,
            "equity": 353645,
            "current_ratio": 120.93,
            "debt_ratio": 54.85,
            "inventory_turnover_ratio": 1.42,
            "account_receivable_turnover_ratio": null,
            "reinvestment_rate": null,
            "research_to_sale_ratio": null,
            "price_fair": 2.1,
            "eps_avg_yearly": 0.7,
            "eps_latest_yearly": 0.16,
            "eps_growth_yearly": -92.38
        },
        "20044": {
            "year_quarter": 20044,
            "year": 2004,
            "quarter": 4,
            "eps": 0.4,
            "eps_growth_year": null,
            "eps_4q": 0.97,
            "eps_4q_growth_year": null,
            "roe": 3.56,
            "roe_4q": 8.75,
            "gross_profit": 52108,
            "gross_margin": 20.87,
            "gross_margin_4q_avg": 19.82,
            "net_income": 12746,
            "net_income_4q": null,
            "revenue": 249664,
            "revenue_4q": null,
            "common_shares": 320000,
            "book_valuer_per_share": 11.33,
            "book_valuer_per_share_4q_avg": 11.12,
            "equity": 362646,
            "current_ratio": 139.79,
            "debt_ratio": 54.25,
            "inventory_turnover_ratio": 1.35,
            "account_receivable_turnover_ratio": null,
            "reinvestment_rate": null,
            "research_to_sale_ratio": null,
            "price_fair": 35,
            "eps_avg_yearly": 1,
            "eps_latest_yearly": 1.6,
            "eps_growth_yearly": 1138.42
        },
        "20051": {
            "year_quarter": 20051,
            "year": 2005,
            "quarter": 1,
            "eps": 0.24,
            "eps_growth_year": 9.09,
            "eps_4q": 0.99,
            "eps_4q_growth_year": null,
            "roe": 2.11,
            "roe_4q": 8.879999999999999,
            "gross_profit": 54204,
            "gross_margin": 21.25,
            "gross_margin_4q_avg": 19.75,
            "net_income": 7717,
            "net_income_4q": null,
            "revenue": 255064,
            "revenue_4q": null,
            "common_shares": 320000,
            "book_valuer_per_share": 11.55,
            "book_valuer_per_share_4q_avg": 11.23,
            "equity": 369690,
            "current_ratio": 128.41,
            "debt_ratio": 53.99,
            "inventory_turnover_ratio": 1.38,
            "account_receivable_turnover_ratio": null,
            "reinvestment_rate": null,
            "research_to_sale_ratio": null,
            "price_fair": 34.65,
            "eps_avg_yearly": 0.99,
            "eps_latest_yearly": 0.96,
            "eps_growth_yearly": 813.81
        },
        "20052": {
            "year_quarter": 20052,
            "year": 2005,
            "quarter": 2,
            "eps": 0.41,
            "eps_growth_year": 32.26,
            "eps_4q": 1.09,
            "eps_4q_growth_year": null,
            "roe": 3.6,
            "roe_4q": 9.68,
            "gross_profit": 60751,
            "gross_margin": 21.45,
            "gross_margin_4q_avg": 20.52,
            "net_income": 13137,
            "net_income_4q": null,
            "revenue": 283208,
            "revenue_4q": null,
            "common_shares": 320000,
            "book_valuer_per_share": 11.25,
            "book_valuer_per_share_4q_avg": 11.3,
            "equity": 360120,
            "current_ratio": 127.47,
            "debt_ratio": 53.27,
            "inventory_turnover_ratio": 1.85,
            "account_receivable_turnover_ratio": null,
            "reinvestment_rate": null,
            "research_to_sale_ratio": null,
            "price_fair": 39.2,
            "eps_avg_yearly": 1.12,
            "eps_latest_yearly": 1.64,
            "eps_growth_yearly": 707.72
        },
        "20053": {
            "year_quarter": 20053,
            "year": 2005,
            "quarter": 3,
            "eps": 0.41,
            "eps_growth_year": 925,
            "eps_4q": 1.45,
            "eps_4q_growth_year": null,
            "roe": 3.64,
            "roe_4q": 12.91,
            "gross_profit": 60542,
            "gross_margin": 24.09,
            "gross_margin_4q_avg": 21.92,
            "net_income": 13191,
            "net_income_4q": null,
            "revenue": 251322,
            "revenue_4q": null,
            "common_shares": 320000,
            "book_valuer_per_share": 11.39,
            "book_valuer_per_share_4q_avg": 11.38,
            "equity": 364508,
            "current_ratio": 127.85,
            "debt_ratio": 52.29,
            "inventory_turnover_ratio": 1.69,
            "account_receivable_turnover_ratio": null,
            "reinvestment_rate": null,
            "research_to_sale_ratio": null,
            "price_fair": 42.23,
            "eps_avg_yearly": 1.21,
            "eps_latest_yearly": 1.64,
            "eps_growth_yearly": 589.76
        },
        "20054": {
            "year_quarter": 20054,
            "year": 2005,
            "quarter": 4,
            "eps": 0.51,
            "eps_growth_year": 27.5,
            "eps_4q": 1.57,
            "eps_4q_growth_year": 61.51,
            "roe": 4.35,
            "roe_4q": 13.7,
            "gross_profit": 71404,
            "gross_margin": 25.06,
            "gross_margin_4q_avg": 22.96,
            "net_income": 16316,
            "net_income_4q": null,
            "revenue": 284977,
            "revenue_4q": null,
            "common_shares": 320000,
            "book_valuer_per_share": 12.04,
            "book_valuer_per_share_4q_avg": 11.56,
            "equity": 385381,
            "current_ratio": 134.69,
            "debt_ratio": 52.36,
            "inventory_turnover_ratio": 1.6,
            "account_receivable_turnover_ratio": null,
            "reinvestment_rate": null,
            "research_to_sale_ratio": null,
            "price_fair": 46.4,
            "eps_avg_yearly": 1.33,
            "eps_latest_yearly": 2.04,
            "eps_growth_yearly": 519.45
        },
        "20061": {
            "year_quarter": 20061,
            "year": 2006,
            "quarter": 1,
            "eps": 0.07,
            "eps_growth_year": -70.83,
            "eps_4q": 1.4,
            "eps_4q_growth_year": 41.52,
            "roe": 0.58,
            "roe_4q": 12.17,
            "gross_profit": 52384,
            "gross_margin": 24.8,
            "gross_margin_4q_avg": 23.85,
            "net_income": 2246,
            "net_income_4q": null,
            "revenue": 211243,
            "revenue_4q": null,
            "common_shares": 320000,
            "book_valuer_per_share": 12.11,
            "book_valuer_per_share_4q_avg": 11.7,
            "equity": 387548,
            "current_ratio": 128.57,
            "debt_ratio": 53.11,
            "inventory_turnover_ratio": 1.08,
            "account_receivable_turnover_ratio": null,
            "reinvestment_rate": null,
            "research_to_sale_ratio": null,
            "price_fair": 41.83,
            "eps_avg_yearly": 1.2,
            "eps_latest_yearly": 0.28,
            "eps_growth_yearly": 411.38
        },
        "20062": {
            "year_quarter": 20062,
            "year": 2006,
            "quarter": 2,
            "eps": 0.48,
            "eps_growth_year": 17.07,
            "eps_4q": 1.49,
            "eps_4q_growth_year": 35.85,
            "roe": 3.92,
            "roe_4q": 12.49,
            "gross_profit": 58412,
            "gross_margin": 19.11,
            "gross_margin_4q_avg": 23.27,
            "net_income": 15157,
            "net_income_4q": null,
            "revenue": 305667,
            "revenue_4q": null,
            "common_shares": 320000,
            "book_valuer_per_share": 12.05,
            "book_valuer_per_share_4q_avg": 11.9,
            "equity": 385519,
            "current_ratio": 126.3,
            "debt_ratio": 53.4,
            "inventory_turnover_ratio": 1.85,
            "account_receivable_turnover_ratio": null,
            "reinvestment_rate": null,
            "research_to_sale_ratio": null,
            "price_fair": 44.64,
            "eps_avg_yearly": 1.28,
            "eps_latest_yearly": 1.92,
            "eps_growth_yearly": 625.99
        },
        "20063": {
            "year_quarter": 20063,
            "year": 2006,
            "quarter": 3,
            "eps": 0.42,
            "eps_growth_year": 2.44,
            "eps_4q": 1.43,
            "eps_4q_growth_year": -1.75,
            "roe": 3.57,
            "roe_4q": 12.42,
            "gross_profit": 59333,
            "gross_margin": 24.51,
            "gross_margin_4q_avg": 23.37,
            "net_income": 14038,
            "net_income_4q": null,
            "revenue": 242029,
            "revenue_4q": null,
            "common_shares": 340289,
            "book_valuer_per_share": 11.78,
            "book_valuer_per_share_4q_avg": 12,
            "equity": 400916,
            "current_ratio": 134.04,
            "debt_ratio": 50.08,
            "inventory_turnover_ratio": 1.43,
            "account_receivable_turnover_ratio": null,
            "reinvestment_rate": null,
            "research_to_sale_ratio": null,
            "price_fair": 46.06,
            "eps_avg_yearly": 1.32,
            "eps_latest_yearly": 1.68,
            "eps_growth_yearly": 558.39
        },
        "20064": {
            "year_quarter": 20064,
            "year": 2006,
            "quarter": 4,
            "eps": 0.1,
            "eps_growth_year": -80.39,
            "eps_4q": 1.01,
            "eps_4q_growth_year": -36.02,
            "roe": 0.86,
            "roe_4q": 8.93,
            "gross_profit": 57671,
            "gross_margin": 23.13,
            "gross_margin_4q_avg": 22.89,
            "net_income": 3466,
            "net_income_4q": null,
            "revenue": 249295,
            "revenue_4q": null,
            "common_shares": 340289,
            "book_valuer_per_share": 11.88,
            "book_valuer_per_share_4q_avg": 11.96,
            "equity": 404146,
            "current_ratio": 129.73,
            "debt_ratio": 52.66,
            "inventory_turnover_ratio": 1.27,
            "account_receivable_turnover_ratio": null,
            "reinvestment_rate": null,
            "research_to_sale_ratio": null,
            "price_fair": 43.15,
            "eps_avg_yearly": 1.23,
            "eps_latest_yearly": 0.4,
            "eps_growth_yearly": 479.92
        },
        "20071": {
            "year_quarter": 20071,
            "year": 2007,
            "quarter": 1,
            "eps": 0.24,
            "eps_growth_year": 242.86,
            "eps_4q": 1.22,
            "eps_4q_growth_year": -13.15,
            "roe": 1.95,
            "roe_4q": 10.3,
            "gross_profit": 66212,
            "gross_margin": 23.04,
            "gross_margin_4q_avg": 22.45,
            "net_income": 8039,
            "net_income_4q": null,
            "revenue": 287415,
            "revenue_4q": null,
            "common_shares": 340289,
            "book_valuer_per_share": 12.36,
            "book_valuer_per_share_4q_avg": 12.02,
            "equity": 420762,
            "current_ratio": 134.06,
            "debt_ratio": 51.26,
            "inventory_turnover_ratio": 1.35,
            "account_receivable_turnover_ratio": null,
            "reinvestment_rate": null,
            "research_to_sale_ratio": null,
            "price_fair": 42.35,
            "eps_avg_yearly": 1.21,
            "eps_latest_yearly": 0.96,
            "eps_growth_yearly": 486.6
        },
        "20072": {
            "year_quarter": 20072,
            "year": 2007,
            "quarter": 2,
            "eps": 0.4,
            "eps_growth_year": -16.67,
            "eps_4q": 1.15,
            "eps_4q_growth_year": -22.91,
            "roe": 3.29,
            "roe_4q": 9.67,
            "gross_profit": 65454,
            "gross_margin": 19.63,
            "gross_margin_4q_avg": 22.58,
            "net_income": 13709,
            "net_income_4q": null,
            "revenue": 333495,
            "revenue_4q": null,
            "common_shares": 340289,
            "book_valuer_per_share": 12.13,
            "book_valuer_per_share_4q_avg": 12.04,
            "equity": 412613,
            "current_ratio": 129.08,
            "debt_ratio": 54.01,
            "inventory_turnover_ratio": 1.64,
            "account_receivable_turnover_ratio": null,
            "reinvestment_rate": null,
            "research_to_sale_ratio": null,
            "price_fair": 43.4,
            "eps_avg_yearly": 1.24,
            "eps_latest_yearly": 1.6,
            "eps_growth_yearly": 469.68
        },
        "20073": {
            "year_quarter": 20073,
            "year": 2007,
            "quarter": 3,
            "eps": 0.4,
            "eps_growth_year": -4.76,
            "eps_4q": 1.12,
            "eps_4q_growth_year": -21.45,
            "roe": 3.33,
            "roe_4q": 9.43,
            "gross_profit": 71716,
            "gross_margin": 23.56,
            "gross_margin_4q_avg": 22.34,
            "net_income": 13963,
            "net_income_4q": null,
            "revenue": 304360,
            "revenue_4q": null,
            "common_shares": 351807,
            "book_valuer_per_share": 12.12,
            "book_valuer_per_share_4q_avg": 12.12,
            "equity": 426361,
            "current_ratio": 132.34,
            "debt_ratio": 53.47,
            "inventory_turnover_ratio": 1.34,
            "account_receivable_turnover_ratio": null,
            "reinvestment_rate": null,
            "research_to_sale_ratio": null,
            "price_fair": 44.3,
            "eps_avg_yearly": 1.27,
            "eps_latest_yearly": 1.6,
            "eps_growth_yearly": 436.13
        },
        "20074": {
            "year_quarter": 20074,
            "year": 2007,
            "quarter": 4,
            "eps": 0.25,
            "eps_growth_year": 150,
            "eps_4q": 1.28,
            "eps_4q_growth_year": 27.22,
            "roe": 2.02,
            "roe_4q": 10.59,
            "gross_profit": 66820,
            "gross_margin": 22.03,
            "gross_margin_4q_avg": 22.07,
            "net_income": 8657,
            "net_income_4q": null,
            "revenue": 303349,
            "revenue_4q": null,
            "common_shares": 351807,
            "book_valuer_per_share": 12.23,
            "book_valuer_per_share_4q_avg": 12.21,
            "equity": 430085,
            "current_ratio": 127.49,
            "debt_ratio": 53.72,
            "inventory_turnover_ratio": 1.28,
            "account_receivable_turnover_ratio": null,
            "reinvestment_rate": -2.51,
            "research_to_sale_ratio": null,
            "price_fair": 43.68,
            "eps_avg_yearly": 1.25,
            "eps_latest_yearly": 1,
            "eps_growth_yearly": 397.05
        },
        "20081": {
            "year_quarter": 20081,
            "year": 2008,
            "quarter": 1,
            "eps": 0.28,
            "eps_growth_year": 16.67,
            "eps_4q": 1.34,
            "eps_4q_growth_year": 10.08,
            "roe": 2.26,
            "roe_4q": 10.899999999999999,
            "gross_profit": 78830,
            "gross_margin": 23.97,
            "gross_margin_4q_avg": 22.3,
            "net_income": 9619,
            "net_income_4q": null,
            "revenue": 328826,
            "revenue_4q": null,
            "common_shares": 351807,
            "book_valuer_per_share": 11.99,
            "book_valuer_per_share_4q_avg": 12.12,
            "equity": 421981,
            "current_ratio": 122.83,
            "debt_ratio": 57.13,
            "inventory_turnover_ratio": 1.2,
            "account_receivable_turnover_ratio": null,
            "reinvestment_rate": 15.47,
            "research_to_sale_ratio": null,
            "price_fair": 43.4,
            "eps_avg_yearly": 1.24,
            "eps_latest_yearly": 1.12,
            "eps_growth_yearly": 375.24
        },
        "20082": {
            "year_quarter": 20082,
            "year": 2008,
            "quarter": 2,
            "eps": 0.01,
            "eps_growth_year": -97.5,
            "eps_4q": 0.92,
            "eps_4q_growth_year": -19.48,
            "roe": 0.05,
            "roe_4q": 7.66,
            "gross_profit": 61069,
            "gross_margin": 20.14,
            "gross_margin_4q_avg": 22.43,
            "net_income": 203,
            "net_income_4q": null,
            "revenue": 303179,
            "revenue_4q": null,
            "common_shares": 351807,
            "book_valuer_per_share": 11.19,
            "book_valuer_per_share_4q_avg": 11.88,
            "equity": 393796,
            "current_ratio": 119.04,
            "debt_ratio": 57.29,
            "inventory_turnover_ratio": 1.1,
            "account_receivable_turnover_ratio": null,
            "reinvestment_rate": 17.9,
            "research_to_sale_ratio": null,
            "price_fair": 40.78,
            "eps_avg_yearly": 1.17,
            "eps_latest_yearly": 0.04,
            "eps_growth_yearly": 340.9
        },
        "20083": {
            "year_quarter": 20083,
            "year": 2008,
            "quarter": 3,
            "eps": -0.05,
            "eps_growth_year": -112.5,
            "eps_4q": 0.46,
            "eps_4q_growth_year": -59.27,
            "roe": -0.45,
            "roe_4q": 3.88,
            "gross_profit": 55340,
            "gross_margin": 20.94,
            "gross_margin_4q_avg": 21.77,
            "net_income": -1739,
            "net_income_4q": null,
            "revenue": 264264,
            "revenue_4q": null,
            "common_shares": 366199,
            "book_valuer_per_share": 10.48,
            "book_valuer_per_share_4q_avg": 11.47,
            "equity": 383790,
            "current_ratio": 106.38,
            "debt_ratio": 59.34,
            "inventory_turnover_ratio": 0.97,
            "account_receivable_turnover_ratio": null,
            "reinvestment_rate": 14.5,
            "research_to_sale_ratio": null,
            "price_fair": 43.12,
            "eps_avg_yearly": 1.23,
            "eps_latest_yearly": 0.04,
            "eps_growth_yearly": 386.86
        },
        "20084": {
            "year_quarter": 20084,
            "year": 2008,
            "quarter": 4,
            "eps": -0.22,
            "eps_growth_year": -188,
            "eps_4q": 0,
            "eps_4q_growth_year": -99.67,
            "roe": -2.08,
            "roe_4q": -0.22000000000000064,
            "gross_profit": 48718,
            "gross_margin": 19.51,
            "gross_margin_4q_avg": 21.14,
            "net_income": -7928,
            "net_income_4q": null,
            "revenue": 249757,
            "revenue_4q": null,
            "common_shares": 366199,
            "book_valuer_per_share": 10.3,
            "book_valuer_per_share_4q_avg": 10.99,
            "equity": 377184,
            "current_ratio": 111.89,
            "debt_ratio": 61.27,
            "inventory_turnover_ratio": 0.93,
            "account_receivable_turnover_ratio": 1.73,
            "reinvestment_rate": -2.3,
            "research_to_sale_ratio": null,
            "price_fair": 42.2,
            "eps_avg_yearly": 1.21,
            "eps_latest_yearly": 0.04,
            "eps_growth_yearly": 157.35
        },
        "20091": {
            "year_quarter": 20091,
            "year": 2009,
            "quarter": 1,
            "eps": -0.35,
            "eps_growth_year": -225,
            "eps_4q": -0.59,
            "eps_4q_growth_year": -143.97,
            "roe": -3.25,
            "roe_4q": -5.73,
            "gross_profit": 40071,
            "gross_margin": 14.72,
            "gross_margin_4q_avg": 18.83,
            "net_income": -12071,
            "net_income_4q": null,
            "revenue": 272130,
            "revenue_4q": null,
            "common_shares": 366199,
            "book_valuer_per_share": 9.97,
            "book_valuer_per_share_4q_avg": 10.49,
            "equity": 365266,
            "current_ratio": 109.32,
            "debt_ratio": 61.55,
            "inventory_turnover_ratio": 1.12,
            "account_receivable_turnover_ratio": 0.95,
            "reinvestment_rate": 12.2,
            "research_to_sale_ratio": null,
            "price_fair": 42.86,
            "eps_avg_yearly": 1.22,
            "eps_latest_yearly": 0.04,
            "eps_growth_yearly": 181.76
        },
        "20092": {
            "year_quarter": 20092,
            "year": 2009,
            "quarter": 2,
            "eps": -0.18,
            "eps_growth_year": -1900,
            "eps_4q": -0.77,
            "eps_4q_growth_year": -183.15,
            "roe": -1.75,
            "roe_4q": -7.53,
            "gross_profit": 52130,
            "gross_margin": 18.54,
            "gross_margin_4q_avg": 18.43,
            "net_income": -6340,
            "net_income_4q": null,
            "revenue": 281113,
            "revenue_4q": null,
            "common_shares": 366199,
            "book_valuer_per_share": 9.79,
            "book_valuer_per_share_4q_avg": 10.14,
            "equity": 358619,
            "current_ratio": 115.39,
            "debt_ratio": 60.98,
            "inventory_turnover_ratio": 1.22,
            "account_receivable_turnover_ratio": 1.01,
            "reinvestment_rate": 26.66,
            "research_to_sale_ratio": null,
            "price_fair": 41.65,
            "eps_avg_yearly": 1.19,
            "eps_latest_yearly": 0.04,
            "eps_growth_yearly": 173.29
        },
        "20093": {
            "year_quarter": 20093,
            "year": 2009,
            "quarter": 3,
            "eps": 0.02,
            "eps_growth_year": null,
            "eps_4q": -0.59,
            "eps_4q_growth_year": -228.23,
            "roe": 0.24,
            "roe_4q": -6.84,
            "gross_profit": 66314,
            "gross_margin": 21.57,
            "gross_margin_4q_avg": 18.59,
            "net_income": 869,
            "net_income_4q": null,
            "revenue": 307429,
            "revenue_4q": null,
            "common_shares": 366199,
            "book_valuer_per_share": 10.26,
            "book_valuer_per_share_4q_avg": 10.08,
            "equity": 375623,
            "current_ratio": 139.57,
            "debt_ratio": 61.09,
            "inventory_turnover_ratio": 1.41,
            "account_receivable_turnover_ratio": 1.09,
            "reinvestment_rate": 62.67,
            "research_to_sale_ratio": null,
            "price_fair": 40.22,
            "eps_avg_yearly": 1.15,
            "eps_latest_yearly": 0.04,
            "eps_growth_yearly": 189.05
        },
        "20094": {
            "year_quarter": 20094,
            "year": 2009,
            "quarter": 4,
            "eps": 0.28,
            "eps_growth_year": null,
            "eps_4q": -0.21,
            "eps_4q_growth_year": -5076.16,
            "roe": 2.55,
            "roe_4q": -2.21,
            "gross_profit": 64586,
            "gross_margin": 18.68,
            "gross_margin_4q_avg": 18.38,
            "net_income": 9876,
            "net_income_4q": null,
            "revenue": 345792,
            "revenue_4q": null,
            "common_shares": 381677,
            "book_valuer_per_share": 10.98,
            "book_valuer_per_share_4q_avg": 10.25,
            "equity": 399680,
            "current_ratio": 129.84,
            "debt_ratio": 61.97,
            "inventory_turnover_ratio": 1.58,
            "account_receivable_turnover_ratio": 2.09,
            "reinvestment_rate": 80.6,
            "research_to_sale_ratio": null,
            "price_fair": 37.29,
            "eps_avg_yearly": 1.07,
            "eps_latest_yearly": 1.12,
            "eps_growth_yearly": 652.9
        },
        "20101": {
            "year_quarter": 20101,
            "year": 2010,
            "quarter": 1,
            "eps": 0.36,
            "eps_growth_year": null,
            "eps_4q": 0.43,
            "eps_4q_growth_year": null,
            "roe": 3.13,
            "roe_4q": 4.17,
            "gross_profit": 90499,
            "gross_margin": 23.32,
            "gross_margin_4q_avg": 20.53,
            "net_income": 13434,
            "net_income_4q": null,
            "revenue": 387991,
            "revenue_4q": null,
            "common_shares": 381677,
            "book_valuer_per_share": 12.57,
            "book_valuer_per_share_4q_avg": 10.9,
            "equity": 457381,
            "current_ratio": 128.42,
            "debt_ratio": 58.5,
            "inventory_turnover_ratio": 1.37,
            "account_receivable_turnover_ratio": 1.09,
            "reinvestment_rate": 82.61,
            "research_to_sale_ratio": 4.73,
            "price_fair": 40.98,
            "eps_avg_yearly": 1.17,
            "eps_latest_yearly": 1.44,
            "eps_growth_yearly": 694.67
        },
        "20102": {
            "year_quarter": 20102,
            "year": 2010,
            "quarter": 2,
            "eps": 0.24,
            "eps_growth_year": null,
            "eps_4q": 0.81,
            "eps_4q_growth_year": null,
            "roe": 2.13,
            "roe_4q": 8.049999999999999,
            "gross_profit": 79796,
            "gross_margin": 18.86,
            "gross_margin_4q_avg": 20.61,
            "net_income": 9947,
            "net_income_4q": null,
            "revenue": 422999,
            "revenue_4q": null,
            "common_shares": 438112,
            "book_valuer_per_share": 11.31,
            "book_valuer_per_share_4q_avg": 11.28,
            "equity": 475355,
            "current_ratio": 119.89,
            "debt_ratio": 61.08,
            "inventory_turnover_ratio": 1.43,
            "account_receivable_turnover_ratio": 1.07,
            "reinvestment_rate": 88.39,
            "research_to_sale_ratio": 4.67,
            "price_fair": 37.93,
            "eps_avg_yearly": 1.08,
            "eps_latest_yearly": 0.96,
            "eps_growth_yearly": 469.56
        },
        "20103": {
            "year_quarter": 20103,
            "year": 2010,
            "quarter": 3,
            "eps": 0.3,
            "eps_growth_year": 1380.79,
            "eps_4q": 1.01,
            "eps_4q_growth_year": null,
            "roe": 2.68,
            "roe_4q": 10.49,
            "gross_profit": 90761,
            "gross_margin": 22.45,
            "gross_margin_4q_avg": 20.83,
            "net_income": 13752,
            "net_income_4q": null,
            "revenue": 404234,
            "revenue_4q": null,
            "common_shares": 470546,
            "book_valuer_per_share": 11.86,
            "book_valuer_per_share_4q_avg": 11.68,
            "equity": 550525,
            "current_ratio": 123.44,
            "debt_ratio": 56.16,
            "inventory_turnover_ratio": 1.18,
            "account_receivable_turnover_ratio": 1.04,
            "reinvestment_rate": 106.18,
            "research_to_sale_ratio": 4.79,
            "price_fair": 36.4,
            "eps_avg_yearly": 1.04,
            "eps_latest_yearly": 1.2,
            "eps_growth_yearly": 483.19
        },
        "20104": {
            "year_quarter": 20104,
            "year": 2010,
            "quarter": 4,
            "eps": 0.03,
            "eps_growth_year": -87.63,
            "eps_4q": 0.83,
            "eps_4q_growth_year": null,
            "roe": 0.29,
            "roe_4q": 8.23,
            "gross_profit": 75651,
            "gross_margin": 18.42,
            "gross_margin_4q_avg": 20.76,
            "net_income": 1618,
            "net_income_4q": null,
            "revenue": 410648,
            "revenue_4q": null,
            "common_shares": 470546,
            "book_valuer_per_share": 12.18,
            "book_valuer_per_share_4q_avg": 11.98,
            "equity": 565687,
            "current_ratio": 176.04,
            "debt_ratio": 58.54,
            "inventory_turnover_ratio": 1.22,
            "account_receivable_turnover_ratio": 1.17,
            "reinvestment_rate": 69.54,
            "research_to_sale_ratio": 5.73,
            "price_fair": 35.51,
            "eps_avg_yearly": 1.01,
            "eps_latest_yearly": 0.12,
            "eps_growth_yearly": 478.17
        },
        "20111": {
            "year_quarter": 20111,
            "year": 2011,
            "quarter": 1,
            "eps": 0.11,
            "eps_growth_year": -69.44,
            "eps_4q": 0.65,
            "eps_4q_growth_year": 50.06,
            "roe": 0.91,
            "roe_4q": 6.01,
            "gross_profit": 85276,
            "gross_margin": 19.68,
            "gross_margin_4q_avg": 19.85,
            "net_income": 5223,
            "net_income_4q": null,
            "revenue": 433343,
            "revenue_4q": null,
            "common_shares": 476472,
            "book_valuer_per_share": 12.27,
            "book_valuer_per_share_4q_avg": 11.91,
            "equity": 577201,
            "current_ratio": 158.85,
            "debt_ratio": 61.14,
            "inventory_turnover_ratio": 1.21,
            "account_receivable_turnover_ratio": 1.22,
            "reinvestment_rate": 131.5,
            "research_to_sale_ratio": 4.19,
            "price_fair": 33.85,
            "eps_avg_yearly": 0.97,
            "eps_latest_yearly": 0.44,
            "eps_growth_yearly": 524.23
        },
        "20112": {
            "year_quarter": 20112,
            "year": 2011,
            "quarter": 2,
            "eps": 0.03,
            "eps_growth_year": -87.64,
            "eps_4q": 0.46,
            "eps_4q_growth_year": -43.16,
            "roe": 0.24,
            "roe_4q": 4.12,
            "gross_profit": 84623,
            "gross_margin": 16.87,
            "gross_margin_4q_avg": 19.36,
            "net_income": 1393,
            "net_income_4q": null,
            "revenue": 501586,
            "revenue_4q": null,
            "common_shares": 476472,
            "book_valuer_per_share": 11.91,
            "book_valuer_per_share_4q_avg": 12.06,
            "equity": 567528,
            "current_ratio": 155.38,
            "debt_ratio": 64.07,
            "inventory_turnover_ratio": 1.34,
            "account_receivable_turnover_ratio": 1.23,
            "reinvestment_rate": 162.64,
            "research_to_sale_ratio": 3.81,
            "price_fair": 29.15,
            "eps_avg_yearly": 0.83,
            "eps_latest_yearly": 0.12,
            "eps_growth_yearly": 473.55
        },
        "20113": {
            "year_quarter": 20113,
            "year": 2011,
            "quarter": 3,
            "eps": 0.28,
            "eps_growth_year": -5.68,
            "eps_4q": 0.45,
            "eps_4q_growth_year": -55.34,
            "roe": 2.31,
            "roe_4q": 3.75,
            "gross_profit": 92549,
            "gross_margin": 20.71,
            "gross_margin_4q_avg": 18.92,
            "net_income": 13309,
            "net_income_4q": null,
            "revenue": 446919,
            "revenue_4q": null,
            "common_shares": 476472,
            "book_valuer_per_share": 12.24,
            "book_valuer_per_share_4q_avg": 12.15,
            "equity": 583066,
            "current_ratio": 140.8,
            "debt_ratio": 65.87,
            "inventory_turnover_ratio": 1.07,
            "account_receivable_turnover_ratio": 1.03,
            "reinvestment_rate": 170.55,
            "research_to_sale_ratio": 3.43,
            "price_fair": 27.62,
            "eps_avg_yearly": 0.79,
            "eps_latest_yearly": 1.12,
            "eps_growth_yearly": 776.58
        },
        "20114": {
            "year_quarter": 20114,
            "year": 2011,
            "quarter": 4,
            "eps": -0.2,
            "eps_growth_year": -691.68,
            "eps_4q": 0.21,
            "eps_4q_growth_year": -74.13,
            "roe": -1.68,
            "roe_4q": 1.7800000000000002,
            "gross_profit": 93854,
            "gross_margin": 18.36,
            "gross_margin_4q_avg": 18.91,
            "net_income": -9734,
            "net_income_4q": null,
            "revenue": 511310,
            "revenue_4q": null,
            "common_shares": 476472,
            "book_valuer_per_share": 12.07,
            "book_valuer_per_share_4q_avg": 12.12,
            "equity": 573266,
            "current_ratio": 131.78,
            "debt_ratio": 66.14,
            "inventory_turnover_ratio": 1.22,
            "account_receivable_turnover_ratio": 1.18,
            "reinvestment_rate": 290.78,
            "research_to_sale_ratio": 3.12,
            "price_fair": 26.88,
            "eps_avg_yearly": 0.77,
            "eps_latest_yearly": 1.12,
            "eps_growth_yearly": 869.23
        },
        "20121": {
            "year_quarter": 20121,
            "year": 2012,
            "quarter": 1,
            "eps": 0.1,
            "eps_growth_year": -9.09,
            "eps_4q": 0.21,
            "eps_4q_growth_year": -68.04,
            "roe": 0.85,
            "roe_4q": 1.72,
            "gross_profit": 95826,
            "gross_margin": 18.02,
            "gross_margin_4q_avg": 18.49,
            "net_income": 4889,
            "net_income_4q": null,
            "revenue": 531889,
            "revenue_4q": null,
            "common_shares": 476472,
            "book_valuer_per_share": 12.12,
            "book_valuer_per_share_4q_avg": 12.09,
            "equity": 575495,
            "current_ratio": 134.76,
            "debt_ratio": 67.85,
            "inventory_turnover_ratio": 1.29,
            "account_receivable_turnover_ratio": 1.13,
            "reinvestment_rate": 307.14,
            "research_to_sale_ratio": 3.45,
            "price_fair": 25.51,
            "eps_avg_yearly": 0.73,
            "eps_latest_yearly": 1.12,
            "eps_growth_yearly": 960.48
        },
        "20122": {
            "year_quarter": 20122,
            "year": 2012,
            "quarter": 2,
            "eps": -0.04,
            "eps_growth_year": -234.74,
            "eps_4q": 0.14,
            "eps_4q_growth_year": -69.92,
            "roe": -0.33,
            "roe_4q": 1.1500000000000001,
            "gross_profit": 91780,
            "gross_margin": 15.73,
            "gross_margin_4q_avg": 18.21,
            "net_income": -1871,
            "net_income_4q": null,
            "revenue": 583322,
            "revenue_4q": null,
            "common_shares": 476472,
            "book_valuer_per_share": 12.09,
            "book_valuer_per_share_4q_avg": 12.13,
            "equity": 574006,
            "current_ratio": 132.07,
            "debt_ratio": 68.96,
            "inventory_turnover_ratio": 1.43,
            "account_receivable_turnover_ratio": 1.15,
            "reinvestment_rate": 269.46,
            "research_to_sale_ratio": 3.35,
            "price_fair": 28.53,
            "eps_avg_yearly": 0.82,
            "eps_latest_yearly": 1.12,
            "eps_growth_yearly": 1128.76
        },
        "20123": {
            "year_quarter": 20123,
            "year": 2012,
            "quarter": 3,
            "eps": -0.05,
            "eps_growth_year": -118.3,
            "eps_4q": -0.19,
            "eps_4q_growth_year": -142.58,
            "roe": -0.42,
            "roe_4q": -1.58,
            "gross_profit": 107477,
            "gross_margin": 21.72,
            "gross_margin_4q_avg": 18.46,
            "net_income": -2428,
            "net_income_4q": null,
            "revenue": 494723,
            "revenue_4q": null,
            "common_shares": 476472,
            "book_valuer_per_share": 12,
            "book_valuer_per_share_4q_avg": 12.07,
            "equity": 570146,
            "current_ratio": 133.9,
            "debt_ratio": 67.57,
            "inventory_turnover_ratio": 1.11,
            "account_receivable_turnover_ratio": 1.11,
            "reinvestment_rate": 251.67,
            "research_to_sale_ratio": 3.67,
            "price_fair": 28.53,
            "eps_avg_yearly": 0.82,
            "eps_latest_yearly": 1.12,
            "eps_growth_yearly": 1128.76
        },
        "20124": {
            "year_quarter": 20124,
            "year": 2012,
            "quarter": 4,
            "eps": 0.19,
            "eps_growth_year": null,
            "eps_4q": 0.2,
            "eps_4q_growth_year": -6.39,
            "roe": 1.55,
            "roe_4q": 1.65,
            "gross_profit": 111947,
            "gross_margin": 20.83,
            "gross_margin_4q_avg": 19.08,
            "net_income": 8946,
            "net_income_4q": null,
            "revenue": 537374,
            "revenue_4q": null,
            "common_shares": 476472,
            "book_valuer_per_share": 12.27,
            "book_valuer_per_share_4q_avg": 12.12,
            "equity": 582724,
            "current_ratio": 135.83,
            "debt_ratio": 67.16,
            "inventory_turnover_ratio": 1.13,
            "account_receivable_turnover_ratio": 1.27,
            "reinvestment_rate": 142.74,
            "research_to_sale_ratio": 3.62,
            "price_fair": 28.53,
            "eps_avg_yearly": 0.82,
            "eps_latest_yearly": 1.12,
            "eps_growth_yearly": 1128.76
        },
        "20131": {
            "year_quarter": 20131,
            "year": 2013,
            "quarter": 1,
            "eps": 0.16,
            "eps_growth_year": 60,
            "eps_4q": 0.26,
            "eps_4q_growth_year": 24.72,
            "roe": 1.31,
            "roe_4q": 2.1100000000000003,
            "gross_profit": 108372,
            "gross_margin": 20.54,
            "gross_margin_4q_avg": 19.71,
            "net_income": 7647,
            "net_income_4q": null,
            "revenue": 527570,
            "revenue_4q": null,
            "common_shares": 476472,
            "book_valuer_per_share": 12.25,
            "book_valuer_per_share_4q_avg": 12.15,
            "equity": 581723,
            "current_ratio": 131,
            "debt_ratio": 69.2,
            "inventory_turnover_ratio": 1.03,
            "account_receivable_turnover_ratio": 1.09,
            "reinvestment_rate": 55.81,
            "research_to_sale_ratio": 3.9,
            "price_fair": 27.84,
            "eps_avg_yearly": 0.8,
            "eps_latest_yearly": 0.64,
            "eps_growth_yearly": 996.32
        },
        "20132": {
            "year_quarter": 20132,
            "year": 2013,
            "quarter": 2,
            "eps": 0.1,
            "eps_growth_year": null,
            "eps_4q": 0.4,
            "eps_4q_growth_year": 188.32,
            "roe": 0.83,
            "roe_4q": 3.2700000000000005,
            "gross_profit": 98296,
            "gross_margin": 20.67,
            "gross_margin_4q_avg": 20.94,
            "net_income": 4844,
            "net_income_4q": null,
            "revenue": 475660,
            "revenue_4q": null,
            "common_shares": 476472,
            "book_valuer_per_share": 12.37,
            "book_valuer_per_share_4q_avg": 12.22,
            "equity": 587451,
            "current_ratio": 128.94,
            "debt_ratio": 65.36,
            "inventory_turnover_ratio": 0.94,
            "account_receivable_turnover_ratio": 0.95,
            "reinvestment_rate": 37.76,
            "research_to_sale_ratio": 4.34,
            "price_fair": 26.46,
            "eps_avg_yearly": 0.76,
            "eps_latest_yearly": 0.4,
            "eps_growth_yearly": 881.69
        },
        "20133": {
            "year_quarter": 20133,
            "year": 2013,
            "quarter": 3,
            "eps": -0.2,
            "eps_growth_year": null,
            "eps_4q": 0.25,
            "eps_4q_growth_year": null,
            "roe": -1.65,
            "roe_4q": 2.04,
            "gross_profit": 97191,
            "gross_margin": 21.93,
            "gross_margin_4q_avg": 20.99,
            "net_income": -9662,
            "net_income_4q": null,
            "revenue": 443223,
            "revenue_4q": null,
            "common_shares": 476472,
            "book_valuer_per_share": 12.27,
            "book_valuer_per_share_4q_avg": 12.29,
            "equity": 582662,
            "current_ratio": 160.43,
            "debt_ratio": 65.77,
            "inventory_turnover_ratio": 0.92,
            "account_receivable_turnover_ratio": 0.96,
            "reinvestment_rate": 16.75,
            "research_to_sale_ratio": 4.87,
            "price_fair": 26.46,
            "eps_avg_yearly": 0.76,
            "eps_latest_yearly": 0.4,
            "eps_growth_yearly": 881.69
        },
        "20134": {
            "year_quarter": 20134,
            "year": 2013,
            "quarter": 4,
            "eps": 0.15,
            "eps_growth_year": -18.06,
            "eps_4q": 0.21,
            "eps_4q_growth_year": 6.53,
            "roe": 1.25,
            "roe_4q": 1.7400000000000002,
            "gross_profit": 120717,
            "gross_margin": 20.91,
            "gross_margin_4q_avg": 21.01,
            "net_income": 7330,
            "net_income_4q": null,
            "revenue": 577187,
            "revenue_4q": null,
            "common_shares": 476472,
            "book_valuer_per_share": 12.45,
            "book_valuer_per_share_4q_avg": 12.34,
            "equity": 591394,
            "current_ratio": 145.23,
            "debt_ratio": 67.38,
            "inventory_turnover_ratio": 1.19,
            "account_receivable_turnover_ratio": 1.23,
            "reinvestment_rate": -37.73,
            "research_to_sale_ratio": 4.25,
            "price_fair": 25.04,
            "eps_avg_yearly": 0.72,
            "eps_latest_yearly": 0.4,
            "eps_growth_yearly": 401.88
        },
        "20141": {
            "year_quarter": 20141,
            "year": 2014,
            "quarter": 1,
            "eps": -0.11,
            "eps_growth_year": -168.75,
            "eps_4q": -0.06,
            "eps_4q_growth_year": -123.33,
            "roe": -0.91,
            "roe_4q": -0.4800000000000001,
            "gross_profit": 95985,
            "gross_margin": 20.81,
            "gross_margin_4q_avg": 21.08,
            "net_income": -5380,
            "net_income_4q": null,
            "revenue": 461269,
            "revenue_4q": null,
            "common_shares": 476472,
            "book_valuer_per_share": 12.39,
            "book_valuer_per_share_4q_avg": 12.37,
            "equity": 588338,
            "current_ratio": 133.71,
            "debt_ratio": 68.77,
            "inventory_turnover_ratio": 0.84,
            "account_receivable_turnover_ratio": 0.89,
            "reinvestment_rate": 114.89,
            "research_to_sale_ratio": 5.3,
            "price_fair": 21.88,
            "eps_avg_yearly": 0.63,
            "eps_latest_yearly": 0.4,
            "eps_growth_yearly": 437.82
        },
        "20142": {
            "year_quarter": 20142,
            "year": 2014,
            "quarter": 2,
            "eps": 0.5,
            "eps_growth_year": 400,
            "eps_4q": 0.33,
            "eps_4q_growth_year": -17.28,
            "roe": 3.92,
            "roe_4q": 2.61,
            "gross_profit": 141534,
            "gross_margin": 22.11,
            "gross_margin_4q_avg": 21.44,
            "net_income": 23758,
            "net_income_4q": null,
            "revenue": 640060,
            "revenue_4q": null,
            "common_shares": 476472,
            "book_valuer_per_share": 13.15,
            "book_valuer_per_share_4q_avg": 12.57,
            "equity": 624729,
            "current_ratio": 133.68,
            "debt_ratio": 68.34,
            "inventory_turnover_ratio": 1.06,
            "account_receivable_turnover_ratio": 1.08,
            "reinvestment_rate": 95.17,
            "research_to_sale_ratio": 4.26,
            "price_fair": 20.2,
            "eps_avg_yearly": 0.58,
            "eps_latest_yearly": 0.4,
            "eps_growth_yearly": 519.42
        },
        "20143": {
            "year_quarter": 20143,
            "year": 2014,
            "quarter": 3,
            "eps": 0.13,
            "eps_growth_year": null,
            "eps_4q": 0.64,
            "eps_4q_growth_year": 159.34,
            "roe": 0.97,
            "roe_4q": 5.2299999999999995,
            "gross_profit": 106700,
            "gross_margin": 18.96,
            "gross_margin_4q_avg": 20.7,
            "net_income": 6193,
            "net_income_4q": null,
            "revenue": 562682,
            "revenue_4q": null,
            "common_shares": 497686,
            "book_valuer_per_share": 13.09,
            "book_valuer_per_share_4q_avg": 12.77,
            "equity": 649347,
            "current_ratio": 137.51,
            "debt_ratio": 66.89,
            "inventory_turnover_ratio": 0.97,
            "account_receivable_turnover_ratio": 0.95,
            "reinvestment_rate": 84.53,
            "research_to_sale_ratio": 4.58,
            "price_fair": 16.8,
            "eps_avg_yearly": 0.48,
            "eps_latest_yearly": 0.52,
            "eps_growth_yearly": 462.85
        },
        "20144": {
            "year_quarter": 20144,
            "year": 2014,
            "quarter": 4,
            "eps": 0.07,
            "eps_growth_year": -54.55,
            "eps_4q": 0.57,
            "eps_4q_growth_year": 164.18,
            "roe": 0.53,
            "roe_4q": 4.51,
            "gross_profit": 112297,
            "gross_margin": 20.91,
            "gross_margin_4q_avg": 20.7,
            "net_income": 3482,
            "net_income_4q": null,
            "revenue": 537096,
            "revenue_4q": null,
            "common_shares": 497686,
            "book_valuer_per_share": 13.22,
            "book_valuer_per_share_4q_avg": 12.96,
            "equity": 655802,
            "current_ratio": 122.28,
            "debt_ratio": 65.54,
            "inventory_turnover_ratio": 0.91,
            "account_receivable_turnover_ratio": 1,
            "reinvestment_rate": -15.36,
            "research_to_sale_ratio": 5.1,
            "price_fair": 17.6,
            "eps_avg_yearly": 0.5,
            "eps_latest_yearly": 0.28,
            "eps_growth_yearly": 487.9
        },
        "20151": {
            "year_quarter": 20151,
            "year": 2015,
            "quarter": 1,
            "eps": 0.03,
            "eps_growth_year": null,
            "eps_4q": 0.67,
            "eps_4q_growth_year": null,
            "roe": 0.19,
            "roe_4q": 5.609999999999999,
            "gross_profit": 112163,
            "gross_margin": 20.14,
            "gross_margin_4q_avg": 20.53,
            "net_income": 1290,
            "net_income_4q": null,
            "revenue": 556880,
            "revenue_4q": null,
            "common_shares": 496472,
            "book_valuer_per_share": 13.73,
            "book_valuer_per_share_4q_avg": 13.3,
            "equity": 681634,
            "current_ratio": 124.72,
            "debt_ratio": 65.43,
            "inventory_turnover_ratio": 0.91,
            "account_receivable_turnover_ratio": 0.99,
            "reinvestment_rate": -50.93,
            "research_to_sale_ratio": 4.65,
            "price_fair": 16,
            "eps_avg_yearly": 0.46,
            "eps_latest_yearly": 0.12,
            "eps_growth_yearly": 302.87
        },
        "20152": {
            "year_quarter": 20152,
            "year": 2015,
            "quarter": 2,
            "eps": 0.17,
            "eps_growth_year": -66,
            "eps_4q": 0.38,
            "eps_4q_growth_year": 13.68,
            "roe": 1.32,
            "roe_4q": 3.01,
            "gross_profit": 112387,
            "gross_margin": 20.63,
            "gross_margin_4q_avg": 20.16,
            "net_income": 9018,
            "net_income_4q": null,
            "revenue": 544644,
            "revenue_4q": null,
            "common_shares": 496472,
            "book_valuer_per_share": 13.83,
            "book_valuer_per_share_4q_avg": 13.47,
            "equity": 686556,
            "current_ratio": 127.95,
            "debt_ratio": 63.21,
            "inventory_turnover_ratio": 0.89,
            "account_receivable_turnover_ratio": 0.97,
            "reinvestment_rate": -57.99,
            "research_to_sale_ratio": 4.76,
            "price_fair": 18.8,
            "eps_avg_yearly": 0.54,
            "eps_latest_yearly": 0.68,
            "eps_growth_yearly": 611.09
        },
        "20153": {
            "year_quarter": 20153,
            "year": 2015,
            "quarter": 3,
            "eps": 0.15,
            "eps_growth_year": 15.38,
            "eps_4q": 0.41,
            "eps_4q_growth_year": -36.89,
            "roe": 1.12,
            "roe_4q": 3.16,
            "gross_profit": 89309,
            "gross_margin": 18.97,
            "gross_margin_4q_avg": 20.16,
            "net_income": 7730,
            "net_income_4q": null,
            "revenue": 470867,
            "revenue_4q": null,
            "common_shares": 530972,
            "book_valuer_per_share": 13.12,
            "book_valuer_per_share_4q_avg": 13.48,
            "equity": 695792,
            "current_ratio": 128.18,
            "debt_ratio": 62.27,
            "inventory_turnover_ratio": 0.8,
            "account_receivable_turnover_ratio": 0.91,
            "reinvestment_rate": -67.22,
            "research_to_sale_ratio": 5.74,
            "price_fair": 16.2,
            "eps_avg_yearly": 0.46,
            "eps_latest_yearly": 0.6,
            "eps_growth_yearly": 128.18
        },
        "20154": {
            "year_quarter": 20154,
            "year": 2015,
            "quarter": 4,
            "eps": -0.14,
            "eps_growth_year": -300.89,
            "eps_4q": 0.2,
            "eps_4q_growth_year": -64.81,
            "roe": -1.08,
            "roe_4q": 1.55,
            "gross_profit": 93297,
            "gross_margin": 20.54,
            "gross_margin_4q_avg": 20.07,
            "net_income": -7481,
            "net_income_4q": null,
            "revenue": 454286,
            "revenue_4q": null,
            "common_shares": 530972,
            "book_valuer_per_share": 12.97,
            "book_valuer_per_share_4q_avg": 13.41,
            "equity": 688630,
            "current_ratio": 130.12,
            "debt_ratio": 61.21,
            "inventory_turnover_ratio": 0.74,
            "account_receivable_turnover_ratio": 0.87,
            "reinvestment_rate": -157.54,
            "research_to_sale_ratio": 5.16,
            "price_fair": 16.2,
            "eps_avg_yearly": 0.46,
            "eps_latest_yearly": 0.6,
            "eps_growth_yearly": 128.18
        },
        "20161": {
            "year_quarter": 20161,
            "year": 2016,
            "quarter": 1,
            "eps": 0.2,
            "eps_growth_year": 566.67,
            "eps_4q": 0.38,
            "eps_4q_growth_year": -44.18,
            "roe": 1.54,
            "roe_4q": 2.9000000000000004,
            "gross_profit": 111509,
            "gross_margin": 20.82,
            "gross_margin_4q_avg": 20.24,
            "net_income": 10680,
            "net_income_4q": null,
            "revenue": 535643,
            "revenue_4q": null,
            "common_shares": 530972,
            "book_valuer_per_share": 13.18,
            "book_valuer_per_share_4q_avg": 13.28,
            "equity": 699665,
            "current_ratio": 156.88,
            "debt_ratio": 63.45,
            "inventory_turnover_ratio": 0.85,
            "account_receivable_turnover_ratio": 0.94,
            "reinvestment_rate": -122,
            "research_to_sale_ratio": 4.6,
            "price_fair": 16.2,
            "eps_avg_yearly": 0.46,
            "eps_latest_yearly": 0.6,
            "eps_growth_yearly": 128.18
        },
        "20162": {
            "year_quarter": 20162,
            "year": 2016,
            "quarter": 2,
            "eps": 0.5,
            "eps_growth_year": 194.12,
            "eps_4q": 0.71,
            "eps_4q_growth_year": 87.51,
            "roe": 3.77,
            "roe_4q": 5.3500000000000005,
            "gross_profit": 138563,
            "gross_margin": 20.91,
            "gross_margin_4q_avg": 20.31,
            "net_income": 26541,
            "net_income_4q": null,
            "revenue": 662764,
            "revenue_4q": null,
            "common_shares": 530972,
            "book_valuer_per_share": 13.32,
            "book_valuer_per_share_4q_avg": 13.15,
            "equity": 707025,
            "current_ratio": 147.21,
            "debt_ratio": 66.65,
            "inventory_turnover_ratio": 1.01,
            "account_receivable_turnover_ratio": 0.96,
            "reinvestment_rate": -65.8,
            "research_to_sale_ratio": 3.77,
            "price_fair": 22.93,
            "eps_avg_yearly": 0.66,
            "eps_latest_yearly": 2,
            "eps_growth_yearly": 187.16
        },
        "20163": {
            "year_quarter": 20163,
            "year": 2016,
            "quarter": 3,
            "eps": 0.25,
            "eps_growth_year": 66.67,
            "eps_4q": 0.8,
            "eps_4q_growth_year": 97.09,
            "roe": 1.9,
            "roe_4q": 6.13,
            "gross_profit": 133753,
            "gross_margin": 22.6,
            "gross_margin_4q_avg": 21.22,
            "net_income": 13791,
            "net_income_4q": null,
            "revenue": 591793,
            "revenue_4q": null,
            "common_shares": 530972,
            "book_valuer_per_share": 13.96,
            "book_valuer_per_share_4q_avg": 13.36,
            "equity": 741007,
            "current_ratio": 157.09,
            "debt_ratio": 62.09,
            "inventory_turnover_ratio": 0.88,
            "account_receivable_turnover_ratio": 0.85,
            "reinvestment_rate": -56.09,
            "research_to_sale_ratio": 4.7,
            "price_fair": 24.27,
            "eps_avg_yearly": 0.69,
            "eps_latest_yearly": 1,
            "eps_growth_yearly": 144.14
        },
        "20164": {
            "year_quarter": 20164,
            "year": 2016,
            "quarter": 4,
            "eps": 0.08,
            "eps_growth_year": null,
            "eps_4q": 1.01,
            "eps_4q_growth_year": 409.44,
            "roe": 0.56,
            "roe_4q": 7.7700000000000005,
            "gross_profit": 119335,
            "gross_margin": 23.72,
            "gross_margin_4q_avg": 22.01,
            "net_income": 4121,
            "net_income_4q": null,
            "revenue": 503203,
            "revenue_4q": null,
            "common_shares": 544314,
            "book_valuer_per_share": 13.64,
            "book_valuer_per_share_4q_avg": 13.53,
            "equity": 742270,
            "current_ratio": 153.81,
            "debt_ratio": 64.77,
            "inventory_turnover_ratio": 0.71,
            "account_receivable_turnover_ratio": 0.84,
            "reinvestment_rate": 87.94,
            "research_to_sale_ratio": 5.3,
            "price_fair": 22.96,
            "eps_avg_yearly": 0.66,
            "eps_latest_yearly": 0.32,
            "eps_growth_yearly": 102.53
        },
        "20171": {
            "year_quarter": 20171,
            "year": 2017,
            "quarter": 1,
            "eps": 0.1,
            "eps_growth_year": -50,
            "eps_4q": 0.9,
            "eps_4q_growth_year": 138.93,
            "roe": 0.74,
            "roe_4q": 6.970000000000001,
            "gross_profit": 141205,
            "gross_margin": 22.52,
            "gross_margin_4q_avg": 22.44,
            "net_income": 5554,
            "net_income_4q": null,
            "revenue": 627058,
            "revenue_4q": null,
            "common_shares": 544314,
            "book_valuer_per_share": 14.11,
            "book_valuer_per_share_4q_avg": 13.76,
            "equity": 767766,
            "current_ratio": 160.27,
            "debt_ratio": 66.31,
            "inventory_turnover_ratio": 0.84,
            "account_receivable_turnover_ratio": 0.99,
            "reinvestment_rate": 131.74,
            "research_to_sale_ratio": 3.98,
            "price_fair": 22.12,
            "eps_avg_yearly": 0.63,
            "eps_latest_yearly": 0.4,
            "eps_growth_yearly": 118.84
        },
        "20172": {
            "year_quarter": 20172,
            "year": 2017,
            "quarter": 2,
            "eps": 0.66,
            "eps_growth_year": 32,
            "eps_4q": 1.07,
            "eps_4q_growth_year": 51.6,
            "roe": 4.79,
            "roe_4q": 7.99,
            "gross_profit": 159225,
            "gross_margin": 21.72,
            "gross_margin_4q_avg": 22.64,
            "net_income": 37100,
            "net_income_4q": null,
            "revenue": 733022,
            "revenue_4q": null,
            "common_shares": 564616,
            "book_valuer_per_share": 13.84,
            "book_valuer_per_share_4q_avg": 13.89,
            "equity": 781670,
            "current_ratio": 163.85,
            "debt_ratio": 65.92,
            "inventory_turnover_ratio": 0.99,
            "account_receivable_turnover_ratio": 1.01,
            "reinvestment_rate": 98.62,
            "research_to_sale_ratio": 3.41,
            "price_fair": 29.96,
            "eps_avg_yearly": 0.86,
            "eps_latest_yearly": 2.64,
            "eps_growth_yearly": 357.84
        },
        "20173": {
            "year_quarter": 20173,
            "year": 2017,
            "quarter": 3,
            "eps": 0.24,
            "eps_growth_year": -4,
            "eps_4q": 0.99,
            "eps_4q_growth_year": 23.68,
            "roe": 1.69,
            "roe_4q": 7.780000000000001,
            "gross_profit": 112430,
            "gross_margin": 20.04,
            "gross_margin_4q_avg": 22,
            "net_income": 13776,
            "net_income_4q": null,
            "revenue": 561088,
            "revenue_4q": null,
            "common_shares": 564616,
            "book_valuer_per_share": 15.1,
            "book_valuer_per_share_4q_avg": 14.17,
            "equity": 852808,
            "current_ratio": 171.59,
            "debt_ratio": 57.18,
            "inventory_turnover_ratio": 0.82,
            "account_receivable_turnover_ratio": 0.8,
            "reinvestment_rate": 106.84,
            "research_to_sale_ratio": 4.84,
            "price_fair": 30.29,
            "eps_avg_yearly": 0.87,
            "eps_latest_yearly": 0.96,
            "eps_growth_yearly": 302.17
        },
        "20174": {
            "year_quarter": 20174,
            "year": 2017,
            "quarter": 4,
            "eps": 0.06,
            "eps_growth_year": -26.13,
            "eps_4q": 0.96,
            "eps_4q_growth_year": -5.46,
            "roe": 0.41,
            "roe_4q": 7.630000000000001,
            "gross_profit": 99976,
            "gross_margin": 20.05,
            "gross_margin_4q_avg": 21.08,
            "net_income": 3500,
            "net_income_4q": null,
            "revenue": 498674,
            "revenue_4q": null,
            "common_shares": 616840,
            "book_valuer_per_share": 14.12,
            "book_valuer_per_share_4q_avg": 14.29,
            "equity": 870702,
            "current_ratio": 176.92,
            "debt_ratio": 55.03,
            "inventory_turnover_ratio": 0.74,
            "account_receivable_turnover_ratio": 0.81,
            "reinvestment_rate": 206.76,
            "research_to_sale_ratio": 5.21,
            "price_fair": 28.47,
            "eps_avg_yearly": 0.81,
            "eps_latest_yearly": 0.24,
            "eps_growth_yearly": 251.99
        },
        "20181": {
            "year_quarter": 20181,
            "year": 2018,
            "quarter": 1,
            "eps": -1.1,
            "eps_growth_year": -1200,
            "eps_4q": -0.27,
            "eps_4q_growth_year": -130.45,
            "roe": -8.43,
            "roe_4q": -1.54,
            "gross_profit": 67532,
            "gross_margin": 10.82,
            "gross_margin_4q_avg": 18.16,
            "net_income": -72686,
            "net_income_4q": null,
            "revenue": 623903,
            "revenue_4q": null,
            "common_shares": 669989,
            "book_valuer_per_share": 12.73,
            "book_valuer_per_share_4q_avg": 13.95,
            "equity": 853109,
            "current_ratio": 139.76,
            "debt_ratio": 60.35,
            "inventory_turnover_ratio": 1,
            "account_receivable_turnover_ratio": 1,
            "reinvestment_rate": 156.16,
            "research_to_sale_ratio": 4.35,
            "price_fair": 28.47,
            "eps_avg_yearly": 0.81,
            "eps_latest_yearly": 0.24,
            "eps_growth_yearly": 251.99
        },
        "20182": {
            "year_quarter": 20182,
            "year": 2018,
            "quarter": 2,
            "eps": 0.16,
            "eps_growth_year": -75.76,
            "eps_4q": -0.66,
            "eps_4q_growth_year": -161.94,
            "roe": 1.29,
            "roe_4q": -5.039999999999999,
            "gross_profit": 148774,
            "gross_margin": 21.46,
            "gross_margin_4q_avg": 18.09,
            "net_income": 10835,
            "net_income_4q": null,
            "revenue": 693178,
            "revenue_4q": null,
            "common_shares": 669989,
            "book_valuer_per_share": 12.38,
            "book_valuer_per_share_4q_avg": 13.58,
            "equity": 829529,
            "current_ratio": 132.19,
            "debt_ratio": 62.61,
            "inventory_turnover_ratio": 0.98,
            "account_receivable_turnover_ratio": 0.99,
            "reinvestment_rate": 201.29,
            "research_to_sale_ratio": 3.96,
            "price_fair": 28.47,
            "eps_avg_yearly": 0.81,
            "eps_latest_yearly": 0.24,
            "eps_growth_yearly": 251.99
        },
        "20183": {
            "year_quarter": 20183,
            "year": 2018,
            "quarter": 3,
            "eps": 0.12,
            "eps_growth_year": -50,
            "eps_4q": -0.75,
            "eps_4q_growth_year": -175.74,
            "roe": 0.95,
            "roe_4q": -5.779999999999999,
            "gross_profit": 137960,
            "gross_margin": 21.71,
            "gross_margin_4q_avg": 18.51,
            "net_income": 7914,
            "net_income_4q": null,
            "revenue": 635474,
            "revenue_4q": null,
            "common_shares": 672666,
            "book_valuer_per_share": 12.55,
            "book_valuer_per_share_4q_avg": 12.95,
            "equity": 844186,
            "current_ratio": 130.34,
            "debt_ratio": 62.55,
            "inventory_turnover_ratio": 0.82,
            "account_receivable_turnover_ratio": 0.87,
            "reinvestment_rate": 226.38,
            "research_to_sale_ratio": 4.91,
            "price_fair": 28.35,
            "eps_avg_yearly": 0.81,
            "eps_latest_yearly": 0.48,
            "eps_growth_yearly": 268.32
        },
        "20184": {
            "year_quarter": 20184,
            "year": 2018,
            "quarter": 4,
            "eps": 0.33,
            "eps_growth_year": 490.06,
            "eps_4q": -0.47,
            "eps_4q_growth_year": -148.57,
            "roe": 2.61,
            "roe_4q": -3.58,
            "gross_profit": 119635,
            "gross_margin": 18.75,
            "gross_margin_4q_avg": 18.19,
            "net_income": 22386,
            "net_income_4q": null,
            "revenue": 638067,
            "revenue_4q": null,
            "common_shares": 672666,
            "book_valuer_per_share": 12.91,
            "book_valuer_per_share_4q_avg": 12.64,
            "equity": 868722,
            "current_ratio": 150.37,
            "debt_ratio": 62.47,
            "inventory_turnover_ratio": 0.77,
            "account_receivable_turnover_ratio": 0.93,
            "reinvestment_rate": 299.32,
            "research_to_sale_ratio": 4.87,
            "price_fair": 31.38,
            "eps_avg_yearly": 0.9,
            "eps_latest_yearly": 1.32,
            "eps_growth_yearly": 342.04
        },
        "20191": {
            "year_quarter": 20191,
            "year": 2019,
            "quarter": 1,
            "eps": 0.23,
            "eps_growth_year": null,
            "eps_4q": 0.81,
            "eps_4q_growth_year": null,
            "roe": 1.77,
            "roe_4q": 6.62,
            "gross_profit": 121186,
            "gross_margin": 17.15,
            "gross_margin_4q_avg": 19.77,
            "net_income": 15655,
            "net_income_4q": null,
            "revenue": 706505,
            "revenue_4q": null,
            "common_shares": 672666,
            "book_valuer_per_share": 13.45,
            "book_valuer_per_share_4q_avg": 12.82,
            "equity": 905062,
            "current_ratio": 153.5,
            "debt_ratio": 62.58,
            "inventory_turnover_ratio": 0.86,
            "account_receivable_turnover_ratio": 1.05,
            "reinvestment_rate": 275.81,
            "research_to_sale_ratio": 4.41,
            "price_fair": 33.72,
            "eps_avg_yearly": 0.96,
            "eps_latest_yearly": 0.92,
            "eps_growth_yearly": 350.99
        },
        "20192": {
            "year_quarter": 20192,
            "year": 2019,
            "quarter": 2,
            "eps": 0.18,
            "eps_growth_year": 12.5,
            "eps_4q": 0.84,
            "eps_4q_growth_year": null,
            "roe": 1.41,
            "roe_4q": 6.739999999999999,
            "gross_profit": 145118,
            "gross_margin": 16.98,
            "gross_margin_4q_avg": 18.65,
            "net_income": 12851,
            "net_income_4q": null,
            "revenue": 854681,
            "revenue_4q": null,
            "common_shares": 697869,
            "book_valuer_per_share": 13.18,
            "book_valuer_per_share_4q_avg": 13.02,
            "equity": 919875,
            "current_ratio": 152.47,
            "debt_ratio": 61.88,
            "inventory_turnover_ratio": 1.11,
            "account_receivable_turnover_ratio": 1.2,
            "reinvestment_rate": 298.66,
            "research_to_sale_ratio": 3.64,
            "price_fair": 33.83,
            "eps_avg_yearly": 0.97,
            "eps_latest_yearly": 0.72,
            "eps_growth_yearly": 188.19
        },
        "20193": {
            "year_quarter": 20193,
            "year": 2019,
            "quarter": 3,
            "eps": 0.14,
            "eps_growth_year": 16.67,
            "eps_4q": 0.87,
            "eps_4q_growth_year": null,
            "roe": 1.04,
            "roe_4q": 6.83,
            "gross_profit": 127541,
            "gross_margin": 19.04,
            "gross_margin_4q_avg": 17.98,
            "net_income": 9677,
            "net_income_4q": null,
            "revenue": 669959,
            "revenue_4q": null,
            "common_shares": 697869,
            "book_valuer_per_share": 13.4,
            "book_valuer_per_share_4q_avg": 13.24,
            "equity": 935125,
            "current_ratio": 161.47,
            "debt_ratio": 60.13,
            "inventory_turnover_ratio": 0.89,
            "account_receivable_turnover_ratio": 0.94,
            "reinvestment_rate": 298.75,
            "research_to_sale_ratio": 4.64,
            "price_fair": 33.72,
            "eps_avg_yearly": 0.96,
            "eps_latest_yearly": 0.56,
            "eps_growth_yearly": 184.7
        },
        "20194": {
            "year_quarter": 20194,
            "year": 2019,
            "quarter": 4,
            "eps": 0.18,
            "eps_growth_year": -46.66,
            "eps_4q": 0.72,
            "eps_4q_growth_year": null,
            "roe": 1.31,
            "roe_4q": 5.529999999999999,
            "gross_profit": 140308,
            "gross_margin": 18.59,
            "gross_margin_4q_avg": 17.94,
            "net_income": 12284,
            "net_income_4q": null,
            "revenue": 754934,
            "revenue_4q": null,
            "common_shares": 697869,
            "book_valuer_per_share": 13.53,
            "book_valuer_per_share_4q_avg": 13.39,
            "equity": 944129,
            "current_ratio": 153.8,
            "debt_ratio": 61.38,
            "inventory_turnover_ratio": 0.96,
            "account_receivable_turnover_ratio": 1.1,
            "reinvestment_rate": 256.31,
            "research_to_sale_ratio": 4.49,
            "price_fair": 33.06,
            "eps_avg_yearly": 0.94,
            "eps_latest_yearly": 0.72,
            "eps_growth_yearly": 179.28
        },
        "20201": {
            "year_quarter": 20201,
            "year": 2020,
            "quarter": 1,
            "eps": 0.25,
            "eps_growth_year": 8.7,
            "eps_4q": 0.75,
            "eps_4q_growth_year": -8.32,
            "roe": 1.8,
            "roe_4q": 5.5600000000000005,
            "gross_profit": 112716,
            "gross_margin": 16.11,
            "gross_margin_4q_avg": 17.68,
            "net_income": 17172,
            "net_income_4q": null,
            "revenue": 699599,
            "revenue_4q": null,
            "common_shares": 697869,
            "book_valuer_per_share": 13.77,
            "book_valuer_per_share_4q_avg": 13.47,
            "equity": 959642,
            "current_ratio": 160.2,
            "debt_ratio": 60.77,
            "inventory_turnover_ratio": 0.88,
            "account_receivable_turnover_ratio": 1,
            "reinvestment_rate": 235.81,
            "research_to_sale_ratio": 4.52,
            "price_fair": 33.2,
            "eps_avg_yearly": 0.95,
            "eps_latest_yearly": 1,
            "eps_growth_yearly": 177.59
        },
        "20202": {
            "year_quarter": 20202,
            "year": 2020,
            "quarter": 2,
            "eps": 0.44,
            "eps_growth_year": 144.44,
            "eps_4q": 1.01,
            "eps_4q_growth_year": 19.53,
            "roe": 3.13,
            "roe_4q": 7.28,
            "gross_profit": 157329,
            "gross_margin": 16.59,
            "gross_margin_4q_avg": 17.58,
            "net_income": 30388,
            "net_income_4q": null,
            "revenue": 948111,
            "revenue_4q": null,
            "common_shares": 697869,
            "book_valuer_per_share": 14.22,
            "book_valuer_per_share_4q_avg": 13.73,
            "equity": 981222,
            "current_ratio": 152.18,
            "debt_ratio": 62.33,
            "inventory_turnover_ratio": 1.23,
            "account_receivable_turnover_ratio": 1.19,
            "reinvestment_rate": 234.21,
            "research_to_sale_ratio": 3.45,
            "price_fair": 32.6,
            "eps_avg_yearly": 0.93,
            "eps_latest_yearly": 1.76,
            "eps_growth_yearly": 156.45
        },
        "20203": {
            "year_quarter": 20203,
            "year": 2020,
            "quarter": 3,
            "eps": 0.67,
            "eps_growth_year": 378.57,
            "eps_4q": 1.54,
            "eps_4q_growth_year": 76.87,
            "roe": 4.59,
            "roe_4q": 10.83,
            "gross_profit": 159392,
            "gross_margin": 18.11,
            "gross_margin_4q_avg": 17.35,
            "net_income": 46108,
            "net_income_4q": null,
            "revenue": 880225,
            "revenue_4q": null,
            "common_shares": 697869,
            "book_valuer_per_share": 14.87,
            "book_valuer_per_share_4q_avg": 14.1,
            "equity": 1026103,
            "current_ratio": 157.76,
            "debt_ratio": 60.92,
            "inventory_turnover_ratio": 1.16,
            "account_receivable_turnover_ratio": 0.98,
            "reinvestment_rate": 210.18,
            "research_to_sale_ratio": 3.84,
            "price_fair": 36.8,
            "eps_avg_yearly": 1.05,
            "eps_latest_yearly": 2.68,
            "eps_growth_yearly": 185.67
        },
        "20204": {
            "year_quarter": 20204,
            "year": 2020,
            "quarter": 4,
            "eps": 0.66,
            "eps_growth_year": 276.44,
            "eps_4q": 2.02,
            "eps_4q_growth_year": 179.29,
            "roe": 4.36,
            "roe_4q": 13.879999999999999,
            "gross_profit": 176112,
            "gross_margin": 21.89,
            "gross_margin_4q_avg": 18.18,
            "net_income": 45734,
            "net_income_4q": null,
            "revenue": 804351,
            "revenue_4q": null,
            "common_shares": 697869,
            "book_valuer_per_share": 15.53,
            "book_valuer_per_share_4q_avg": 14.6,
            "equity": 1072049,
            "current_ratio": 159.52,
            "debt_ratio": 59.8,
            "inventory_turnover_ratio": 0.95,
            "account_receivable_turnover_ratio": 0.97,
            "reinvestment_rate": 105.35,
            "research_to_sale_ratio": 3.79,
            "price_fair": 42.6,
            "eps_avg_yearly": 1.22,
            "eps_latest_yearly": 2.64,
            "eps_growth_yearly": 204.67
        },
        "20211": {
            "year_quarter": 20211,
            "year": 2021,
            "quarter": 1,
            "eps": 0.74,
            "eps_growth_year": 196,
            "eps_4q": 2.51,
            "eps_4q_growth_year": 236.32,
            "roe": 4.87,
            "roe_4q": 16.95,
            "gross_profit": 175876,
            "gross_margin": 18.49,
            "gross_margin_4q_avg": 18.77,
            "net_income": 50951,
            "net_income_4q": null,
            "revenue": 951203,
            "revenue_4q": null,
            "common_shares": 697869,
            "book_valuer_per_share": 14.79,
            "book_valuer_per_share_4q_avg": 14.85,
            "equity": 1021026,
            "current_ratio": 139.86,
            "debt_ratio": 64.5,
            "inventory_turnover_ratio": 1.05,
            "account_receivable_turnover_ratio": 1.11,
            "reinvestment_rate": 90.16,
            "research_to_sale_ratio": 3.34,
            "price_fair": 49,
            "eps_avg_yearly": 1.4,
            "eps_latest_yearly": 2.96,
            "eps_growth_yearly": 200.99
        },
        "20212": {
            "year_quarter": 20212,
            "year": 2021,
            "quarter": 2,
            "eps": 0.72,
            "eps_growth_year": 63.64,
            "eps_4q": 2.79,
            "eps_4q_growth_year": 177.18,
            "roe": 4.77,
            "roe_4q": 18.59,
            "gross_profit": 185165,
            "gross_margin": 18.67,
            "gross_margin_4q_avg": 19.29,
            "net_income": 49904,
            "net_income_4q": null,
            "revenue": 992009,
            "revenue_4q": null,
            "common_shares": 697869,
            "book_valuer_per_share": 15.54,
            "book_valuer_per_share_4q_avg": 15.18,
            "equity": 1072919,
            "current_ratio": 141,
            "debt_ratio": 64.85,
            "inventory_turnover_ratio": 0.95,
            "account_receivable_turnover_ratio": 1.02,
            "reinvestment_rate": 87.33,
            "research_to_sale_ratio": 3.31,
            "price_fair": 49.6,
            "eps_avg_yearly": 1.42,
            "eps_latest_yearly": 2.88,
            "eps_growth_yearly": 40.22
        },
        "20213": {
            "year_quarter": 20213,
            "year": 2021,
            "quarter": 3,
            "eps": 0.72,
            "eps_growth_year": 7.46,
            "eps_4q": 2.84,
            "eps_4q_growth_year": 85.16,
            "roe": 4.44,
            "roe_4q": 18.44,
            "gross_profit": 177606,
            "gross_margin": 17.65,
            "gross_margin_4q_avg": 19.18,
            "net_income": 49592,
            "net_income_4q": null,
            "revenue": 1006494,
            "revenue_4q": null,
            "common_shares": 697869,
            "book_valuer_per_share": 16.79,
            "book_valuer_per_share_4q_avg": 15.66,
            "equity": 1158956,
            "current_ratio": 173.55,
            "debt_ratio": 64.1,
            "inventory_turnover_ratio": 0.86,
            "account_receivable_turnover_ratio": 1.05,
            "reinvestment_rate": 70.25,
            "research_to_sale_ratio": 4.01,
            "price_fair": 54.4,
            "eps_avg_yearly": 1.55,
            "eps_latest_yearly": 2.88,
            "eps_growth_yearly": 58.4
        },
        "20214": {
            "year_quarter": 20214,
            "year": 2021,
            "quarter": 4,
            "eps": 0.68,
            "eps_growth_year": 1.94,
            "eps_4q": 2.86,
            "eps_4q_growth_year": 41.37,
            "roe": 3.94,
            "roe_4q": 18.02,
            "gross_profit": 156883,
            "gross_margin": 15.94,
            "gross_margin_4q_avg": 17.69,
            "net_income": 46619,
            "net_income_4q": null,
            "revenue": 984075,
            "revenue_4q": null,
            "common_shares": 697869,
            "book_valuer_per_share": 17.5,
            "book_valuer_per_share_4q_avg": 16.16,
            "equity": 1207532,
            "current_ratio": 183.81,
            "debt_ratio": 60.53,
            "inventory_turnover_ratio": 0.85,
            "account_receivable_turnover_ratio": 1.08,
            "reinvestment_rate": 22.14,
            "research_to_sale_ratio": 3.54,
            "price_fair": 60.6,
            "eps_avg_yearly": 1.73,
            "eps_latest_yearly": 2.72,
            "eps_growth_yearly": 78.24
        },
        "20221": {
            "year_quarter": 20221,
            "year": 2022,
            "quarter": 1,
            "eps": 0.61,
            "eps_growth_year": -17.57,
            "eps_4q": 2.72,
            "eps_4q_growth_year": 8.35,
            "roe": 3.67,
            "roe_4q": 16.82,
            "gross_profit": 142836,
            "gross_margin": 15.19,
            "gross_margin_4q_avg": 16.86,
            "net_income": 42561,
            "net_income_4q": null,
            "revenue": 940467,
            "revenue_4q": null,
            "common_shares": 701669,
            "book_valuer_per_share": 16.04,
            "book_valuer_per_share_4q_avg": 16.47,
            "equity": 1113050,
            "current_ratio": 161.86,
            "debt_ratio": 63.99,
            "inventory_turnover_ratio": 0.82,
            "account_receivable_turnover_ratio": 1.03,
            "reinvestment_rate": 44.26,
            "research_to_sale_ratio": 4.28,
            "price_fair": 62.25,
            "eps_avg_yearly": 1.78,
            "eps_latest_yearly": 2.44,
            "eps_growth_yearly": 70.28
        },
        "20222": {
            "year_quarter": 20222,
            "year": 2022,
            "quarter": 2,
            "eps": 0.98,
            "eps_growth_year": 36.11,
            "eps_4q": 2.98,
            "eps_4q_growth_year": 6.59,
            "roe": 5.92,
            "roe_4q": 17.97,
            "gross_profit": 194505,
            "gross_margin": 18.61,
            "gross_margin_4q_avg": 16.85,
            "net_income": 67754,
            "net_income_4q": null,
            "revenue": 1044915,
            "revenue_4q": null,
            "common_shares": 701669,
            "book_valuer_per_share": 16.96,
            "book_valuer_per_share_4q_avg": 16.82,
            "equity": 1177149,
            "current_ratio": 169.7,
            "debt_ratio": 62.68,
            "inventory_turnover_ratio": 0.91,
            "account_receivable_turnover_ratio": 1.1,
            "reinvestment_rate": 34.57,
            "research_to_sale_ratio": 3.95,
            "price_fair": 66.94,
            "eps_avg_yearly": 1.91,
            "eps_latest_yearly": 3.92,
            "eps_growth_yearly": 81.05
        },
        "20223": {
            "year_quarter": 20223,
            "year": 2022,
            "quarter": 3,
            "eps": 0.79,
            "eps_growth_year": 9.72,
            "eps_4q": 3.05,
            "eps_4q_growth_year": 7.27,
            "roe": 4.54,
            "roe_4q": 18.07,
            "gross_profit": 162427,
            "gross_margin": 18.46,
            "gross_margin_4q_avg": 17.05,
            "net_income": 54662,
            "net_income_4q": null,
            "revenue": 880061,
            "revenue_4q": null,
            "common_shares": 701669,
            "book_valuer_per_share": 17.77,
            "book_valuer_per_share_4q_avg": 17.07,
            "equity": 1233105,
            "current_ratio": 191.51,
            "debt_ratio": 59.11,
            "inventory_turnover_ratio": 0.88,
            "account_receivable_turnover_ratio": 0.95,
            "reinvestment_rate": 35.38,
            "research_to_sale_ratio": 4.39,
            "price_fair": 72.8,
            "eps_avg_yearly": 2.08,
            "eps_latest_yearly": 3.16,
            "eps_growth_yearly": 82.45
        },
        "20224": {
            "year_quarter": 20224,
            "year": 2022,
            "quarter": 4,
            "eps": 0.42,
            "eps_growth_year": -37.19,
            "eps_4q": 2.8,
            "eps_4q_growth_year": -1.88,
            "roe": 2.35,
            "roe_4q": 16.48,
            "gross_profit": 162313,
            "gross_margin": 20.91,
            "gross_margin_4q_avg": 18.29,
            "net_income": 29444,
            "net_income_4q": null,
            "revenue": 776176,
            "revenue_4q": null,
            "common_shares": 701669,
            "book_valuer_per_share": 18.39,
            "book_valuer_per_share_4q_avg": 17.29,
            "equity": 1276293,
            "current_ratio": 187.6,
            "debt_ratio": 57.12,
            "inventory_turnover_ratio": 0.77,
            "account_receivable_turnover_ratio": 0.93,
            "reinvestment_rate": 23.97,
            "research_to_sale_ratio": 4.87,
            "price_fair": 73.59,
            "eps_avg_yearly": 2.1,
            "eps_latest_yearly": 1.68,
            "eps_growth_yearly": 26.99
        },
        "20231": {
            "year_quarter": 20231,
            "year": 2023,
            "quarter": 1,
            "eps": 0.27,
            "eps_growth_year": -55.74,
            "eps_4q": 2.45,
            "eps_4q_growth_year": -9.73,
            "roe": 1.53,
            "roe_4q": 14.34,
            "gross_profit": 136313,
            "gross_margin": 16.01,
            "gross_margin_4q_avg": 18.5,
            "net_income": 18464,
            "net_income_4q": null,
            "revenue": 851279,
            "revenue_4q": null,
            "common_shares": 701669,
            "book_valuer_per_share": 16.49,
            "book_valuer_per_share_4q_avg": 17.4,
            "equity": 1144519,
            "current_ratio": 164.02,
            "debt_ratio": 64.24,
            "inventory_turnover_ratio": 0.85,
            "account_receivable_turnover_ratio": 1,
            "reinvestment_rate": 35.69,
            "research_to_sale_ratio": 4.17,
            "price_fair": 73.94,
            "eps_avg_yearly": 2.11,
            "eps_latest_yearly": 1.08,
            "eps_growth_yearly": 25.64
        },
        "20232": {
            "year_quarter": 20232,
            "year": 2023,
            "quarter": 2,
            "eps": 0.75,
            "eps_growth_year": -23.47,
            "eps_4q": 2.19,
            "eps_4q_growth_year": -26.46,
            "roe": 4.38,
            "roe_4q": 12.8,
            "gross_profit": 173059,
            "gross_margin": 17.95,
            "gross_margin_4q_avg": 18.33,
            "net_income": 51908,
            "net_income_4q": null,
            "revenue": 963901,
            "revenue_4q": null,
            "common_shares": 713569,
            "book_valuer_per_share": 17.36,
            "book_valuer_per_share_4q_avg": 17.5,
            "equity": 1225769,
            "current_ratio": 152.06,
            "debt_ratio": 66.15,
            "inventory_turnover_ratio": 0.95,
            "account_receivable_turnover_ratio": 0.99,
            "reinvestment_rate": 43.93,
            "research_to_sale_ratio": 4.14,
            "price_fair": 78.93,
            "eps_avg_yearly": 2.26,
            "eps_latest_yearly": 3,
            "eps_growth_yearly": 75.52
        },
        "20233": {
            "year_quarter": 20233,
            "year": 2023,
            "quarter": 3,
            "eps": 0.93,
            "eps_growth_year": 17.72,
            "eps_4q": 2.26,
            "eps_4q_growth_year": -25.76,
            "roe": 5.13,
            "roe_4q": 13.389999999999999,
            "gross_profit": 196040,
            "gross_margin": 19.68,
            "gross_margin_4q_avg": 18.64,
            "net_income": 66861,
            "net_income_4q": null,
            "revenue": 996320,
            "revenue_4q": null,
            "common_shares": 743990,
            "book_valuer_per_share": 18.74,
            "book_valuer_per_share_4q_avg": 17.75,
            "equity": 1379755,
            "current_ratio": 164.17,
            "debt_ratio": 61.48,
            "inventory_turnover_ratio": 1,
            "account_receivable_turnover_ratio": 1.03,
            "reinvestment_rate": 40.83,
            "research_to_sale_ratio": 4.24,
            "price_fair": 85.84,
            "eps_avg_yearly": 2.45,
            "eps_latest_yearly": 3.72,
            "eps_growth_yearly": 87.08
        },
        "20234": {
            "year_quarter": 20234,
            "year": 2023,
            "quarter": 4,
            "eps": 2.05,
            "eps_growth_year": 382.14,
            "eps_4q": 3.86,
            "eps_4q_growth_year": 37.85,
            "roe": 10.47,
            "roe_4q": 21.51,
            "gross_profit": 97483,
            "gross_margin": 11.87,
            "gross_margin_4q_avg": 16.38,
            "net_income": 154557,
            "net_income_4q": null,
            "revenue": 821219,
            "revenue_4q": null,
            "common_shares": 763238,
            "book_valuer_per_share": 20.8,
            "book_valuer_per_share_4q_avg": 18.35,
            "equity": 1571392,
            "current_ratio": 172.71,
            "debt_ratio": 54.44,
            "inventory_turnover_ratio": 0.93,
            "account_receivable_turnover_ratio": 0.98,
            "reinvestment_rate": 35.18,
            "research_to_sale_ratio": 5.25,
            "price_fair": 102.2,
            "eps_avg_yearly": 2.92,
            "eps_latest_yearly": 8.2,
            "eps_growth_yearly": 110.04
        }
    },
    "months": {
        "2004-01": {
            "month": "2004-01",
            "price": "13.23",
            "revenue": 63671
        },
        "2004-02": {
            "month": "2004-02",
            "price": "14.43",
            "revenue": 80745
        },
        "2004-03": {
            "month": "2004-03",
            "price": "14.38",
            "revenue": 80932
        },
        "2004-04": {
            "month": "2004-04",
            "price": "15.80",
            "revenue": 79197
        },
        "2004-05": {
            "month": "2004-05",
            "price": "16.66",
            "revenue": 75044
        },
        "2004-06": {
            "month": "2004-06",
            "price": "17.06",
            "revenue": 86085
        },
        "2004-07": {
            "month": "2004-07",
            "price": "17.38",
            "revenue": 59924
        },
        "2004-08": {
            "month": "2004-08",
            "price": "16.28",
            "revenue": 72354
        },
        "2004-09": {
            "month": "2004-09",
            "price": "16.37",
            "revenue": 89528
        },
        "2004-10": {
            "month": "2004-10",
            "price": "16.85",
            "revenue": 106348
        },
        "2004-11": {
            "month": "2004-11",
            "price": "16.15",
            "revenue": 75110
        },
        "2004-12": {
            "month": "2004-12",
            "price": "15.39",
            "revenue": 68207
        },
        "2005-01": {
            "month": "2005-01",
            "price": "13.70",
            "revenue": 80698
        },
        "2005-02": {
            "month": "2005-02",
            "price": "13.53",
            "revenue": 62139
        },
        "2005-03": {
            "month": "2005-03",
            "price": "13.20",
            "revenue": 112211
        },
        "2005-04": {
            "month": "2005-04",
            "price": "13.58",
            "revenue": 101727
        },
        "2005-05": {
            "month": "2005-05",
            "price": "13.21",
            "revenue": 100867
        },
        "2005-06": {
            "month": "2005-06",
            "price": "13.15",
            "revenue": 80614
        },
        "2005-07": {
            "month": "2005-07",
            "price": "14.99",
            "revenue": 87683
        },
        "2005-08": {
            "month": "2005-08",
            "price": "15.37",
            "revenue": 79771
        },
        "2005-09": {
            "month": "2005-09",
            "price": "15.28",
            "revenue": 83870
        },
        "2005-10": {
            "month": "2005-10",
            "price": "14.63",
            "revenue": 76964
        },
        "2005-11": {
            "month": "2005-11",
            "price": "14.16",
            "revenue": 101744
        },
        "2005-12": {
            "month": "2005-12",
            "price": "14.85",
            "revenue": 106269
        },
        "2006-01": {
            "month": "2006-01",
            "price": "18.72",
            "revenue": 71466
        },
        "2006-02": {
            "month": "2006-02",
            "price": "21.89",
            "revenue": 52351
        },
        "2006-03": {
            "month": "2006-03",
            "price": "18.22",
            "revenue": 90490
        },
        "2006-04": {
            "month": "2006-04",
            "price": "17.24",
            "revenue": 117414
        },
        "2006-05": {
            "month": "2006-05",
            "price": "17.89",
            "revenue": 106983
        },
        "2006-06": {
            "month": "2006-06",
            "price": "16.15",
            "revenue": 80780
        },
        "2006-07": {
            "month": "2006-07",
            "price": "14.62",
            "revenue": 68111
        },
        "2006-08": {
            "month": "2006-08",
            "price": "14.48",
            "revenue": 94564
        },
        "2006-09": {
            "month": "2006-09",
            "price": "14.24",
            "revenue": 79355
        },
        "2006-10": {
            "month": "2006-10",
            "price": "14.11",
            "revenue": 71436
        },
        "2006-11": {
            "month": "2006-11",
            "price": "14.88",
            "revenue": 76122
        },
        "2006-12": {
            "month": "2006-12",
            "price": "16.01",
            "revenue": 101736
        },
        "2007-01": {
            "month": "2007-01",
            "price": "18.72",
            "revenue": 107262
        },
        "2007-02": {
            "month": "2007-02",
            "price": "18.53",
            "revenue": 87081
        },
        "2007-03": {
            "month": "2007-03",
            "price": "20.82",
            "revenue": 93072
        },
        "2007-04": {
            "month": "2007-04",
            "price": "22.70",
            "revenue": 118146
        },
        "2007-05": {
            "month": "2007-05",
            "price": "21.88",
            "revenue": 117334
        },
        "2007-06": {
            "month": "2007-06",
            "price": "23.62",
            "revenue": 98016
        },
        "2007-07": {
            "month": "2007-07",
            "price": "35.56",
            "revenue": 103765
        },
        "2007-08": {
            "month": "2007-08",
            "price": "34.54",
            "revenue": 100253
        },
        "2007-09": {
            "month": "2007-09",
            "price": "28.13",
            "revenue": 100342
        },
        "2007-10": {
            "month": "2007-10",
            "price": "26.64",
            "revenue": 100950
        },
        "2007-11": {
            "month": "2007-11",
            "price": "21.04",
            "revenue": 95040
        },
        "2007-12": {
            "month": "2007-12",
            "price": "25.03",
            "revenue": 107357
        },
        "2008-01": {
            "month": "2008-01",
            "price": "18.88",
            "revenue": 127358
        },
        "2008-02": {
            "month": "2008-02",
            "price": "18.42",
            "revenue": 87191
        },
        "2008-03": {
            "month": "2008-03",
            "price": "18.08",
            "revenue": 114276
        },
        "2008-04": {
            "month": "2008-04",
            "price": "19.69",
            "revenue": 102545
        },
        "2008-05": {
            "month": "2008-05",
            "price": "19.05",
            "revenue": 104171
        },
        "2008-06": {
            "month": "2008-06",
            "price": "16.04",
            "revenue": 95926
        },
        "2008-07": {
            "month": "2008-07",
            "price": "14.07",
            "revenue": 90628
        },
        "2008-08": {
            "month": "2008-08",
            "price": "14.97",
            "revenue": 79775
        },
        "2008-09": {
            "month": "2008-09",
            "price": "11.87",
            "revenue": 91978
        },
        "2008-10": {
            "month": "2008-10",
            "price": "9.81",
            "revenue": 89603
        },
        "2008-11": {
            "month": "2008-11",
            "price": "7.38",
            "revenue": 82852
        },
        "2008-12": {
            "month": "2008-12",
            "price": "6.03",
            "revenue": 77130
        },
        "2009-01": {
            "month": "2009-01",
            "price": "5.91",
            "revenue": 81565
        },
        "2009-02": {
            "month": "2009-02",
            "price": "5.62",
            "revenue": 79411
        },
        "2009-03": {
            "month": "2009-03",
            "price": "6.53",
            "revenue": 111249
        },
        "2009-04": {
            "month": "2009-04",
            "price": "7.66",
            "revenue": 101710
        },
        "2009-05": {
            "month": "2009-05",
            "price": "8.05",
            "revenue": 87910
        },
        "2009-06": {
            "month": "2009-06",
            "price": "9.43",
            "revenue": 90233
        },
        "2009-07": {
            "month": "2009-07",
            "price": "9.88",
            "revenue": 88913
        },
        "2009-08": {
            "month": "2009-08",
            "price": "10.81",
            "revenue": 85147
        },
        "2009-09": {
            "month": "2009-09",
            "price": "10.93",
            "revenue": 134812
        },
        "2009-10": {
            "month": "2009-10",
            "price": "12.85",
            "revenue": 99652
        },
        "2009-11": {
            "month": "2009-11",
            "price": "13.09",
            "revenue": 104240
        },
        "2009-12": {
            "month": "2009-12",
            "price": "13.51",
            "revenue": 148732
        },
        "2010-01": {
            "month": "2010-01",
            "price": "14.58",
            "revenue": 153856
        },
        "2010-02": {
            "month": "2010-02",
            "price": "13.25",
            "revenue": 92895
        },
        "2010-03": {
            "month": "2010-03",
            "price": "20.45",
            "revenue": 136987
        },
        "2010-04": {
            "month": "2010-04",
            "price": "25.35",
            "revenue": 137324
        },
        "2010-05": {
            "month": "2010-05",
            "price": "21.86",
            "revenue": 137398
        },
        "2010-06": {
            "month": "2010-06",
            "price": "20.71",
            "revenue": 154615
        },
        "2010-07": {
            "month": "2010-07",
            "price": "25.92",
            "revenue": 130487
        },
        "2010-08": {
            "month": "2010-08",
            "price": "26.81",
            "revenue": 151341
        },
        "2010-09": {
            "month": "2010-09",
            "price": "23.81",
            "revenue": 119611
        },
        "2010-10": {
            "month": "2010-10",
            "price": "22.56",
            "revenue": 126728
        },
        "2010-11": {
            "month": "2010-11",
            "price": "19.48",
            "revenue": 168793
        },
        "2010-12": {
            "month": "2010-12",
            "price": "23.49",
            "revenue": 123420
        },
        "2011-01": {
            "month": "2011-01",
            "price": "23.32",
            "revenue": 172173
        },
        "2011-02": {
            "month": "2011-02",
            "price": "23.91",
            "revenue": 100288
        },
        "2011-03": {
            "month": "2011-03",
            "price": "21.37",
            "revenue": 151654
        },
        "2011-04": {
            "month": "2011-04",
            "price": "21.63",
            "revenue": 158618
        },
        "2011-05": {
            "month": "2011-05",
            "price": "20.09",
            "revenue": 166868
        },
        "2011-06": {
            "month": "2011-06",
            "price": "18.81",
            "revenue": 155637
        },
        "2011-07": {
            "month": "2011-07",
            "price": "18.23",
            "revenue": 152273
        },
        "2011-08": {
            "month": "2011-08",
            "price": "15.09",
            "revenue": 142171
        },
        "2011-09": {
            "month": "2011-09",
            "price": "14.61",
            "revenue": 119785
        },
        "2011-10": {
            "month": "2011-10",
            "price": "13.42",
            "revenue": 101109
        },
        "2011-11": {
            "month": "2011-11",
            "price": "12.13",
            "revenue": 155873
        },
        "2011-12": {
            "month": "2011-12",
            "price": "10.63",
            "revenue": 168634
        },
        "2012-01": {
            "month": "2012-01",
            "price": "12.38",
            "revenue": 150655
        },
        "2012-02": {
            "month": "2012-02",
            "price": "14.55",
            "revenue": 139770
        },
        "2012-03": {
            "month": "2012-03",
            "price": "17.02",
            "revenue": 179409
        },
        "2012-04": {
            "month": "2012-04",
            "price": "18.41",
            "revenue": 209243
        },
        "2012-05": {
            "month": "2012-05",
            "price": "16.80",
            "revenue": 217817
        },
        "2012-06": {
            "month": "2012-06",
            "price": "16.92",
            "revenue": 169600
        },
        "2012-07": {
            "month": "2012-07",
            "price": "16.43",
            "revenue": 172331
        },
        "2012-08": {
            "month": "2012-08",
            "price": "15.08",
            "revenue": 134691
        },
        "2012-09": {
            "month": "2012-09",
            "price": "14.30",
            "revenue": 163599
        },
        "2012-10": {
            "month": "2012-10",
            "price": "13.63",
            "revenue": 174841
        },
        "2012-11": {
            "month": "2012-11",
            "price": "13.10",
            "revenue": 179271
        },
        "2012-12": {
            "month": "2012-12",
            "price": "13.79",
            "revenue": 196990
        },
        "2013-01": {
            "month": "2013-01",
            "price": "13.40",
            "revenue": 236510
        },
        "2013-02": {
            "month": "2013-02",
            "price": "13.81",
            "revenue": 126505
        },
        "2013-03": {
            "month": "2013-03",
            "price": "14.77",
            "revenue": 172740
        },
        "2013-04": {
            "month": "2013-04",
            "price": "14.08",
            "revenue": 161111
        },
        "2013-05": {
            "month": "2013-05",
            "price": "14.06",
            "revenue": 157869
        },
        "2013-06": {
            "month": "2013-06",
            "price": "13.74",
            "revenue": 154296
        },
        "2013-07": {
            "month": "2013-07",
            "price": "13.59",
            "revenue": 133310
        },
        "2013-08": {
            "month": "2013-08",
            "price": "13.82",
            "revenue": 175517
        },
        "2013-09": {
            "month": "2013-09",
            "price": "13.42",
            "revenue": 160166
        },
        "2013-10": {
            "month": "2013-10",
            "price": "13.54",
            "revenue": 153197
        },
        "2013-11": {
            "month": "2013-11",
            "price": "13.41",
            "revenue": 195738
        },
        "2013-12": {
            "month": "2013-12",
            "price": "13.19",
            "revenue": 206266
        },
        "2014-01": {
            "month": "2014-01",
            "price": "13.40",
            "revenue": 171535
        },
        "2014-02": {
            "month": "2014-02",
            "price": "13.46",
            "revenue": 122068
        },
        "2014-03": {
            "month": "2014-03",
            "price": "13.40",
            "revenue": 163162
        },
        "2014-04": {
            "month": "2014-04",
            "price": "13.72",
            "revenue": 232867
        },
        "2014-05": {
            "month": "2014-05",
            "price": "16.55",
            "revenue": 219696
        },
        "2014-06": {
            "month": "2014-06",
            "price": "17.31",
            "revenue": 192075
        },
        "2014-07": {
            "month": "2014-07",
            "price": "16.24",
            "revenue": 203712
        },
        "2014-08": {
            "month": "2014-08",
            "price": "17.39",
            "revenue": 181058
        },
        "2014-09": {
            "month": "2014-09",
            "price": "17.01",
            "revenue": 174843
        },
        "2014-10": {
            "month": "2014-10",
            "price": "15.58",
            "revenue": 163458
        },
        "2014-11": {
            "month": "2014-11",
            "price": "15.11",
            "revenue": 163500
        },
        "2014-12": {
            "month": "2014-12",
            "price": "16.08",
            "revenue": 206417
        },
        "2015-01": {
            "month": "2015-01",
            "price": "16.19",
            "revenue": 231258
        },
        "2015-02": {
            "month": "2015-02",
            "price": "16.48",
            "revenue": 135836
        },
        "2015-03": {
            "month": "2015-03",
            "price": "17.78",
            "revenue": 194662
        },
        "2015-04": {
            "month": "2015-04",
            "price": "17.97",
            "revenue": 200472
        },
        "2015-05": {
            "month": "2015-05",
            "price": "15.98",
            "revenue": 162086
        },
        "2015-06": {
            "month": "2015-06",
            "price": "14.48",
            "revenue": 176398
        },
        "2015-07": {
            "month": "2015-07",
            "price": "14.27",
            "revenue": 167979
        },
        "2015-08": {
            "month": "2015-08",
            "price": "11.70",
            "revenue": 141806
        },
        "2015-09": {
            "month": "2015-09",
            "price": "11.61",
            "revenue": 160481
        },
        "2015-10": {
            "month": "2015-10",
            "price": "12.84",
            "revenue": 130867
        },
        "2015-11": {
            "month": "2015-11",
            "price": "13.05",
            "revenue": 155982
        },
        "2015-12": {
            "month": "2015-12",
            "price": "11.86",
            "revenue": 165268
        },
        "2016-01": {
            "month": "2016-01",
            "price": "11.14",
            "revenue": 179673
        },
        "2016-02": {
            "month": "2016-02",
            "price": "11.37",
            "revenue": 139200
        },
        "2016-03": {
            "month": "2016-03",
            "price": "12.13",
            "revenue": 215278
        },
        "2016-04": {
            "month": "2016-04",
            "price": "12.97",
            "revenue": 236717
        },
        "2016-05": {
            "month": "2016-05",
            "price": "13.49",
            "revenue": 228774
        },
        "2016-06": {
            "month": "2016-06",
            "price": "14.02",
            "revenue": 203598
        },
        "2016-07": {
            "month": "2016-07",
            "price": "14.18",
            "revenue": 201564
        },
        "2016-08": {
            "month": "2016-08",
            "price": "15.44",
            "revenue": 195751
        },
        "2016-09": {
            "month": "2016-09",
            "price": "15.64",
            "revenue": 180390
        },
        "2016-10": {
            "month": "2016-10",
            "price": "14.46",
            "revenue": 162366
        },
        "2016-11": {
            "month": "2016-11",
            "price": "14.12",
            "revenue": 190842
        },
        "2016-12": {
            "month": "2016-12",
            "price": "14.61",
            "revenue": 159531
        },
        "2017-01": {
            "month": "2017-01",
            "price": "14.64",
            "revenue": 217218
        },
        "2017-02": {
            "month": "2017-02",
            "price": "15.67",
            "revenue": 166869
        },
        "2017-03": {
            "month": "2017-03",
            "price": "16.12",
            "revenue": 255398
        },
        "2017-04": {
            "month": "2017-04",
            "price": "16.49",
            "revenue": 241502
        },
        "2017-05": {
            "month": "2017-05",
            "price": "17.20",
            "revenue": 245742
        },
        "2017-06": {
            "month": "2017-06",
            "price": "17.32",
            "revenue": 224504
        },
        "2017-07": {
            "month": "2017-07",
            "price": "17.01",
            "revenue": 192862
        },
        "2017-08": {
            "month": "2017-08",
            "price": "19.00",
            "revenue": 176198
        },
        "2017-09": {
            "month": "2017-09",
            "price": "19.36",
            "revenue": 193113
        },
        "2017-10": {
            "month": "2017-10",
            "price": "19.10",
            "revenue": 162872
        },
        "2017-11": {
            "month": "2017-11",
            "price": "18.81",
            "revenue": 170552
        },
        "2017-12": {
            "month": "2017-12",
            "price": "18.21",
            "revenue": 156911
        },
        "2018-01": {
            "month": "2018-01",
            "price": "19.23",
            "revenue": 246087
        },
        "2018-02": {
            "month": "2018-02",
            "price": "19.08",
            "revenue": 154029
        },
        "2018-03": {
            "month": "2018-03",
            "price": "18.75",
            "revenue": 223221
        },
        "2018-04": {
            "month": "2018-04",
            "price": "18.44",
            "revenue": 228220
        },
        "2018-05": {
            "month": "2018-05",
            "price": "17.63",
            "revenue": 253627
        },
        "2018-06": {
            "month": "2018-06",
            "price": "19.02",
            "revenue": 211438
        },
        "2018-07": {
            "month": "2018-07",
            "price": "17.91",
            "revenue": 222919
        },
        "2018-08": {
            "month": "2018-08",
            "price": "17.96",
            "revenue": 201837
        },
        "2018-09": {
            "month": "2018-09",
            "price": "18.07",
            "revenue": 211898
        },
        "2018-10": {
            "month": "2018-10",
            "price": "16.07",
            "revenue": 224395
        },
        "2018-11": {
            "month": "2018-11",
            "price": "15.08",
            "revenue": 236980
        },
        "2018-12": {
            "month": "2018-12",
            "price": "15.22",
            "revenue": 190043
        },
        "2019-01": {
            "month": "2019-01",
            "price": "16.72",
            "revenue": 289766
        },
        "2019-02": {
            "month": "2019-02",
            "price": "20.24",
            "revenue": 153592
        },
        "2019-03": {
            "month": "2019-03",
            "price": "22.26",
            "revenue": 263452
        },
        "2019-04": {
            "month": "2019-04",
            "price": "24.86",
            "revenue": 283318
        },
        "2019-05": {
            "month": "2019-05",
            "price": "21.01",
            "revenue": 332439
        },
        "2019-06": {
            "month": "2019-06",
            "price": "20.70",
            "revenue": 239818
        },
        "2019-07": {
            "month": "2019-07",
            "price": "20.88",
            "revenue": 219003
        },
        "2019-08": {
            "month": "2019-08",
            "price": "18.97",
            "revenue": 228970
        },
        "2019-09": {
            "month": "2019-09",
            "price": "18.94",
            "revenue": 223320
        },
        "2019-10": {
            "month": "2019-10",
            "price": "18.80",
            "revenue": 271073
        },
        "2019-11": {
            "month": "2019-11",
            "price": "19.74",
            "revenue": 256429
        },
        "2019-12": {
            "month": "2019-12",
            "price": "20.15",
            "revenue": 227832
        },
        "2020-01": {
            "month": "2020-01",
            "price": "19.42",
            "revenue": 235160
        },
        "2020-02": {
            "month": "2020-02",
            "price": "17.35",
            "revenue": 191425
        },
        "2020-03": {
            "month": "2020-03",
            "price": "13.89",
            "revenue": 268944
        },
        "2020-04": {
            "month": "2020-04",
            "price": "15.02",
            "revenue": 348597
        },
        "2020-05": {
            "month": "2020-05",
            "price": "16.88",
            "revenue": 328807
        },
        "2020-06": {
            "month": "2020-06",
            "price": "17.10",
            "revenue": 272080
        },
        "2020-07": {
            "month": "2020-07",
            "price": "17.72",
            "revenue": 277218
        },
        "2020-08": {
            "month": "2020-08",
            "price": "18.35",
            "revenue": 303074
        },
        "2020-09": {
            "month": "2020-09",
            "price": "18.62",
            "revenue": 299209
        },
        "2020-10": {
            "month": "2020-10",
            "price": "18.25",
            "revenue": 245907
        },
        "2020-11": {
            "month": "2020-11",
            "price": "18.87",
            "revenue": 272792
        },
        "2020-12": {
            "month": "2020-12",
            "price": "22.86",
            "revenue": 286185
        },
        "2021-01": {
            "month": "2021-01",
            "price": "24.46",
            "revenue": 343047
        },
        "2021-02": {
            "month": "2021-02",
            "price": "26.23",
            "revenue": 234187
        },
        "2021-03": {
            "month": "2021-03",
            "price": "30.55",
            "revenue": 375539
        },
        "2021-04": {
            "month": "2021-04",
            "price": "34.86",
            "revenue": 349956
        },
        "2021-05": {
            "month": "2021-05",
            "price": "29.90",
            "revenue": 334044
        },
        "2021-06": {
            "month": "2021-06",
            "price": "30.38",
            "revenue": 308807
        },
        "2021-07": {
            "month": "2021-07",
            "price": "29.35",
            "revenue": 341939
        },
        "2021-08": {
            "month": "2021-08",
            "price": "30.29",
            "revenue": 318411
        },
        "2021-09": {
            "month": "2021-09",
            "price": "28.93",
            "revenue": 349036
        },
        "2021-10": {
            "month": "2021-10",
            "price": "28.73",
            "revenue": 320683
        },
        "2021-11": {
            "month": "2021-11",
            "price": "32.25",
            "revenue": 351261
        },
        "2021-12": {
            "month": "2021-12",
            "price": "37.60",
            "revenue": 312487
        },
        "2022-01": {
            "month": "2022-01",
            "price": "37.73",
            "revenue": 363370
        },
        "2022-02": {
            "month": "2022-02",
            "price": "37.54",
            "revenue": 234855
        },
        "2022-03": {
            "month": "2022-03",
            "price": "40.10",
            "revenue": 344111
        },
        "2022-04": {
            "month": "2022-04",
            "price": "35.47",
            "revenue": 333553
        },
        "2022-05": {
            "month": "2022-05",
            "price": "33.16",
            "revenue": 392233
        },
        "2022-06": {
            "month": "2022-06",
            "price": "33.21",
            "revenue": 319252
        },
        "2022-07": {
            "month": "2022-07",
            "price": "31.03",
            "revenue": 304530
        },
        "2022-08": {
            "month": "2022-08",
            "price": "31.20",
            "revenue": 288475
        },
        "2022-09": {
            "month": "2022-09",
            "price": "28.99",
            "revenue": 277636
        },
        "2022-10": {
            "month": "2022-10",
            "price": "24.88",
            "revenue": 245794
        },
        "2022-11": {
            "month": "2022-11",
            "price": "26.08",
            "revenue": 274235
        },
        "2022-12": {
            "month": "2022-12",
            "price": "26.75",
            "revenue": 260264
        },
        "2023-01": {
            "month": "2023-01",
            "price": "26.45",
            "revenue": 214021
        },
        "2023-02": {
            "month": "2023-02",
            "price": "28.75",
            "revenue": 268978
        },
        "2023-03": {
            "month": "2023-03",
            "price": "31.91",
            "revenue": 368340
        },
        "2023-04": {
            "month": "2023-04",
            "price": "34.32",
            "revenue": 298149
        },
        "2023-05": {
            "month": "2023-05",
            "price": "35.82",
            "revenue": 337990
        },
        "2023-06": {
            "month": "2023-06",
            "price": "37.19",
            "revenue": 327659
        },
        "2023-07": {
            "month": "2023-07",
            "price": "41.72",
            "revenue": 311989
        },
        "2023-08": {
            "month": "2023-08",
            "price": "45.61",
            "revenue": 364768
        },
        "2023-09": {
            "month": "2023-09",
            "price": "46.16",
            "revenue": 319420
        },
        "2023-10": {
            "month": "2023-10",
            "price": "42.04",
            "revenue": 303087
        },
        "2023-11": {
            "month": "2023-11",
            "price": "42.72",
            "revenue": 299547
        },
        "2023-12": {
            "month": "2023-12",
            "price": "46.30",
            "revenue": 218702
        },
        "2024-01": {
            "month": "2024-01",
            "price": "43.14",
            "revenue": 367942
        },
        "2024-02": {
            "month": "2024-02",
            "price": "47.35",
            "revenue": 208401
        }
    }
}
