{
    "summary": {
        "stock_name": "安鈦克",
        "stock_id": "6276",
        "category": "電腦及週邊設備",
        "main_business": "電腦週邊產品",
        "website_url": "http://www.antec.com",
        "ceo": "王安左",
        "pe_ratio": 21,
        "report_year_from": 2001,
        "report_year_to": 2023,
        "age": 22,
        "eps_negative_percentage": 36,
        "eps_growth_avg": {
            "last_all": -17.56,
            "last_2y": -0.19,
            "last_4y": 24.86,
            "last_8y": -1.13,
            "last_12y": -9.92,
            "last_16y": -7.72,
            "last_20y": null,
            "at_2006_last_3y": -10.31,
            "at_2007_last_3y": -36.57,
            "at_2008_last_3y": -23.96,
            "at_2009_last_3y": 0,
            "at_2010_last_3y": -100,
            "at_2011_last_3y": null,
            "at_2012_last_3y": null,
            "at_2013_last_3y": -62.69,
            "at_2014_last_3y": -34.44,
            "at_2015_last_3y": -56.29,
            "at_2016_last_3y": -56.29,
            "at_2017_last_3y": -53.09,
            "at_2018_last_3y": -100,
            "at_2019_last_3y": 100,
            "at_2020_last_3y": 100,
            "at_2021_last_3y": 43.75,
            "at_2022_last_3y": 24.86,
            "at_2023_last_3y": 24.86,
            "at_2006_last_all": -10.31,
            "at_2007_last_all": -28.25,
            "at_2008_last_all": -28.25,
            "at_2009_last_all": -28.25,
            "at_2010_last_all": -28.25,
            "at_2011_last_all": -28.25,
            "at_2012_last_all": -28.25,
            "at_2013_last_all": -33.99,
            "at_2014_last_all": -30.02,
            "at_2015_last_all": -38.76,
            "at_2016_last_all": -38.76,
            "at_2017_last_all": -38.76,
            "at_2018_last_all": -38.76,
            "at_2019_last_all": -23.35,
            "at_2020_last_all": -11.01,
            "at_2021_last_all": -16.26,
            "at_2022_last_all": -17.56,
            "at_2023_last_all": -17.56
        },
        "latest_eps": 1.83,
        "latest_price": 38.1,
        "latest_roe": 16.48,
        "latest_gross_margin": 32.92,
        "latest_equity": 367631,
        "latest_revenue": 249649,
        "latest_gross_profit": 82182,
        "latest_net_income": 24627,
        "latest_debt_ratio": 34.41,
        "latest_current_ratio": 275.88,
        "latest_account_receivable_turnover_ratio": 1.34,
        "latest_inventory_turnover_ratio": 2.56,
        "latest_reinvestment_rate": 3.67,
        "latest_research_to_sale_ratio": 1.92
    },
    "eps_dividends": {
        "2001": {
            "cash": 0.5,
            "stock": 0,
            "eps": 0
        },
        "2002": {
            "cash": 0.2,
            "stock": 0,
            "eps": 1.19
        },
        "2003": {
            "cash": 0.5,
            "stock": 1,
            "eps": 1.25
        },
        "2004": {
            "cash": 0,
            "stock": 0.8,
            "eps": 0.32
        },
        "2005": {
            "cash": 0.5,
            "stock": 0,
            "eps": 0.09
        },
        "2006": {
            "cash": 0,
            "stock": 0,
            "eps": 0.32
        },
        "2007": {
            "cash": 0.4,
            "stock": 0.4,
            "eps": -1.5
        },
        "2008": {
            "cash": 0,
            "stock": 0,
            "eps": -4.26
        },
        "2009": {
            "cash": 0,
            "stock": 0,
            "eps": -3.7
        },
        "2010": {
            "cash": 0,
            "stock": 0,
            "eps": -0.67
        },
        "2011": {
            "cash": 0,
            "stock": 0,
            "eps": -2.2
        },
        "2012": {
            "cash": 0,
            "stock": 0,
            "eps": 2.6
        },
        "2013": {
            "cash": 1,
            "stock": 1,
            "eps": 0.97
        },
        "2014": {
            "cash": 0.8,
            "stock": 0,
            "eps": 0.91
        },
        "2015": {
            "cash": 0.6,
            "stock": 0,
            "eps": -2.6
        },
        "2016": {
            "cash": 0,
            "stock": 0,
            "eps": -1.35
        },
        "2017": {
            "cash": 0,
            "stock": 0,
            "eps": -0.84
        },
        "2018": {
            "cash": 0,
            "stock": 0,
            "eps": 0.12
        },
        "2019": {
            "cash": 0,
            "stock": 0,
            "eps": 0.86
        },
        "2020": {
            "cash": 0.66,
            "stock": 0,
            "eps": 3.52
        },
        "2021": {
            "cash": 3,
            "stock": 0,
            "eps": 1.1
        },
        "2022": {
            "cash": 1,
            "stock": 0,
            "eps": 0.75
        },
        "2023": {
            "cash": 0.7,
            "stock": 0,
            "eps": 0.78
        }
    },
    "dividends": {
        "2001-04-20": {
            "cash": 0.5,
            "stock": 0
        },
        "2002-04-12": {
            "cash": 0.2,
            "stock": 0
        },
        "2003-06-25": {
            "cash": 0.5,
            "stock": 1
        },
        "2004-04-28": {
            "cash": 0,
            "stock": 0.8
        },
        "2005-04-04": {
            "cash": 0.5,
            "stock": 0
        },
        "2007-04-10": {
            "cash": 0.4,
            "stock": 0.4
        },
        "2013-06-21": {
            "cash": 1,
            "stock": 1
        },
        "2014-08-13": {
            "cash": 0.8,
            "stock": 0
        },
        "2015-09-10": {
            "cash": 0.6,
            "stock": 0
        },
        "2020-09-23": {
            "cash": 0.66,
            "stock": 0
        },
        "2021-08-31": {
            "cash": 3,
            "stock": 0
        },
        "2022-04-28": {
            "cash": 1,
            "stock": 0
        },
        "2023-04-25": {
            "cash": 0.7,
            "stock": 0
        }
    },
    "prices": {
        "200101": "無",
        "200102": "無",
        "200103": "無",
        "200104": "無",
        "200105": "無",
        "200106": "無",
        "200107": "無",
        "200108": "無",
        "200109": "無",
        "200110": "無",
        "200111": "無",
        "200112": "無",
        "200201": "無",
        "200202": "無",
        "200203": "無",
        "200204": "無",
        "200205": "無",
        "200206": "無",
        "200207": "無",
        "200208": "無",
        "200209": "無",
        "200210": "無",
        "200211": "無",
        "200212": "無",
        "200301": "無",
        "200302": "無",
        "200303": "無",
        "200304": "無",
        "200305": "無",
        "200306": "無",
        "200307": "無",
        "200308": "無",
        "200309": "17.06",
        "200310": "18.70",
        "200311": "17.24",
        "200312": "16.01",
        "200401": "15.66",
        "200402": "15.66",
        "200403": "15.13",
        "200404": "14.85",
        "200405": "13.88",
        "200406": "13.06",
        "200407": "10.16",
        "200408": "8.94",
        "200409": "8.88",
        "200410": "9.44",
        "200411": "9.13",
        "200412": "8.69",
        "200501": "8.63",
        "200502": "9.97",
        "200503": "9.94",
        "200504": "8.47",
        "200505": "7.84",
        "200506": "8.57",
        "200507": "8.56",
        "200508": "7.79",
        "200509": "7.26",
        "200510": "6.99",
        "200511": "6.58",
        "200512": "7.08",
        "200601": "7.83",
        "200602": "7.70",
        "200603": "7.93",
        "200604": "7.50",
        "200605": "7.97",
        "200606": "7.38",
        "200607": "7.05",
        "200608": "6.99",
        "200609": "7.76",
        "200610": "7.76",
        "200611": "8.68",
        "200612": "11.66",
        "200701": "11.56",
        "200702": "10.58",
        "200703": "10.51",
        "200704": "12.68",
        "200705": "13.57",
        "200706": "14.87",
        "200707": "14.68",
        "200708": "13.29",
        "200709": "13.30",
        "200710": "13.89",
        "200711": "14.39",
        "200712": "17.39",
        "200801": "15.85",
        "200802": "15.42",
        "200803": "16.84",
        "200804": "18.72",
        "200805": "19.85",
        "200806": "13.53",
        "200807": "6.63",
        "200808": "4.33",
        "200809": "3.85",
        "200810": "3.20",
        "200811": "2.82",
        "200812": "2.32",
        "200901": "2.06",
        "200902": "2.31",
        "200903": "2.85",
        "200904": "3.47",
        "200905": "3.14",
        "200906": "3.06",
        "200907": "3.08",
        "200908": "3.11",
        "200909": "3.58",
        "200910": "3.98",
        "200911": "6.07",
        "200912": "6.13",
        "201001": "7.23",
        "201002": "6.68",
        "201003": "8.01",
        "201004": "8.09",
        "201005": "8.25",
        "201006": "7.78",
        "201007": "8.65",
        "201008": "8.26",
        "201009": "7.78",
        "201010": "6.94",
        "201011": "6.01",
        "201012": "6.12",
        "201101": "6.69",
        "201102": "6.21",
        "201103": "6.39",
        "201104": "7.26",
        "201105": "9.83",
        "201106": "11.85",
        "201107": "11.07",
        "201108": "9.72",
        "201109": "9.29",
        "201110": "13.08",
        "201111": "19.60",
        "201112": "19.51",
        "201201": "18.88",
        "201202": "20.41",
        "201203": "18.98",
        "201204": "17.68",
        "201205": "19.38",
        "201206": "20.03",
        "201207": "23.50",
        "201208": "39.46",
        "201209": "42.88",
        "201210": "36.12",
        "201211": "31.46",
        "201212": "33.31",
        "201301": "32.19",
        "201302": "33.41",
        "201303": "35.06",
        "201304": "40.74",
        "201305": "39.23",
        "201306": "36.83",
        "201307": "34.34",
        "201308": "30.50",
        "201309": "24.90",
        "201310": "24.60",
        "201311": "25.62",
        "201312": "30.73",
        "201401": "28.26",
        "201402": "27.19",
        "201403": "27.41",
        "201404": "26.75",
        "201405": "26.00",
        "201406": "24.77",
        "201407": "22.23",
        "201408": "18.60",
        "201409": "18.05",
        "201410": "17.74",
        "201411": "16.36",
        "201412": "16.37",
        "201501": "17.22",
        "201502": "19.77",
        "201503": "18.77",
        "201504": "17.30",
        "201505": "14.18",
        "201506": "11.13",
        "201507": "9.71",
        "201508": "7.42",
        "201509": "7.39",
        "201510": "7.94",
        "201511": "7.68",
        "201512": "7.23",
        "201601": "6.78",
        "201602": "6.26",
        "201603": "6.44",
        "201604": "6.16",
        "201605": "5.25",
        "201606": "5.18",
        "201607": "5.75",
        "201608": "6.26",
        "201609": "6.17",
        "201610": "7.50",
        "201611": "7.13",
        "201612": "7.52",
        "201701": "8.13",
        "201702": "9.43",
        "201703": "9.19",
        "201704": "8.90",
        "201705": "8.80",
        "201706": "11.32",
        "201707": "12.55",
        "201708": "12.17",
        "201709": "13.00",
        "201710": "12.91",
        "201711": "12.93",
        "201712": "12.89",
        "201801": "13.32",
        "201802": "12.91",
        "201803": "15.90",
        "201804": "15.44",
        "201805": "14.96",
        "201806": "14.88",
        "201807": "14.51",
        "201808": "14.02",
        "201809": "13.02",
        "201810": "10.50",
        "201811": "8.98",
        "201812": "9.84",
        "201901": "9.72",
        "201902": "10.14",
        "201903": "11.35",
        "201904": "11.04",
        "201905": "9.93",
        "201906": "9.99",
        "201907": "10.20",
        "201908": "10.42",
        "201909": "11.50",
        "201910": "14.67",
        "201911": "15.91",
        "201912": "19.90",
        "202001": "19.42",
        "202002": "16.49",
        "202003": "13.26",
        "202004": "14.62",
        "202005": "18.92",
        "202006": "21.88",
        "202007": "27.20",
        "202008": "28.84",
        "202009": "32.33",
        "202010": "29.83",
        "202011": "32.58",
        "202012": "39.22",
        "202101": "36.96",
        "202102": "37.55",
        "202103": "42.58",
        "202104": "42.52",
        "202105": "38.08",
        "202106": "36.92",
        "202107": "36.12",
        "202108": "27.90",
        "202109": "24.30",
        "202110": "23.26",
        "202111": "22.99",
        "202112": "22.32",
        "202201": "22.13",
        "202202": "21.25",
        "202203": "19.69",
        "202204": "17.95",
        "202205": "16.61",
        "202206": "17.17",
        "202207": "16.16",
        "202208": "16.85",
        "202209": "16.08",
        "202210": "13.70",
        "202211": "13.52",
        "202212": "15.75",
        "202301": "16.88",
        "202302": "16.98",
        "202303": "18.83",
        "202304": "22.09",
        "202305": "33.18",
        "202306": "37.04"
    },
    "quarters": {
        "20011": {
            "year_quarter": 20011,
            "year": 2001,
            "quarter": 1,
            "eps": null,
            "eps_growth_year": null,
            "eps_4q": null,
            "eps_4q_growth_year": null,
            "roe": null,
            "roe_4q": 0,
            "gross_profit": null,
            "gross_margin": null,
            "gross_margin_4q_avg": 0,
            "net_income": null,
            "revenue": null,
            "common_shares": null,
            "book_valuer_per_share": null,
            "book_valuer_per_share_4q_avg": 0,
            "equity": null,
            "current_ratio": null,
            "debt_ratio": null,
            "inventory_turnover_ratio": null,
            "account_receivable_turnover_ratio": null,
            "reinvestment_rate": null,
            "research_to_sale_ratio": null,
            "price_fair": 0,
            "eps_avg_yearly": 0,
            "eps_latest_yearly": 0,
            "eps_growth_yearly": 0
        },
        "20012": {
            "year_quarter": 20012,
            "year": 2001,
            "quarter": 2,
            "eps": null,
            "eps_growth_year": null,
            "eps_4q": null,
            "eps_4q_growth_year": null,
            "roe": null,
            "roe_4q": 0,
            "gross_profit": null,
            "gross_margin": null,
            "gross_margin_4q_avg": 0,
            "net_income": null,
            "revenue": null,
            "common_shares": null,
            "book_valuer_per_share": null,
            "book_valuer_per_share_4q_avg": 0,
            "equity": null,
            "current_ratio": null,
            "debt_ratio": null,
            "inventory_turnover_ratio": null,
            "account_receivable_turnover_ratio": null,
            "reinvestment_rate": null,
            "research_to_sale_ratio": null,
            "price_fair": 0,
            "eps_avg_yearly": 0,
            "eps_latest_yearly": 0,
            "eps_growth_yearly": 0
        },
        "20013": {
            "year_quarter": 20013,
            "year": 2001,
            "quarter": 3,
            "eps": null,
            "eps_growth_year": null,
            "eps_4q": null,
            "eps_4q_growth_year": null,
            "roe": null,
            "roe_4q": 0,
            "gross_profit": null,
            "gross_margin": null,
            "gross_margin_4q_avg": 0,
            "net_income": null,
            "revenue": null,
            "common_shares": null,
            "book_valuer_per_share": null,
            "book_valuer_per_share_4q_avg": 0,
            "equity": null,
            "current_ratio": null,
            "debt_ratio": null,
            "inventory_turnover_ratio": null,
            "account_receivable_turnover_ratio": null,
            "reinvestment_rate": null,
            "research_to_sale_ratio": null,
            "price_fair": 0,
            "eps_avg_yearly": 0,
            "eps_latest_yearly": 0,
            "eps_growth_yearly": 0
        },
        "20014": {
            "year_quarter": 20014,
            "year": 2001,
            "quarter": 4,
            "eps": null,
            "eps_growth_year": null,
            "eps_4q": null,
            "eps_4q_growth_year": null,
            "roe": null,
            "roe_4q": 0,
            "gross_profit": null,
            "gross_margin": null,
            "gross_margin_4q_avg": 0,
            "net_income": null,
            "revenue": null,
            "common_shares": 394698,
            "book_valuer_per_share": 12.31,
            "book_valuer_per_share_4q_avg": 3.08,
            "equity": 485698,
            "current_ratio": 187.06,
            "debt_ratio": 27.87,
            "inventory_turnover_ratio": null,
            "account_receivable_turnover_ratio": null,
            "reinvestment_rate": null,
            "research_to_sale_ratio": null,
            "price_fair": 0,
            "eps_avg_yearly": 0,
            "eps_latest_yearly": 0,
            "eps_growth_yearly": 0
        },
        "20021": {
            "year_quarter": 20021,
            "year": 2002,
            "quarter": 1,
            "eps": null,
            "eps_growth_year": null,
            "eps_4q": null,
            "eps_4q_growth_year": null,
            "roe": null,
            "roe_4q": 0,
            "gross_profit": null,
            "gross_margin": null,
            "gross_margin_4q_avg": 0,
            "net_income": null,
            "revenue": null,
            "common_shares": null,
            "book_valuer_per_share": null,
            "book_valuer_per_share_4q_avg": 3.08,
            "equity": null,
            "current_ratio": null,
            "debt_ratio": null,
            "inventory_turnover_ratio": null,
            "account_receivable_turnover_ratio": null,
            "reinvestment_rate": null,
            "research_to_sale_ratio": null,
            "price_fair": 0,
            "eps_avg_yearly": 0,
            "eps_latest_yearly": 0,
            "eps_growth_yearly": 0
        },
        "20022": {
            "year_quarter": 20022,
            "year": 2002,
            "quarter": 2,
            "eps": null,
            "eps_growth_year": null,
            "eps_4q": null,
            "eps_4q_growth_year": null,
            "roe": null,
            "roe_4q": 0,
            "gross_profit": null,
            "gross_margin": null,
            "gross_margin_4q_avg": 0,
            "net_income": null,
            "revenue": null,
            "common_shares": null,
            "book_valuer_per_share": null,
            "book_valuer_per_share_4q_avg": 3.08,
            "equity": null,
            "current_ratio": null,
            "debt_ratio": null,
            "inventory_turnover_ratio": null,
            "account_receivable_turnover_ratio": null,
            "reinvestment_rate": null,
            "research_to_sale_ratio": null,
            "price_fair": 0,
            "eps_avg_yearly": 0,
            "eps_latest_yearly": 0,
            "eps_growth_yearly": 0
        },
        "20023": {
            "year_quarter": 20023,
            "year": 2002,
            "quarter": 3,
            "eps": 0.71,
            "eps_growth_year": null,
            "eps_4q": null,
            "eps_4q_growth_year": null,
            "roe": 5.54,
            "roe_4q": 5.54,
            "gross_profit": 45681,
            "gross_margin": 23.55,
            "gross_margin_4q_avg": 5.89,
            "net_income": 28163,
            "revenue": 193989,
            "common_shares": 394698,
            "book_valuer_per_share": 12.88,
            "book_valuer_per_share_4q_avg": 6.3,
            "equity": 508248,
            "current_ratio": 285.45,
            "debt_ratio": 23.45,
            "inventory_turnover_ratio": 3.21,
            "account_receivable_turnover_ratio": null,
            "reinvestment_rate": null,
            "research_to_sale_ratio": null,
            "price_fair": 0,
            "eps_avg_yearly": 0,
            "eps_latest_yearly": 0,
            "eps_growth_yearly": 0
        },
        "20024": {
            "year_quarter": 20024,
            "year": 2002,
            "quarter": 4,
            "eps": 0.48,
            "eps_growth_year": null,
            "eps_4q": null,
            "eps_4q_growth_year": null,
            "roe": 3.64,
            "roe_4q": 9.18,
            "gross_profit": 51581,
            "gross_margin": 24.61,
            "gross_margin_4q_avg": 12.04,
            "net_income": 18868,
            "revenue": 209585,
            "common_shares": 394698,
            "book_valuer_per_share": 13.37,
            "book_valuer_per_share_4q_avg": 6.56,
            "equity": 527621,
            "current_ratio": 183.71,
            "debt_ratio": 34.05,
            "inventory_turnover_ratio": 2.1,
            "account_receivable_turnover_ratio": null,
            "reinvestment_rate": null,
            "research_to_sale_ratio": null,
            "price_fair": 5.76,
            "eps_avg_yearly": 1.92,
            "eps_latest_yearly": 1.92,
            "eps_growth_yearly": -129.58
        },
        "20031": {
            "year_quarter": 20031,
            "year": 2003,
            "quarter": 1,
            "eps": 0.46,
            "eps_growth_year": null,
            "eps_4q": null,
            "eps_4q_growth_year": null,
            "roe": 3.35,
            "roe_4q": 12.530000000000001,
            "gross_profit": 41973,
            "gross_margin": 25.26,
            "gross_margin_4q_avg": 18.36,
            "net_income": 17969,
            "revenue": 166184,
            "common_shares": 394698,
            "book_valuer_per_share": 13.81,
            "book_valuer_per_share_4q_avg": 10.02,
            "equity": 545230,
            "current_ratio": 307.83,
            "debt_ratio": 21.47,
            "inventory_turnover_ratio": 1.67,
            "account_receivable_turnover_ratio": null,
            "reinvestment_rate": null,
            "research_to_sale_ratio": null,
            "price_fair": 5.64,
            "eps_avg_yearly": 1.88,
            "eps_latest_yearly": 1.84,
            "eps_growth_yearly": -73.12
        },
        "20032": {
            "year_quarter": 20032,
            "year": 2003,
            "quarter": 2,
            "eps": 0.32,
            "eps_growth_year": null,
            "eps_4q": 1.95,
            "eps_4q_growth_year": null,
            "roe": 2.36,
            "roe_4q": 14.89,
            "gross_profit": 32557,
            "gross_margin": 24.54,
            "gross_margin_4q_avg": 24.49,
            "net_income": 12745,
            "revenue": 132695,
            "common_shares": 394698,
            "book_valuer_per_share": 13.57,
            "book_valuer_per_share_4q_avg": 13.41,
            "equity": 535634,
            "current_ratio": 276.14,
            "debt_ratio": 22.86,
            "inventory_turnover_ratio": 2.21,
            "account_receivable_turnover_ratio": null,
            "reinvestment_rate": null,
            "research_to_sale_ratio": null,
            "price_fair": 5.04,
            "eps_avg_yearly": 1.68,
            "eps_latest_yearly": 1.28,
            "eps_growth_yearly": -89.33
        },
        "20033": {
            "year_quarter": 20033,
            "year": 2003,
            "quarter": 3,
            "eps": 0.31,
            "eps_growth_year": -56.34,
            "eps_4q": 1.43,
            "eps_4q_growth_year": null,
            "roe": 2.53,
            "roe_4q": 11.88,
            "gross_profit": 41319,
            "gross_margin": 21.44,
            "gross_margin_4q_avg": 23.96,
            "net_income": 13667,
            "revenue": 192677,
            "common_shares": 436507,
            "book_valuer_per_share": 12.5,
            "book_valuer_per_share_4q_avg": 13.31,
            "equity": 545663,
            "current_ratio": 232.95,
            "debt_ratio": 25.08,
            "inventory_turnover_ratio": 3.44,
            "account_receivable_turnover_ratio": null,
            "reinvestment_rate": null,
            "research_to_sale_ratio": null,
            "price_fair": 4.71,
            "eps_avg_yearly": 1.57,
            "eps_latest_yearly": 1.24,
            "eps_growth_yearly": -70.12
        },
        "20034": {
            "year_quarter": 20034,
            "year": 2003,
            "quarter": 4,
            "eps": 0.16,
            "eps_growth_year": -66.67,
            "eps_4q": 1.2,
            "eps_4q_growth_year": null,
            "roe": 1.25,
            "roe_4q": 9.49,
            "gross_profit": 39513,
            "gross_margin": 17.89,
            "gross_margin_4q_avg": 22.28,
            "net_income": 6851,
            "revenue": 220839,
            "common_shares": 436507,
            "book_valuer_per_share": 12.68,
            "book_valuer_per_share_4q_avg": 13.14,
            "equity": 553323,
            "current_ratio": 170.82,
            "debt_ratio": 35.52,
            "inventory_turnover_ratio": 2.34,
            "account_receivable_turnover_ratio": null,
            "reinvestment_rate": null,
            "research_to_sale_ratio": null,
            "price_fair": 4.15,
            "eps_avg_yearly": 1.38,
            "eps_latest_yearly": 0.64,
            "eps_growth_yearly": -94.81
        },
        "20041": {
            "year_quarter": 20041,
            "year": 2004,
            "quarter": 1,
            "eps": 0.04,
            "eps_growth_year": -91.3,
            "eps_4q": 0.89,
            "eps_4q_growth_year": null,
            "roe": 0.28,
            "roe_4q": 6.42,
            "gross_profit": 30338,
            "gross_margin": 20.27,
            "gross_margin_4q_avg": 21.04,
            "net_income": 1572,
            "revenue": 149662,
            "common_shares": 436507,
            "book_valuer_per_share": 12.72,
            "book_valuer_per_share_4q_avg": 12.87,
            "equity": 555323,
            "current_ratio": 223.51,
            "debt_ratio": 24.32,
            "inventory_turnover_ratio": 1.52,
            "account_receivable_turnover_ratio": null,
            "reinvestment_rate": null,
            "research_to_sale_ratio": null,
            "price_fair": 3.54,
            "eps_avg_yearly": 1.18,
            "eps_latest_yearly": 0.16,
            "eps_growth_yearly": -129.01
        },
        "20042": {
            "year_quarter": 20042,
            "year": 2004,
            "quarter": 2,
            "eps": -0.01,
            "eps_growth_year": -103.12,
            "eps_4q": 0.49,
            "eps_4q_growth_year": -74.8,
            "roe": -0.11,
            "roe_4q": 3.9499999999999997,
            "gross_profit": 29837,
            "gross_margin": 19.11,
            "gross_margin_4q_avg": 19.68,
            "net_income": -619,
            "revenue": 156125,
            "common_shares": 436507,
            "book_valuer_per_share": 12.76,
            "book_valuer_per_share_4q_avg": 12.67,
            "equity": 557145,
            "current_ratio": 222.68,
            "debt_ratio": 22.24,
            "inventory_turnover_ratio": 3.02,
            "account_receivable_turnover_ratio": null,
            "reinvestment_rate": null,
            "research_to_sale_ratio": null,
            "price_fair": 3.54,
            "eps_avg_yearly": 1.18,
            "eps_latest_yearly": 0.16,
            "eps_growth_yearly": -129.01
        },
        "20043": {
            "year_quarter": 20043,
            "year": 2004,
            "quarter": 3,
            "eps": 0.14,
            "eps_growth_year": -54.84,
            "eps_4q": 0.3,
            "eps_4q_growth_year": -78.87,
            "roe": 1.2,
            "roe_4q": 2.62,
            "gross_profit": 36537,
            "gross_margin": 17.5,
            "gross_margin_4q_avg": 18.69,
            "net_income": 6695,
            "revenue": 208742,
            "common_shares": 474114,
            "book_valuer_per_share": 11.87,
            "book_valuer_per_share_4q_avg": 12.51,
            "equity": 562600,
            "current_ratio": 210.69,
            "debt_ratio": 24.89,
            "inventory_turnover_ratio": 4.76,
            "account_receivable_turnover_ratio": null,
            "reinvestment_rate": null,
            "research_to_sale_ratio": null,
            "price_fair": 3.54,
            "eps_avg_yearly": 1.18,
            "eps_latest_yearly": 0.16,
            "eps_growth_yearly": -129.01
        },
        "20044": {
            "year_quarter": 20044,
            "year": 2004,
            "quarter": 4,
            "eps": 0.15,
            "eps_growth_year": -6.25,
            "eps_4q": 0.32,
            "eps_4q_growth_year": -73.56,
            "roe": 1.22,
            "roe_4q": 2.59,
            "gross_profit": 31757,
            "gross_margin": 13.37,
            "gross_margin_4q_avg": 17.56,
            "net_income": 6894,
            "revenue": 237532,
            "common_shares": 474114,
            "book_valuer_per_share": 11.61,
            "book_valuer_per_share_4q_avg": 12.24,
            "equity": 571776,
            "current_ratio": 186.59,
            "debt_ratio": 34.21,
            "inventory_turnover_ratio": 2.69,
            "account_receivable_turnover_ratio": null,
            "reinvestment_rate": null,
            "research_to_sale_ratio": null,
            "price_fair": 3.29,
            "eps_avg_yearly": 1.1,
            "eps_latest_yearly": 0.6,
            "eps_growth_yearly": -106.49
        },
        "20051": {
            "year_quarter": 20051,
            "year": 2005,
            "quarter": 1,
            "eps": -0.02,
            "eps_growth_year": -150,
            "eps_4q": 0.26,
            "eps_4q_growth_year": -70.24,
            "roe": -0.16,
            "roe_4q": 2.15,
            "gross_profit": 22132,
            "gross_margin": 19.4,
            "gross_margin_4q_avg": 17.35,
            "net_income": -914,
            "revenue": 114080,
            "common_shares": 474114,
            "book_valuer_per_share": 11.87,
            "book_valuer_per_share_4q_avg": 12.03,
            "equity": 562962,
            "current_ratio": 375.39,
            "debt_ratio": 15.47,
            "inventory_turnover_ratio": 1.23,
            "account_receivable_turnover_ratio": null,
            "reinvestment_rate": null,
            "research_to_sale_ratio": null,
            "price_fair": 3.29,
            "eps_avg_yearly": 1.1,
            "eps_latest_yearly": 0.6,
            "eps_growth_yearly": -106.49
        },
        "20052": {
            "year_quarter": 20052,
            "year": 2005,
            "quarter": 2,
            "eps": -0.25,
            "eps_growth_year": null,
            "eps_4q": 0.02,
            "eps_4q_growth_year": -95.67,
            "roe": -2.15,
            "roe_4q": 0.10999999999999988,
            "gross_profit": 24032,
            "gross_margin": 24.55,
            "gross_margin_4q_avg": 18.71,
            "net_income": -11665,
            "revenue": 97903,
            "common_shares": 474114,
            "book_valuer_per_share": 11.03,
            "book_valuer_per_share_4q_avg": 11.6,
            "equity": 522829,
            "current_ratio": 268.3,
            "debt_ratio": 18.52,
            "inventory_turnover_ratio": 2.51,
            "account_receivable_turnover_ratio": null,
            "reinvestment_rate": null,
            "research_to_sale_ratio": null,
            "price_fair": 3.29,
            "eps_avg_yearly": 1.1,
            "eps_latest_yearly": 0.6,
            "eps_growth_yearly": -106.49
        },
        "20053": {
            "year_quarter": 20053,
            "year": 2005,
            "quarter": 3,
            "eps": 0.08,
            "eps_growth_year": -42.86,
            "eps_4q": -0.04,
            "eps_4q_growth_year": -111.73,
            "roe": 0.74,
            "roe_4q": -0.34999999999999987,
            "gross_profit": 27873,
            "gross_margin": 18.89,
            "gross_margin_4q_avg": 19.05,
            "net_income": 3935,
            "revenue": 147520,
            "common_shares": 474114,
            "book_valuer_per_share": 11.48,
            "book_valuer_per_share_4q_avg": 11.5,
            "equity": 544481,
            "current_ratio": 317.85,
            "debt_ratio": 16.43,
            "inventory_turnover_ratio": 3.82,
            "account_receivable_turnover_ratio": null,
            "reinvestment_rate": null,
            "research_to_sale_ratio": null,
            "price_fair": 3.29,
            "eps_avg_yearly": 1.1,
            "eps_latest_yearly": 0.6,
            "eps_growth_yearly": -106.49
        },
        "20054": {
            "year_quarter": 20054,
            "year": 2005,
            "quarter": 4,
            "eps": 0.28,
            "eps_growth_year": 86.67,
            "eps_4q": 0.09,
            "eps_4q_growth_year": -70.94,
            "roe": 2.31,
            "roe_4q": 0.7399999999999999,
            "gross_profit": 35250,
            "gross_margin": 20.21,
            "gross_margin_4q_avg": 20.76,
            "net_income": 12870,
            "revenue": 174384,
            "common_shares": 474114,
            "book_valuer_per_share": 11.68,
            "book_valuer_per_share_4q_avg": 11.52,
            "equity": 572034,
            "current_ratio": 158.04,
            "debt_ratio": 33.73,
            "inventory_turnover_ratio": 1.67,
            "account_receivable_turnover_ratio": null,
            "reinvestment_rate": null,
            "research_to_sale_ratio": null,
            "price_fair": 38.5,
            "eps_avg_yearly": 1.1,
            "eps_latest_yearly": 1.12,
            "eps_growth_yearly": 31.82
        },
        "20061": {
            "year_quarter": 20061,
            "year": 2006,
            "quarter": 1,
            "eps": 0.06,
            "eps_growth_year": null,
            "eps_4q": 0.16,
            "eps_4q_growth_year": -38.51,
            "roe": 0.54,
            "roe_4q": 1.44,
            "gross_profit": 28432,
            "gross_margin": 23.48,
            "gross_margin_4q_avg": 21.78,
            "net_income": 3017,
            "revenue": 121085,
            "common_shares": 474114,
            "book_valuer_per_share": 11.72,
            "book_valuer_per_share_4q_avg": 11.48,
            "equity": 555716,
            "current_ratio": 345.03,
            "debt_ratio": 16.33,
            "inventory_turnover_ratio": 1.14,
            "account_receivable_turnover_ratio": null,
            "reinvestment_rate": null,
            "research_to_sale_ratio": null,
            "price_fair": 3.01,
            "eps_avg_yearly": 1,
            "eps_latest_yearly": 0.24,
            "eps_growth_yearly": -6.64
        },
        "20062": {
            "year_quarter": 20062,
            "year": 2006,
            "quarter": 2,
            "eps": 0.02,
            "eps_growth_year": null,
            "eps_4q": 0.47,
            "eps_4q_growth_year": 2091.92,
            "roe": 0.16,
            "roe_4q": 3.75,
            "gross_profit": 16800,
            "gross_margin": 16.17,
            "gross_margin_4q_avg": 19.69,
            "net_income": 887,
            "revenue": 103918,
            "common_shares": 474114,
            "book_valuer_per_share": 11.74,
            "book_valuer_per_share_4q_avg": 11.66,
            "equity": 556790,
            "current_ratio": 392.97,
            "debt_ratio": 14.93,
            "inventory_turnover_ratio": 3.38,
            "account_receivable_turnover_ratio": null,
            "reinvestment_rate": 134.71,
            "research_to_sale_ratio": null,
            "price_fair": 2.74,
            "eps_avg_yearly": 0.91,
            "eps_latest_yearly": 0.08,
            "eps_growth_yearly": -32.64
        },
        "20063": {
            "year_quarter": 20063,
            "year": 2006,
            "quarter": 3,
            "eps": 0.28,
            "eps_growth_year": 250,
            "eps_4q": 0.64,
            "eps_4q_growth_year": null,
            "roe": 2.35,
            "roe_4q": 5.36,
            "gross_profit": 18837,
            "gross_margin": 10.3,
            "gross_margin_4q_avg": 17.54,
            "net_income": 13185,
            "revenue": 182961,
            "common_shares": 474114,
            "book_valuer_per_share": 11.96,
            "book_valuer_per_share_4q_avg": 11.78,
            "equity": 566952,
            "current_ratio": 222.63,
            "debt_ratio": 20.53,
            "inventory_turnover_ratio": 7.27,
            "account_receivable_turnover_ratio": null,
            "reinvestment_rate": -18.97,
            "research_to_sale_ratio": null,
            "price_fair": 32.58,
            "eps_avg_yearly": 0.93,
            "eps_latest_yearly": 1.12,
            "eps_growth_yearly": 443.05
        },
        "20064": {
            "year_quarter": 20064,
            "year": 2006,
            "quarter": 4,
            "eps": -0.04,
            "eps_growth_year": -114.29,
            "eps_4q": 0.36,
            "eps_4q_growth_year": 290.4,
            "roe": -0.32,
            "roe_4q": 2.7300000000000004,
            "gross_profit": 19742,
            "gross_margin": 11.82,
            "gross_margin_4q_avg": 15.44,
            "net_income": -1856,
            "revenue": 167086,
            "common_shares": 474114,
            "book_valuer_per_share": 11.85,
            "book_valuer_per_share_4q_avg": 11.82,
            "equity": 579592,
            "current_ratio": 117.01,
            "debt_ratio": 43.57,
            "inventory_turnover_ratio": 1.82,
            "account_receivable_turnover_ratio": null,
            "reinvestment_rate": 107.3,
            "research_to_sale_ratio": null,
            "price_fair": 29.12,
            "eps_avg_yearly": 0.83,
            "eps_latest_yearly": 1.12,
            "eps_growth_yearly": 500.32
        },
        "20071": {
            "year_quarter": 20071,
            "year": 2007,
            "quarter": 1,
            "eps": -0.5,
            "eps_growth_year": -933.33,
            "eps_4q": -0.24,
            "eps_4q_growth_year": -247.77,
            "roe": -4.16,
            "roe_4q": -1.9700000000000004,
            "gross_profit": 10099,
            "gross_margin": 10.26,
            "gross_margin_4q_avg": 12.14,
            "net_income": -23467,
            "revenue": 98465,
            "common_shares": 474114,
            "book_valuer_per_share": 11.55,
            "book_valuer_per_share_4q_avg": 11.78,
            "equity": 547758,
            "current_ratio": 255.64,
            "debt_ratio": 17.71,
            "inventory_turnover_ratio": 1.07,
            "account_receivable_turnover_ratio": null,
            "reinvestment_rate": -25.58,
            "research_to_sale_ratio": null,
            "price_fair": 25.2,
            "eps_avg_yearly": 0.72,
            "eps_latest_yearly": 1.12,
            "eps_growth_yearly": 557.76
        },
        "20072": {
            "year_quarter": 20072,
            "year": 2007,
            "quarter": 2,
            "eps": -0.17,
            "eps_growth_year": -950,
            "eps_4q": -0.42,
            "eps_4q_growth_year": -190.17,
            "roe": -1.46,
            "roe_4q": -3.5900000000000003,
            "gross_profit": 14653,
            "gross_margin": 16.1,
            "gross_margin_4q_avg": 12.12,
            "net_income": -7825,
            "revenue": 90987,
            "common_shares": 474114,
            "book_valuer_per_share": 10.99,
            "book_valuer_per_share_4q_avg": 11.59,
            "equity": 521004,
            "current_ratio": 174.19,
            "debt_ratio": 24.14,
            "inventory_turnover_ratio": 2.71,
            "account_receivable_turnover_ratio": null,
            "reinvestment_rate": -12.21,
            "research_to_sale_ratio": null,
            "price_fair": 22.75,
            "eps_avg_yearly": 0.65,
            "eps_latest_yearly": 1.12,
            "eps_growth_yearly": 642.7
        },
        "20073": {
            "year_quarter": 20073,
            "year": 2007,
            "quarter": 3,
            "eps": -0.19,
            "eps_growth_year": -167.86,
            "eps_4q": -0.88,
            "eps_4q_growth_year": -238.1,
            "roe": -1.63,
            "roe_4q": -7.57,
            "gross_profit": 13837,
            "gross_margin": 11.6,
            "gross_margin_4q_avg": 12.45,
            "net_income": -8508,
            "revenue": 119318,
            "common_shares": 474114,
            "book_valuer_per_share": 10.96,
            "book_valuer_per_share_4q_avg": 11.34,
            "equity": 519770,
            "current_ratio": 135.24,
            "debt_ratio": 29.06,
            "inventory_turnover_ratio": 3.92,
            "account_receivable_turnover_ratio": null,
            "reinvestment_rate": 165.21,
            "research_to_sale_ratio": null,
            "price_fair": 19.8,
            "eps_avg_yearly": 0.57,
            "eps_latest_yearly": 1.12,
            "eps_growth_yearly": 736.3
        },
        "20074": {
            "year_quarter": 20074,
            "year": 2007,
            "quarter": 4,
            "eps": -0.64,
            "eps_growth_year": null,
            "eps_4q": -1.44,
            "eps_4q_growth_year": -499.82,
            "roe": -5.04,
            "roe_4q": -12.29,
            "gross_profit": 13890,
            "gross_margin": 12.71,
            "gross_margin_4q_avg": 12.67,
            "net_income": -29469,
            "revenue": 109313,
            "common_shares": 474114,
            "book_valuer_per_share": 13.33,
            "book_valuer_per_share_4q_avg": 11.71,
            "equity": 648739,
            "current_ratio": 186.6,
            "debt_ratio": 50.31,
            "inventory_turnover_ratio": 1.12,
            "account_receivable_turnover_ratio": null,
            "reinvestment_rate": null,
            "research_to_sale_ratio": null,
            "price_fair": 19.37,
            "eps_avg_yearly": 0.55,
            "eps_latest_yearly": 1.12,
            "eps_growth_yearly": 891.27
        },
        "20081": {
            "year_quarter": 20081,
            "year": 2008,
            "quarter": 1,
            "eps": -0.39,
            "eps_growth_year": null,
            "eps_4q": -1.11,
            "eps_4q_growth_year": null,
            "roe": -3.39,
            "roe_4q": -11.52,
            "gross_profit": 8121,
            "gross_margin": 6.81,
            "gross_margin_4q_avg": 11.81,
            "net_income": -24147,
            "revenue": 119330,
            "common_shares": 669646,
            "book_valuer_per_share": 11.33,
            "book_valuer_per_share_4q_avg": 11.65,
            "equity": 774071,
            "current_ratio": 137.68,
            "debt_ratio": 38.64,
            "inventory_turnover_ratio": 0.77,
            "account_receivable_turnover_ratio": null,
            "reinvestment_rate": null,
            "research_to_sale_ratio": null,
            "price_fair": 22.12,
            "eps_avg_yearly": 0.63,
            "eps_latest_yearly": 1.12,
            "eps_growth_yearly": 1129.52
        },
        "20082": {
            "year_quarter": 20082,
            "year": 2008,
            "quarter": 2,
            "eps": -1.67,
            "eps_growth_year": null,
            "eps_4q": -2.48,
            "eps_4q_growth_year": null,
            "roe": -14.9,
            "roe_4q": -24.959999999999997,
            "gross_profit": -8340,
            "gross_margin": -4.86,
            "gross_margin_4q_avg": 6.57,
            "net_income": -106922,
            "revenue": 171495,
            "common_shares": 675677,
            "book_valuer_per_share": 9.54,
            "book_valuer_per_share_4q_avg": 11.29,
            "equity": 660958,
            "current_ratio": 98,
            "debt_ratio": 44.9,
            "inventory_turnover_ratio": 1.17,
            "account_receivable_turnover_ratio": null,
            "reinvestment_rate": null,
            "research_to_sale_ratio": null,
            "price_fair": 22.12,
            "eps_avg_yearly": 0.63,
            "eps_latest_yearly": 1.12,
            "eps_growth_yearly": 1129.52
        },
        "20083": {
            "year_quarter": 20083,
            "year": 2008,
            "quarter": 3,
            "eps": -0.68,
            "eps_growth_year": null,
            "eps_4q": -3,
            "eps_4q_growth_year": null,
            "roe": -7.05,
            "roe_4q": -30.38,
            "gross_profit": 8109,
            "gross_margin": 6.18,
            "gross_margin_4q_avg": 5.21,
            "net_income": -45847,
            "revenue": 131150,
            "common_shares": 676496,
            "book_valuer_per_share": 8.94,
            "book_valuer_per_share_4q_avg": 10.79,
            "equity": 639170,
            "current_ratio": 93.82,
            "debt_ratio": 47.12,
            "inventory_turnover_ratio": 0.7,
            "account_receivable_turnover_ratio": null,
            "reinvestment_rate": null,
            "research_to_sale_ratio": null,
            "price_fair": 22.12,
            "eps_avg_yearly": 0.63,
            "eps_latest_yearly": 1.12,
            "eps_growth_yearly": 1129.52
        },
        "20084": {
            "year_quarter": 20084,
            "year": 2008,
            "quarter": 4,
            "eps": -1.52,
            "eps_growth_year": null,
            "eps_4q": -4.07,
            "eps_4q_growth_year": null,
            "roe": -17.66,
            "roe_4q": -43,
            "gross_profit": -43290,
            "gross_margin": -27.76,
            "gross_margin_4q_avg": -4.91,
            "net_income": -102285,
            "revenue": 155928,
            "common_shares": 676496,
            "book_valuer_per_share": 7.47,
            "book_valuer_per_share_4q_avg": 9.32,
            "equity": 519123,
            "current_ratio": 74.49,
            "debt_ratio": 49.2,
            "inventory_turnover_ratio": 1.34,
            "account_receivable_turnover_ratio": 2.94,
            "reinvestment_rate": null,
            "research_to_sale_ratio": null,
            "price_fair": 22.4,
            "eps_avg_yearly": 0.64,
            "eps_latest_yearly": 1.12,
            "eps_growth_yearly": 1404.76
        },
        "20091": {
            "year_quarter": 20091,
            "year": 2009,
            "quarter": 1,
            "eps": -0.44,
            "eps_growth_year": null,
            "eps_4q": -4.14,
            "eps_4q_growth_year": null,
            "roe": -5.94,
            "roe_4q": -45.550000000000004,
            "gross_profit": -4153,
            "gross_margin": -5.56,
            "gross_margin_4q_avg": -8,
            "net_income": -30122,
            "revenue": 74653,
            "common_shares": 676496,
            "book_valuer_per_share": 7.11,
            "book_valuer_per_share_4q_avg": 8.27,
            "equity": 494260,
            "current_ratio": 63.32,
            "debt_ratio": 48.81,
            "inventory_turnover_ratio": 0.78,
            "account_receivable_turnover_ratio": 0.83,
            "reinvestment_rate": null,
            "research_to_sale_ratio": null,
            "price_fair": 22.4,
            "eps_avg_yearly": 0.64,
            "eps_latest_yearly": 1.12,
            "eps_growth_yearly": 1404.76
        },
        "20092": {
            "year_quarter": 20092,
            "year": 2009,
            "quarter": 2,
            "eps": -0.45,
            "eps_growth_year": null,
            "eps_4q": -3.01,
            "eps_4q_growth_year": null,
            "roe": -6.35,
            "roe_4q": -37,
            "gross_profit": 19257,
            "gross_margin": 14.1,
            "gross_margin_4q_avg": -3.26,
            "net_income": -30391,
            "revenue": 136569,
            "common_shares": 676496,
            "book_valuer_per_share": 6.66,
            "book_valuer_per_share_4q_avg": 7.55,
            "equity": 463644,
            "current_ratio": 122.45,
            "debt_ratio": 49.21,
            "inventory_turnover_ratio": 1.31,
            "account_receivable_turnover_ratio": 1.64,
            "reinvestment_rate": null,
            "research_to_sale_ratio": null,
            "price_fair": 22.4,
            "eps_avg_yearly": 0.64,
            "eps_latest_yearly": 1.12,
            "eps_growth_yearly": 1404.76
        },
        "20093": {
            "year_quarter": 20093,
            "year": 2009,
            "quarter": 3,
            "eps": -1.46,
            "eps_growth_year": null,
            "eps_4q": -5.09,
            "eps_4q_growth_year": null,
            "roe": -15.18,
            "roe_4q": -45.13,
            "gross_profit": -1687,
            "gross_margin": -1.07,
            "gross_margin_4q_avg": -5.07,
            "net_income": -64151,
            "revenue": 158251,
            "common_shares": 439817,
            "book_valuer_per_share": 8.67,
            "book_valuer_per_share_4q_avg": 7.48,
            "equity": 381359,
            "current_ratio": 92.3,
            "debt_ratio": 45.79,
            "inventory_turnover_ratio": 2.14,
            "account_receivable_turnover_ratio": 1.57,
            "reinvestment_rate": null,
            "research_to_sale_ratio": null,
            "price_fair": 22.4,
            "eps_avg_yearly": 0.64,
            "eps_latest_yearly": 1.12,
            "eps_growth_yearly": 1404.76
        },
        "20094": {
            "year_quarter": 20094,
            "year": 2009,
            "quarter": 4,
            "eps": -1.35,
            "eps_growth_year": null,
            "eps_4q": -4.17,
            "eps_4q_growth_year": null,
            "roe": -16.8,
            "roe_4q": -44.269999999999996,
            "gross_profit": 1955,
            "gross_margin": 2.04,
            "gross_margin_4q_avg": 2.38,
            "net_income": -59260,
            "revenue": 96056,
            "common_shares": 439817,
            "book_valuer_per_share": 7.37,
            "book_valuer_per_share_4q_avg": 7.45,
            "equity": 324262,
            "current_ratio": 83.08,
            "debt_ratio": 50.21,
            "inventory_turnover_ratio": 1.73,
            "account_receivable_turnover_ratio": 1.76,
            "reinvestment_rate": null,
            "research_to_sale_ratio": null,
            "price_fair": 16.8,
            "eps_avg_yearly": 0.48,
            "eps_latest_yearly": 1.12,
            "eps_growth_yearly": 1539.68
        },
        "20101": {
            "year_quarter": 20101,
            "year": 2010,
            "quarter": 1,
            "eps": -0.33,
            "eps_growth_year": null,
            "eps_4q": -3.82,
            "eps_4q_growth_year": null,
            "roe": -4.57,
            "roe_4q": -42.9,
            "gross_profit": 16611,
            "gross_margin": 13.35,
            "gross_margin_4q_avg": 7.11,
            "net_income": -14468,
            "revenue": 124433,
            "common_shares": 439817,
            "book_valuer_per_share": 7.03,
            "book_valuer_per_share_4q_avg": 7.43,
            "equity": 309230,
            "current_ratio": 83.36,
            "debt_ratio": 52.77,
            "inventory_turnover_ratio": 2.09,
            "account_receivable_turnover_ratio": 1.18,
            "reinvestment_rate": null,
            "research_to_sale_ratio": 2.93,
            "price_fair": 21,
            "eps_avg_yearly": 0.6,
            "eps_latest_yearly": 1.12,
            "eps_growth_yearly": 2466.67
        },
        "20102": {
            "year_quarter": 20102,
            "year": 2010,
            "quarter": 2,
            "eps": 0.04,
            "eps_growth_year": null,
            "eps_4q": -3.1,
            "eps_4q_growth_year": null,
            "roe": 0.52,
            "roe_4q": -36.03,
            "gross_profit": 26706,
            "gross_margin": 16.57,
            "gross_margin_4q_avg": 7.72,
            "net_income": 1616,
            "revenue": 161149,
            "common_shares": 439817,
            "book_valuer_per_share": 7.07,
            "book_valuer_per_share_4q_avg": 7.54,
            "equity": 310873,
            "current_ratio": 84.63,
            "debt_ratio": 54.74,
            "inventory_turnover_ratio": 2.29,
            "account_receivable_turnover_ratio": 1.38,
            "reinvestment_rate": null,
            "research_to_sale_ratio": 2.03,
            "price_fair": 39.2,
            "eps_avg_yearly": 1.12,
            "eps_latest_yearly": 1.12,
            "eps_growth_yearly": 5200
        },
        "20103": {
            "year_quarter": 20103,
            "year": 2010,
            "quarter": 3,
            "eps": -0.13,
            "eps_growth_year": null,
            "eps_4q": -1.77,
            "eps_4q_growth_year": null,
            "roe": -1.82,
            "roe_4q": -22.67,
            "gross_profit": 27088,
            "gross_margin": 15.77,
            "gross_margin_4q_avg": 11.93,
            "net_income": -5591,
            "revenue": 171810,
            "common_shares": 439817,
            "book_valuer_per_share": 6.92,
            "book_valuer_per_share_4q_avg": 7.1,
            "equity": 304551,
            "current_ratio": 80.82,
            "debt_ratio": 56.35,
            "inventory_turnover_ratio": 2.56,
            "account_receivable_turnover_ratio": 1.3,
            "reinvestment_rate": null,
            "research_to_sale_ratio": 2.05,
            "price_fair": 0,
            "eps_avg_yearly": 0,
            "eps_latest_yearly": 0,
            "eps_growth_yearly": 0
        },
        "20104": {
            "year_quarter": 20104,
            "year": 2010,
            "quarter": 4,
            "eps": -0.25,
            "eps_growth_year": null,
            "eps_4q": -0.67,
            "eps_4q_growth_year": null,
            "roe": -3.78,
            "roe_4q": -9.65,
            "gross_profit": 14555,
            "gross_margin": 13.98,
            "gross_margin_4q_avg": 14.92,
            "net_income": -11196,
            "revenue": 104086,
            "common_shares": 439817,
            "book_valuer_per_share": 6.55,
            "book_valuer_per_share_4q_avg": 6.89,
            "equity": 287953,
            "current_ratio": 76.61,
            "debt_ratio": 53.96,
            "inventory_turnover_ratio": 1.81,
            "account_receivable_turnover_ratio": 0.98,
            "reinvestment_rate": null,
            "research_to_sale_ratio": 3.18,
            "price_fair": 0,
            "eps_avg_yearly": 0,
            "eps_latest_yearly": 0,
            "eps_growth_yearly": 0
        },
        "20111": {
            "year_quarter": 20111,
            "year": 2011,
            "quarter": 1,
            "eps": -0.51,
            "eps_growth_year": null,
            "eps_4q": -0.85,
            "eps_4q_growth_year": null,
            "roe": -8.03,
            "roe_4q": -13.11,
            "gross_profit": 2066,
            "gross_margin": 2.85,
            "gross_margin_4q_avg": 12.29,
            "net_income": -22295,
            "revenue": 72536,
            "common_shares": 439817,
            "book_valuer_per_share": 6.07,
            "book_valuer_per_share_4q_avg": 6.65,
            "equity": 267155,
            "current_ratio": 69.65,
            "debt_ratio": 54.21,
            "inventory_turnover_ratio": 1.42,
            "account_receivable_turnover_ratio": 1.1,
            "reinvestment_rate": null,
            "research_to_sale_ratio": 0,
            "price_fair": 0,
            "eps_avg_yearly": 0,
            "eps_latest_yearly": 0,
            "eps_growth_yearly": 0
        },
        "20112": {
            "year_quarter": 20112,
            "year": 2011,
            "quarter": 2,
            "eps": -0.62,
            "eps_growth_year": -1778.07,
            "eps_4q": -1.51,
            "eps_4q_growth_year": null,
            "roe": -10.73,
            "roe_4q": -24.36,
            "gross_profit": -465,
            "gross_margin": -0.54,
            "gross_margin_4q_avg": 8.02,
            "net_income": -27118,
            "revenue": 85923,
            "common_shares": 439817,
            "book_valuer_per_share": 5.42,
            "book_valuer_per_share_4q_avg": 6.24,
            "equity": 238477,
            "current_ratio": 62.71,
            "debt_ratio": 58.17,
            "inventory_turnover_ratio": 1.75,
            "account_receivable_turnover_ratio": 1.64,
            "reinvestment_rate": null,
            "research_to_sale_ratio": 0,
            "price_fair": 0,
            "eps_avg_yearly": 0,
            "eps_latest_yearly": 0,
            "eps_growth_yearly": 0
        },
        "20113": {
            "year_quarter": 20113,
            "year": 2011,
            "quarter": 3,
            "eps": -0.21,
            "eps_growth_year": null,
            "eps_4q": -1.59,
            "eps_4q_growth_year": null,
            "roe": -3.98,
            "roe_4q": -26.520000000000003,
            "gross_profit": 12022,
            "gross_margin": 13.87,
            "gross_margin_4q_avg": 7.54,
            "net_income": -9407,
            "revenue": 86674,
            "common_shares": 439817,
            "book_valuer_per_share": 5.31,
            "book_valuer_per_share_4q_avg": 5.84,
            "equity": 233691,
            "current_ratio": 58.59,
            "debt_ratio": 57.99,
            "inventory_turnover_ratio": 1.67,
            "account_receivable_turnover_ratio": 1.62,
            "reinvestment_rate": null,
            "research_to_sale_ratio": 0,
            "price_fair": 0,
            "eps_avg_yearly": 0,
            "eps_latest_yearly": 0,
            "eps_growth_yearly": 0
        },
        "20114": {
            "year_quarter": 20114,
            "year": 2011,
            "quarter": 4,
            "eps": -0.86,
            "eps_growth_year": null,
            "eps_4q": -1.56,
            "eps_4q_growth_year": null,
            "roe": -21,
            "roe_4q": -43.74,
            "gross_profit": -3477,
            "gross_margin": -4.07,
            "gross_margin_4q_avg": 3.03,
            "net_income": -71921,
            "revenue": 85342,
            "common_shares": 839817,
            "book_valuer_per_share": 5.37,
            "book_valuer_per_share_4q_avg": 5.54,
            "equity": 451170,
            "current_ratio": 172.03,
            "debt_ratio": 41.48,
            "inventory_turnover_ratio": 2.3,
            "account_receivable_turnover_ratio": 1.54,
            "reinvestment_rate": null,
            "research_to_sale_ratio": 0,
            "price_fair": 0,
            "eps_avg_yearly": 0,
            "eps_latest_yearly": 0,
            "eps_growth_yearly": 0
        },
        "20121": {
            "year_quarter": 20121,
            "year": 2012,
            "quarter": 1,
            "eps": -0.22,
            "eps_growth_year": null,
            "eps_4q": -1.51,
            "eps_4q_growth_year": null,
            "roe": -4.21,
            "roe_4q": -39.92,
            "gross_profit": 8828,
            "gross_margin": 8.59,
            "gross_margin_4q_avg": 4.46,
            "net_income": -18727,
            "revenue": 102797,
            "common_shares": 839817,
            "book_valuer_per_share": 5.22,
            "book_valuer_per_share_4q_avg": 5.33,
            "equity": 438135,
            "current_ratio": 270.14,
            "debt_ratio": 43.15,
            "inventory_turnover_ratio": 5.31,
            "account_receivable_turnover_ratio": 1.76,
            "reinvestment_rate": null,
            "research_to_sale_ratio": null,
            "price_fair": 0,
            "eps_avg_yearly": 0,
            "eps_latest_yearly": 0,
            "eps_growth_yearly": 0
        },
        "20122": {
            "year_quarter": 20122,
            "year": 2012,
            "quarter": 2,
            "eps": 1.89,
            "eps_growth_year": null,
            "eps_4q": -0.63,
            "eps_4q_growth_year": null,
            "roe": 16.8,
            "roe_4q": -12.39,
            "gross_profit": 34033,
            "gross_margin": 18.72,
            "gross_margin_4q_avg": 9.28,
            "net_income": 75013,
            "revenue": 181844,
            "common_shares": 396000,
            "book_valuer_per_share": 0,
            "book_valuer_per_share_4q_avg": 3.98,
            "equity": 454980,
            "current_ratio": 286.77,
            "debt_ratio": 34.87,
            "inventory_turnover_ratio": 6.23,
            "account_receivable_turnover_ratio": 1.66,
            "reinvestment_rate": null,
            "research_to_sale_ratio": null,
            "price_fair": 0,
            "eps_avg_yearly": 0,
            "eps_latest_yearly": 0,
            "eps_growth_yearly": 0
        },
        "20123": {
            "year_quarter": 20123,
            "year": 2012,
            "quarter": 3,
            "eps": 0.25,
            "eps_growth_year": null,
            "eps_4q": -0.14,
            "eps_4q_growth_year": null,
            "roe": 2.16,
            "roe_4q": -6.25,
            "gross_profit": 39539,
            "gross_margin": 18.47,
            "gross_margin_4q_avg": 10.43,
            "net_income": 9963,
            "revenue": 214069,
            "common_shares": 396000,
            "book_valuer_per_share": 0,
            "book_valuer_per_share_4q_avg": 2.65,
            "equity": 466888,
            "current_ratio": 316.27,
            "debt_ratio": 31.38,
            "inventory_turnover_ratio": 3.88,
            "account_receivable_turnover_ratio": 1.57,
            "reinvestment_rate": null,
            "research_to_sale_ratio": 3.26,
            "price_fair": 3,
            "eps_avg_yearly": 1,
            "eps_latest_yearly": 1,
            "eps_growth_yearly": -347.09
        },
        "20124": {
            "year_quarter": 20124,
            "year": 2012,
            "quarter": 4,
            "eps": 0.68,
            "eps_growth_year": null,
            "eps_4q": 2.36,
            "eps_4q_growth_year": null,
            "roe": 5.59,
            "roe_4q": 20.34,
            "gross_profit": 35384,
            "gross_margin": 14.53,
            "gross_margin_4q_avg": 15.08,
            "net_income": 26622,
            "revenue": 243492,
            "common_shares": 396000,
            "book_valuer_per_share": 12.35,
            "book_valuer_per_share_4q_avg": 4.39,
            "equity": 485715,
            "current_ratio": 264.92,
            "debt_ratio": 33.66,
            "inventory_turnover_ratio": 4.09,
            "account_receivable_turnover_ratio": 1.75,
            "reinvestment_rate": null,
            "research_to_sale_ratio": 2.88,
            "price_fair": 65.1,
            "eps_avg_yearly": 1.86,
            "eps_latest_yearly": 2.72,
            "eps_growth_yearly": 170.46
        },
        "20131": {
            "year_quarter": 20131,
            "year": 2013,
            "quarter": 1,
            "eps": 0.41,
            "eps_growth_year": null,
            "eps_4q": 3.22,
            "eps_4q_growth_year": null,
            "roe": 3.23,
            "roe_4q": 27.78,
            "gross_profit": 30735,
            "gross_margin": 15.38,
            "gross_margin_4q_avg": 16.78,
            "net_income": 15983,
            "revenue": 199783,
            "common_shares": 396000,
            "book_valuer_per_share": 12.71,
            "book_valuer_per_share_4q_avg": 6.27,
            "equity": 503421,
            "current_ratio": 200.93,
            "debt_ratio": 50.68,
            "inventory_turnover_ratio": 2.9,
            "account_receivable_turnover_ratio": 1.28,
            "reinvestment_rate": null,
            "research_to_sale_ratio": 2.9,
            "price_fair": 62.53,
            "eps_avg_yearly": 1.79,
            "eps_latest_yearly": 1.64,
            "eps_growth_yearly": 60.7
        },
        "20132": {
            "year_quarter": 20132,
            "year": 2013,
            "quarter": 2,
            "eps": 0.51,
            "eps_growth_year": -73.08,
            "eps_4q": 1.72,
            "eps_4q_growth_year": null,
            "roe": 4.41,
            "roe_4q": 15.39,
            "gross_profit": 106961,
            "gross_margin": 21.68,
            "gross_margin_4q_avg": 17.52,
            "net_income": 21885,
            "revenue": 493468,
            "common_shares": 396000,
            "book_valuer_per_share": 12.41,
            "book_valuer_per_share_4q_avg": 9.37,
            "equity": 488122,
            "current_ratio": 137.86,
            "debt_ratio": 64.12,
            "inventory_turnover_ratio": 2.56,
            "account_receivable_turnover_ratio": 1.87,
            "reinvestment_rate": null,
            "research_to_sale_ratio": 1.17,
            "price_fair": 64.75,
            "eps_avg_yearly": 1.85,
            "eps_latest_yearly": 2.04,
            "eps_growth_yearly": 69.91
        },
        "20133": {
            "year_quarter": 20133,
            "year": 2013,
            "quarter": 3,
            "eps": -0.07,
            "eps_growth_year": -127.82,
            "eps_4q": 1.42,
            "eps_4q_growth_year": null,
            "roe": -0.62,
            "roe_4q": 12.61,
            "gross_profit": 73405,
            "gross_margin": 21.15,
            "gross_margin_4q_avg": 18.19,
            "net_income": -3009,
            "revenue": 347053,
            "common_shares": 435340,
            "book_valuer_per_share": 11.24,
            "book_valuer_per_share_4q_avg": 12.18,
            "equity": 486267,
            "current_ratio": 174.43,
            "debt_ratio": 50.68,
            "inventory_turnover_ratio": 1.38,
            "account_receivable_turnover_ratio": 1.01,
            "reinvestment_rate": null,
            "research_to_sale_ratio": 1.49,
            "price_fair": 64.75,
            "eps_avg_yearly": 1.85,
            "eps_latest_yearly": 2.04,
            "eps_growth_yearly": 69.91
        },
        "20134": {
            "year_quarter": 20134,
            "year": 2013,
            "quarter": 4,
            "eps": 0.12,
            "eps_growth_year": -81.74,
            "eps_4q": 0.93,
            "eps_4q_growth_year": -60.64,
            "roe": 1.09,
            "roe_4q": 8.11,
            "gross_profit": 63425,
            "gross_margin": 18.22,
            "gross_margin_4q_avg": 19.11,
            "net_income": 5347,
            "revenue": 348091,
            "common_shares": 435340,
            "book_valuer_per_share": 11.42,
            "book_valuer_per_share_4q_avg": 11.95,
            "equity": 493995,
            "current_ratio": 163.33,
            "debt_ratio": 53.53,
            "inventory_turnover_ratio": 1.69,
            "account_receivable_turnover_ratio": 1.3,
            "reinvestment_rate": null,
            "research_to_sale_ratio": 1.37,
            "price_fair": 64.75,
            "eps_avg_yearly": 1.85,
            "eps_latest_yearly": 2.04,
            "eps_growth_yearly": 69.91
        },
        "20141": {
            "year_quarter": 20141,
            "year": 2014,
            "quarter": 1,
            "eps": 0.43,
            "eps_growth_year": 4.88,
            "eps_4q": 0.99,
            "eps_4q_growth_year": -69.3,
            "roe": 3.68,
            "roe_4q": 8.56,
            "gross_profit": 81196,
            "gross_margin": 18.73,
            "gross_margin_4q_avg": 19.95,
            "net_income": 18581,
            "revenue": 433424,
            "common_shares": 435340,
            "book_valuer_per_share": 11.9,
            "book_valuer_per_share_4q_avg": 11.74,
            "equity": 514768,
            "current_ratio": 162.39,
            "debt_ratio": 53.68,
            "inventory_turnover_ratio": 1.87,
            "account_receivable_turnover_ratio": 1.56,
            "reinvestment_rate": -4597.04,
            "research_to_sale_ratio": 1.3,
            "price_fair": 63.84,
            "eps_avg_yearly": 1.82,
            "eps_latest_yearly": 1.72,
            "eps_growth_yearly": 262.6
        },
        "20142": {
            "year_quarter": 20142,
            "year": 2014,
            "quarter": 2,
            "eps": 0.17,
            "eps_growth_year": -66.67,
            "eps_4q": 0.65,
            "eps_4q_growth_year": -62.07,
            "roe": 1.46,
            "roe_4q": 5.61,
            "gross_profit": 72344,
            "gross_margin": 17.7,
            "gross_margin_4q_avg": 18.95,
            "net_income": 7324,
            "revenue": 408620,
            "common_shares": 435340,
            "book_valuer_per_share": 11.26,
            "book_valuer_per_share_4q_avg": 11.46,
            "equity": 487143,
            "current_ratio": 152.12,
            "debt_ratio": 56.47,
            "inventory_turnover_ratio": 1.91,
            "account_receivable_turnover_ratio": 1.29,
            "reinvestment_rate": -2414.75,
            "research_to_sale_ratio": 1.19,
            "price_fair": 57.17,
            "eps_avg_yearly": 1.63,
            "eps_latest_yearly": 0.68,
            "eps_growth_yearly": 178.52
        },
        "20143": {
            "year_quarter": 20143,
            "year": 2014,
            "quarter": 3,
            "eps": 0.12,
            "eps_growth_year": null,
            "eps_4q": 0.84,
            "eps_4q_growth_year": -40.88,
            "roe": 1.07,
            "roe_4q": 7.300000000000001,
            "gross_profit": 60946,
            "gross_margin": 18.72,
            "gross_margin_4q_avg": 18.34,
            "net_income": 5244,
            "revenue": 325650,
            "common_shares": 437090,
            "book_valuer_per_share": 11.33,
            "book_valuer_per_share_4q_avg": 11.48,
            "equity": 492423,
            "current_ratio": 153.88,
            "debt_ratio": 55.35,
            "inventory_turnover_ratio": 1.38,
            "account_receivable_turnover_ratio": 1.08,
            "reinvestment_rate": -1314.98,
            "research_to_sale_ratio": 1.63,
            "price_fair": 51.4,
            "eps_avg_yearly": 1.47,
            "eps_latest_yearly": 0.48,
            "eps_growth_yearly": 136.21
        },
        "20144": {
            "year_quarter": 20144,
            "year": 2014,
            "quarter": 4,
            "eps": 0.19,
            "eps_growth_year": 55.68,
            "eps_4q": 0.91,
            "eps_4q_growth_year": -2.13,
            "roe": 1.68,
            "roe_4q": 7.890000000000001,
            "gross_profit": 57380,
            "gross_margin": 17.14,
            "gross_margin_4q_avg": 18.07,
            "net_income": 8358,
            "revenue": 334699,
            "common_shares": 437090,
            "book_valuer_per_share": 11.57,
            "book_valuer_per_share_4q_avg": 11.52,
            "equity": 502730,
            "current_ratio": 154.45,
            "debt_ratio": 53.67,
            "inventory_turnover_ratio": 1.2,
            "account_receivable_turnover_ratio": 1.11,
            "reinvestment_rate": -603.21,
            "research_to_sale_ratio": 1.94,
            "price_fair": 48.3,
            "eps_avg_yearly": 1.38,
            "eps_latest_yearly": 0.76,
            "eps_growth_yearly": 148.35
        },
        "20151": {
            "year_quarter": 20151,
            "year": 2015,
            "quarter": 1,
            "eps": -0.22,
            "eps_growth_year": -151.16,
            "eps_4q": 0.26,
            "eps_4q_growth_year": -73.41,
            "roe": -1.9,
            "roe_4q": 2.31,
            "gross_profit": 62790,
            "gross_margin": 18.37,
            "gross_margin_4q_avg": 17.98,
            "net_income": -9479,
            "revenue": 341778,
            "common_shares": 437790,
            "book_valuer_per_share": 11.35,
            "book_valuer_per_share_4q_avg": 11.38,
            "equity": 493983,
            "current_ratio": 149.53,
            "debt_ratio": 54.61,
            "inventory_turnover_ratio": 1.16,
            "account_receivable_turnover_ratio": 1.09,
            "reinvestment_rate": -394.96,
            "research_to_sale_ratio": 1.71,
            "price_fair": 48.3,
            "eps_avg_yearly": 1.38,
            "eps_latest_yearly": 0.76,
            "eps_growth_yearly": 148.35
        },
        "20152": {
            "year_quarter": 20152,
            "year": 2015,
            "quarter": 2,
            "eps": -0.63,
            "eps_growth_year": -470.59,
            "eps_4q": -0.54,
            "eps_4q_growth_year": -182.42,
            "roe": -5.9,
            "roe_4q": -5.050000000000001,
            "gross_profit": 39050,
            "gross_margin": 10.77,
            "gross_margin_4q_avg": 16.25,
            "net_income": -27538,
            "revenue": 362580,
            "common_shares": 437890,
            "book_valuer_per_share": 10.11,
            "book_valuer_per_share_4q_avg": 11.09,
            "equity": 439982,
            "current_ratio": 130.68,
            "debt_ratio": 61,
            "inventory_turnover_ratio": 1.41,
            "account_receivable_turnover_ratio": 1.06,
            "reinvestment_rate": -305.25,
            "research_to_sale_ratio": 1.59,
            "price_fair": 48.3,
            "eps_avg_yearly": 1.38,
            "eps_latest_yearly": 0.76,
            "eps_growth_yearly": 148.35
        },
        "20153": {
            "year_quarter": 20153,
            "year": 2015,
            "quarter": 3,
            "eps": -0.62,
            "eps_growth_year": -616.67,
            "eps_4q": -1.27,
            "eps_4q_growth_year": -251.6,
            "roe": -6.27,
            "roe_4q": -12.39,
            "gross_profit": 11364,
            "gross_margin": 3.83,
            "gross_margin_4q_avg": 12.53,
            "net_income": -26772,
            "revenue": 296338,
            "common_shares": 437890,
            "book_valuer_per_share": 9.51,
            "book_valuer_per_share_4q_avg": 10.64,
            "equity": 413804,
            "current_ratio": 130.91,
            "debt_ratio": 57.06,
            "inventory_turnover_ratio": 1.56,
            "account_receivable_turnover_ratio": 0.84,
            "reinvestment_rate": -436.8,
            "research_to_sale_ratio": 1.92,
            "price_fair": 48.3,
            "eps_avg_yearly": 1.38,
            "eps_latest_yearly": 0.76,
            "eps_growth_yearly": 148.35
        },
        "20154": {
            "year_quarter": 20154,
            "year": 2015,
            "quarter": 4,
            "eps": -1.13,
            "eps_growth_year": -686.34,
            "eps_4q": -2.59,
            "eps_4q_growth_year": -385.21,
            "roe": -13.15,
            "roe_4q": -27.22,
            "gross_profit": 2936,
            "gross_margin": 1.12,
            "gross_margin_4q_avg": 8.52,
            "net_income": -54046,
            "revenue": 261839,
            "common_shares": 437890,
            "book_valuer_per_share": 9.43,
            "book_valuer_per_share_4q_avg": 10.1,
            "equity": 408191,
            "current_ratio": 131.03,
            "debt_ratio": 55.46,
            "inventory_turnover_ratio": 2.07,
            "account_receivable_turnover_ratio": 0.79,
            "reinvestment_rate": -146.29,
            "research_to_sale_ratio": 1.67,
            "price_fair": 48.3,
            "eps_avg_yearly": 1.38,
            "eps_latest_yearly": 0.76,
            "eps_growth_yearly": 148.35
        },
        "20161": {
            "year_quarter": 20161,
            "year": 2016,
            "quarter": 1,
            "eps": -0.47,
            "eps_growth_year": null,
            "eps_4q": -2.84,
            "eps_4q_growth_year": -1181.2,
            "roe": -5.72,
            "roe_4q": -31.04,
            "gross_profit": 49259,
            "gross_margin": 17.37,
            "gross_margin_4q_avg": 8.27,
            "net_income": -22711,
            "revenue": 283517,
            "common_shares": 435290,
            "book_valuer_per_share": 8.97,
            "book_valuer_per_share_4q_avg": 9.51,
            "equity": 385926,
            "current_ratio": 133.35,
            "debt_ratio": 54.3,
            "inventory_turnover_ratio": 2.51,
            "account_receivable_turnover_ratio": 1.05,
            "reinvestment_rate": 396.24,
            "research_to_sale_ratio": 1.47,
            "price_fair": 48.3,
            "eps_avg_yearly": 1.38,
            "eps_latest_yearly": 0.76,
            "eps_growth_yearly": 148.35
        },
        "20162": {
            "year_quarter": 20162,
            "year": 2016,
            "quarter": 2,
            "eps": -0.83,
            "eps_growth_year": null,
            "eps_4q": -3.05,
            "eps_4q_growth_year": null,
            "roe": -12.41,
            "roe_4q": -37.55,
            "gross_profit": 34377,
            "gross_margin": 10.87,
            "gross_margin_4q_avg": 8.3,
            "net_income": -45097,
            "revenue": 316315,
            "common_shares": 435290,
            "book_valuer_per_share": 8.14,
            "book_valuer_per_share_4q_avg": 9.01,
            "equity": 341013,
            "current_ratio": 160.22,
            "debt_ratio": 54.49,
            "inventory_turnover_ratio": 3.11,
            "account_receivable_turnover_ratio": 1.2,
            "reinvestment_rate": null,
            "research_to_sale_ratio": 1.32,
            "price_fair": 48.3,
            "eps_avg_yearly": 1.38,
            "eps_latest_yearly": 0.76,
            "eps_growth_yearly": 148.35
        },
        "20163": {
            "year_quarter": 20163,
            "year": 2016,
            "quarter": 3,
            "eps": -0.24,
            "eps_growth_year": null,
            "eps_4q": -3.37,
            "eps_4q_growth_year": null,
            "roe": -2.76,
            "roe_4q": -34.04,
            "gross_profit": 34506,
            "gross_margin": 14.33,
            "gross_margin_4q_avg": 10.92,
            "net_income": -9297,
            "revenue": 240752,
            "common_shares": 337330,
            "book_valuer_per_share": 10.29,
            "book_valuer_per_share_4q_avg": 9.21,
            "equity": 332802,
            "current_ratio": 180.08,
            "debt_ratio": 47.27,
            "inventory_turnover_ratio": 2.28,
            "account_receivable_turnover_ratio": 0.9,
            "reinvestment_rate": null,
            "research_to_sale_ratio": 1.31,
            "price_fair": 50.2,
            "eps_avg_yearly": 1.43,
            "eps_latest_yearly": 0.76,
            "eps_growth_yearly": 219.13
        },
        "20164": {
            "year_quarter": 20164,
            "year": 2016,
            "quarter": 4,
            "eps": 0.19,
            "eps_growth_year": null,
            "eps_4q": -1.72,
            "eps_4q_growth_year": null,
            "roe": 1.64,
            "roe_4q": -19.25,
            "gross_profit": 33140,
            "gross_margin": 14.09,
            "gross_margin_4q_avg": 14.17,
            "net_income": 5733,
            "revenue": 235227,
            "common_shares": 337330,
            "book_valuer_per_share": 10.47,
            "book_valuer_per_share_4q_avg": 9.47,
            "equity": 365181,
            "current_ratio": 193.17,
            "debt_ratio": 44.34,
            "inventory_turnover_ratio": 2.57,
            "account_receivable_turnover_ratio": 0.98,
            "reinvestment_rate": null,
            "research_to_sale_ratio": 0.78,
            "price_fair": 42.7,
            "eps_avg_yearly": 1.22,
            "eps_latest_yearly": 0.76,
            "eps_growth_yearly": 140.98
        },
        "20171": {
            "year_quarter": 20171,
            "year": 2017,
            "quarter": 1,
            "eps": -0.39,
            "eps_growth_year": null,
            "eps_4q": -1.51,
            "eps_4q_growth_year": null,
            "roe": -3.83,
            "roe_4q": -17.36,
            "gross_profit": 32560,
            "gross_margin": 17.45,
            "gross_margin_4q_avg": 14.19,
            "net_income": -13647,
            "revenue": 186545,
            "common_shares": 337330,
            "book_valuer_per_share": 10,
            "book_valuer_per_share_4q_avg": 9.73,
            "equity": 348362,
            "current_ratio": 207.19,
            "debt_ratio": 40.85,
            "inventory_turnover_ratio": 2.07,
            "account_receivable_turnover_ratio": 0.88,
            "reinvestment_rate": null,
            "research_to_sale_ratio": 0.95,
            "price_fair": 39.76,
            "eps_avg_yearly": 1.14,
            "eps_latest_yearly": 0.76,
            "eps_growth_yearly": 200.94
        },
        "20172": {
            "year_quarter": 20172,
            "year": 2017,
            "quarter": 2,
            "eps": -0.01,
            "eps_growth_year": null,
            "eps_4q": -0.45,
            "eps_4q_growth_year": null,
            "roe": -0.22,
            "roe_4q": -5.17,
            "gross_profit": 30034,
            "gross_margin": 14.79,
            "gross_margin_4q_avg": 15.17,
            "net_income": -744,
            "revenue": 203080,
            "common_shares": 337330,
            "book_valuer_per_share": 10,
            "book_valuer_per_share_4q_avg": 10.19,
            "equity": 337451,
            "current_ratio": 228.88,
            "debt_ratio": 41.82,
            "inventory_turnover_ratio": 2.96,
            "account_receivable_turnover_ratio": 1.21,
            "reinvestment_rate": null,
            "research_to_sale_ratio": 0.64,
            "price_fair": 31.85,
            "eps_avg_yearly": 0.91,
            "eps_latest_yearly": 0.76,
            "eps_growth_yearly": 226.79
        },
        "20173": {
            "year_quarter": 20173,
            "year": 2017,
            "quarter": 3,
            "eps": 0.1,
            "eps_growth_year": null,
            "eps_4q": -0.11,
            "eps_4q_growth_year": null,
            "roe": 1.04,
            "roe_4q": -1.3699999999999999,
            "gross_profit": 22905,
            "gross_margin": 12.74,
            "gross_margin_4q_avg": 14.77,
            "net_income": 3541,
            "revenue": 179755,
            "common_shares": 337330,
            "book_valuer_per_share": 10.09,
            "book_valuer_per_share_4q_avg": 10.14,
            "equity": 344397,
            "current_ratio": 223.28,
            "debt_ratio": 42.68,
            "inventory_turnover_ratio": 3.55,
            "account_receivable_turnover_ratio": 1.31,
            "reinvestment_rate": null,
            "research_to_sale_ratio": 0.71,
            "price_fair": 31.85,
            "eps_avg_yearly": 0.91,
            "eps_latest_yearly": 0.76,
            "eps_growth_yearly": 226.79
        },
        "20174": {
            "year_quarter": 20174,
            "year": 2017,
            "quarter": 4,
            "eps": -0.54,
            "eps_growth_year": -374.84,
            "eps_4q": -0.84,
            "eps_4q_growth_year": null,
            "roe": -5.67,
            "roe_4q": -8.68,
            "gross_profit": 19958,
            "gross_margin": 10.23,
            "gross_margin_4q_avg": 13.8,
            "net_income": -19041,
            "revenue": 195137,
            "common_shares": 337330,
            "book_valuer_per_share": 9.56,
            "book_valuer_per_share_4q_avg": 9.91,
            "equity": 327634,
            "current_ratio": 229.12,
            "debt_ratio": 41.68,
            "inventory_turnover_ratio": 3.79,
            "account_receivable_turnover_ratio": 1.63,
            "reinvestment_rate": null,
            "research_to_sale_ratio": 1.42,
            "price_fair": 31.85,
            "eps_avg_yearly": 0.91,
            "eps_latest_yearly": 0.76,
            "eps_growth_yearly": 226.79
        },
        "20181": {
            "year_quarter": 20181,
            "year": 2018,
            "quarter": 1,
            "eps": -0.16,
            "eps_growth_year": null,
            "eps_4q": -0.6,
            "eps_4q_growth_year": null,
            "roe": -1.9,
            "roe_4q": -6.75,
            "gross_profit": 21304,
            "gross_margin": 10.98,
            "gross_margin_4q_avg": 12.19,
            "net_income": -6169,
            "revenue": 194018,
            "common_shares": 337330,
            "book_valuer_per_share": 9.42,
            "book_valuer_per_share_4q_avg": 9.77,
            "equity": 321984,
            "current_ratio": 221.28,
            "debt_ratio": 42.91,
            "inventory_turnover_ratio": 3,
            "account_receivable_turnover_ratio": 1.42,
            "reinvestment_rate": null,
            "research_to_sale_ratio": 1.56,
            "price_fair": 1.92,
            "eps_avg_yearly": 0.64,
            "eps_latest_yearly": 0.76,
            "eps_growth_yearly": -42.06
        },
        "20182": {
            "year_quarter": 20182,
            "year": 2018,
            "quarter": 2,
            "eps": 0.27,
            "eps_growth_year": null,
            "eps_4q": -0.32,
            "eps_4q_growth_year": null,
            "roe": 2.54,
            "roe_4q": -3.9899999999999993,
            "gross_profit": 49734,
            "gross_margin": 16.24,
            "gross_margin_4q_avg": 12.55,
            "net_income": 8271,
            "revenue": 306306,
            "common_shares": 337330,
            "book_valuer_per_share": 9.68,
            "book_valuer_per_share_4q_avg": 9.69,
            "equity": 330001,
            "current_ratio": 180.57,
            "debt_ratio": 53.16,
            "inventory_turnover_ratio": 2.13,
            "account_receivable_turnover_ratio": 1.52,
            "reinvestment_rate": null,
            "research_to_sale_ratio": 1.24,
            "price_fair": 21.7,
            "eps_avg_yearly": 0.62,
            "eps_latest_yearly": 0.76,
            "eps_growth_yearly": 57.84
        },
        "20183": {
            "year_quarter": 20183,
            "year": 2018,
            "quarter": 3,
            "eps": 0.02,
            "eps_growth_year": -80,
            "eps_4q": -0.41,
            "eps_4q_growth_year": null,
            "roe": 0.05,
            "roe_4q": -4.98,
            "gross_profit": 44076,
            "gross_margin": 16.18,
            "gross_margin_4q_avg": 13.41,
            "net_income": 173,
            "revenue": 272453,
            "common_shares": 337330,
            "book_valuer_per_share": 9.68,
            "book_valuer_per_share_4q_avg": 9.59,
            "equity": 329635,
            "current_ratio": 207.32,
            "debt_ratio": 45.79,
            "inventory_turnover_ratio": 1.51,
            "account_receivable_turnover_ratio": 1.23,
            "reinvestment_rate": null,
            "research_to_sale_ratio": 0.91,
            "price_fair": 1.26,
            "eps_avg_yearly": 0.42,
            "eps_latest_yearly": 0.08,
            "eps_growth_yearly": -68.52
        },
        "20184": {
            "year_quarter": 20184,
            "year": 2018,
            "quarter": 4,
            "eps": -0.01,
            "eps_growth_year": null,
            "eps_4q": 0.11,
            "eps_4q_growth_year": null,
            "roe": -0.26,
            "roe_4q": 0.43000000000000016,
            "gross_profit": 47893,
            "gross_margin": 16.96,
            "gross_margin_4q_avg": 15.09,
            "net_income": -866,
            "revenue": 282367,
            "common_shares": 337330,
            "book_valuer_per_share": 9.67,
            "book_valuer_per_share_4q_avg": 9.61,
            "equity": 328987,
            "current_ratio": 217.27,
            "debt_ratio": 43.59,
            "inventory_turnover_ratio": 2.13,
            "account_receivable_turnover_ratio": 1.63,
            "reinvestment_rate": null,
            "research_to_sale_ratio": 0.83,
            "price_fair": 0.24,
            "eps_avg_yearly": 0.08,
            "eps_latest_yearly": 0.08,
            "eps_growth_yearly": -370.37
        },
        "20191": {
            "year_quarter": 20191,
            "year": 2019,
            "quarter": 1,
            "eps": 0.05,
            "eps_growth_year": null,
            "eps_4q": 0.32,
            "eps_4q_growth_year": null,
            "roe": 0.38,
            "roe_4q": 2.71,
            "gross_profit": 50313,
            "gross_margin": 20.22,
            "gross_margin_4q_avg": 17.4,
            "net_income": 1256,
            "revenue": 248868,
            "common_shares": 337330,
            "book_valuer_per_share": 9.73,
            "book_valuer_per_share_4q_avg": 9.69,
            "equity": 330678,
            "current_ratio": 214.26,
            "debt_ratio": 44.68,
            "inventory_turnover_ratio": 2.56,
            "account_receivable_turnover_ratio": 1.6,
            "reinvestment_rate": null,
            "research_to_sale_ratio": 0.93,
            "price_fair": 0.24,
            "eps_avg_yearly": 0.08,
            "eps_latest_yearly": 0.08,
            "eps_growth_yearly": -370.37
        },
        "20192": {
            "year_quarter": 20192,
            "year": 2019,
            "quarter": 2,
            "eps": 0.32,
            "eps_growth_year": 18.52,
            "eps_4q": 0.37,
            "eps_4q_growth_year": null,
            "roe": 3.14,
            "roe_4q": 3.3099999999999996,
            "gross_profit": 68432,
            "gross_margin": 20.64,
            "gross_margin_4q_avg": 18.5,
            "net_income": 10550,
            "revenue": 331611,
            "common_shares": 337330,
            "book_valuer_per_share": 10.06,
            "book_valuer_per_share_4q_avg": 9.79,
            "equity": 341260,
            "current_ratio": 215.71,
            "debt_ratio": 44.55,
            "inventory_turnover_ratio": 3.62,
            "account_receivable_turnover_ratio": 1.79,
            "reinvestment_rate": null,
            "research_to_sale_ratio": 0.93,
            "price_fair": 23.8,
            "eps_avg_yearly": 0.68,
            "eps_latest_yearly": 1.28,
            "eps_growth_yearly": 894.81
        },
        "20193": {
            "year_quarter": 20193,
            "year": 2019,
            "quarter": 3,
            "eps": 0.21,
            "eps_growth_year": 950,
            "eps_4q": 0.58,
            "eps_4q_growth_year": null,
            "roe": 1.96,
            "roe_4q": 5.22,
            "gross_profit": 64990,
            "gross_margin": 20.3,
            "gross_margin_4q_avg": 19.53,
            "net_income": 6738,
            "revenue": 320138,
            "common_shares": 325426,
            "book_valuer_per_share": 10.59,
            "book_valuer_per_share_4q_avg": 10.01,
            "equity": 346461,
            "current_ratio": 196.53,
            "debt_ratio": 48.28,
            "inventory_turnover_ratio": 3.01,
            "account_receivable_turnover_ratio": 1.54,
            "reinvestment_rate": null,
            "research_to_sale_ratio": 0.88,
            "price_fair": 25.67,
            "eps_avg_yearly": 0.73,
            "eps_latest_yearly": 0.84,
            "eps_growth_yearly": 550.71
        },
        "20194": {
            "year_quarter": 20194,
            "year": 2019,
            "quarter": 4,
            "eps": 0.28,
            "eps_growth_year": null,
            "eps_4q": 0.93,
            "eps_4q_growth_year": 736.36,
            "roe": 2.39,
            "roe_4q": 7.87,
            "gross_profit": 81886,
            "gross_margin": 21.37,
            "gross_margin_4q_avg": 20.63,
            "net_income": 8024,
            "revenue": 383146,
            "common_shares": 296700,
            "book_valuer_per_share": 10.94,
            "book_valuer_per_share_4q_avg": 10.33,
            "equity": 326194,
            "current_ratio": 189.4,
            "debt_ratio": 50.38,
            "inventory_turnover_ratio": 2.79,
            "account_receivable_turnover_ratio": 1.97,
            "reinvestment_rate": null,
            "research_to_sale_ratio": 1.03,
            "price_fair": 29.05,
            "eps_avg_yearly": 0.83,
            "eps_latest_yearly": 1.12,
            "eps_growth_yearly": 446.37
        },
        "20201": {
            "year_quarter": 20201,
            "year": 2020,
            "quarter": 1,
            "eps": 0.57,
            "eps_growth_year": 1040,
            "eps_4q": 1.42,
            "eps_4q_growth_year": 343.21,
            "roe": 5.05,
            "roe_4q": 12.54,
            "gross_profit": 73529,
            "gross_margin": 22.19,
            "gross_margin_4q_avg": 21.13,
            "net_income": 17086,
            "revenue": 331416,
            "common_shares": 304900,
            "book_valuer_per_share": 11.47,
            "book_valuer_per_share_4q_avg": 10.77,
            "equity": 351092,
            "current_ratio": 223.14,
            "debt_ratio": 42.97,
            "inventory_turnover_ratio": 2.27,
            "account_receivable_turnover_ratio": 1.67,
            "reinvestment_rate": null,
            "research_to_sale_ratio": 1.4,
            "price_fair": 39.2,
            "eps_avg_yearly": 1.12,
            "eps_latest_yearly": 2.28,
            "eps_growth_yearly": 439.95
        },
        "20202": {
            "year_quarter": 20202,
            "year": 2020,
            "quarter": 2,
            "eps": 0.78,
            "eps_growth_year": 143.75,
            "eps_4q": 1.82,
            "eps_4q_growth_year": 388.21,
            "roe": 6.64,
            "roe_4q": 16.04,
            "gross_profit": 86274,
            "gross_margin": 22.13,
            "gross_margin_4q_avg": 21.5,
            "net_income": 23538,
            "revenue": 389852,
            "common_shares": 304900,
            "book_valuer_per_share": 11.71,
            "book_valuer_per_share_4q_avg": 11.18,
            "equity": 358259,
            "current_ratio": 190.33,
            "debt_ratio": 50.41,
            "inventory_turnover_ratio": 2.68,
            "account_receivable_turnover_ratio": 1.7,
            "reinvestment_rate": 32.63,
            "research_to_sale_ratio": 1.12,
            "price_fair": 50.87,
            "eps_avg_yearly": 1.45,
            "eps_latest_yearly": 3.12,
            "eps_growth_yearly": 391.19
        },
        "20203": {
            "year_quarter": 20203,
            "year": 2020,
            "quarter": 3,
            "eps": 0.96,
            "eps_growth_year": 357.14,
            "eps_4q": 2.52,
            "eps_4q_growth_year": 337.14,
            "roe": 7.93,
            "roe_4q": 22.01,
            "gross_profit": 100203,
            "gross_margin": 22.65,
            "gross_margin_4q_avg": 22.09,
            "net_income": 29885,
            "revenue": 442394,
            "common_shares": 314900,
            "book_valuer_per_share": 12.52,
            "book_valuer_per_share_4q_avg": 11.66,
            "equity": 395360,
            "current_ratio": 208.08,
            "debt_ratio": 46.18,
            "inventory_turnover_ratio": 2.62,
            "account_receivable_turnover_ratio": 1.78,
            "reinvestment_rate": 25.26,
            "research_to_sale_ratio": 1.4,
            "price_fair": 62.8,
            "eps_avg_yearly": 1.79,
            "eps_latest_yearly": 3.84,
            "eps_growth_yearly": 348.49
        },
        "20204": {
            "year_quarter": 20204,
            "year": 2020,
            "quarter": 4,
            "eps": 1.21,
            "eps_growth_year": 327.47,
            "eps_4q": 3.47,
            "eps_4q_growth_year": 271.47,
            "roe": 9.17,
            "roe_4q": 28.790000000000003,
            "gross_profit": 130013,
            "gross_margin": 23.47,
            "gross_margin_4q_avg": 22.61,
            "net_income": 38103,
            "revenue": 553904,
            "common_shares": 314900,
            "book_valuer_per_share": 13.81,
            "book_valuer_per_share_4q_avg": 12.38,
            "equity": 435710,
            "current_ratio": 185.6,
            "debt_ratio": 52.25,
            "inventory_turnover_ratio": 2.79,
            "account_receivable_turnover_ratio": 2.17,
            "reinvestment_rate": 11.71,
            "research_to_sale_ratio": 1.56,
            "price_fair": 76.13,
            "eps_avg_yearly": 2.18,
            "eps_latest_yearly": 4.84,
            "eps_growth_yearly": 317.95
        },
        "20211": {
            "year_quarter": 20211,
            "year": 2021,
            "quarter": 1,
            "eps": 1.52,
            "eps_growth_year": 166.67,
            "eps_4q": 4.44,
            "eps_4q_growth_year": 212.58,
            "roe": 11.6,
            "roe_4q": 35.339999999999996,
            "gross_profit": 110711,
            "gross_margin": 22.76,
            "gross_margin_4q_avg": 22.75,
            "net_income": 47686,
            "revenue": 486448,
            "common_shares": 314900,
            "book_valuer_per_share": 12.24,
            "book_valuer_per_share_4q_avg": 12.57,
            "equity": 386270,
            "current_ratio": 173.58,
            "debt_ratio": 55.58,
            "inventory_turnover_ratio": 2,
            "account_receivable_turnover_ratio": 1.98,
            "reinvestment_rate": 8.46,
            "research_to_sale_ratio": 1.1,
            "price_fair": 91.31,
            "eps_avg_yearly": 2.61,
            "eps_latest_yearly": 6.08,
            "eps_growth_yearly": 294.01
        },
        "20212": {
            "year_quarter": 20212,
            "year": 2021,
            "quarter": 2,
            "eps": 0.17,
            "eps_growth_year": -78.21,
            "eps_4q": 3.86,
            "eps_4q_growth_year": 112,
            "roe": 1.38,
            "roe_4q": 30.08,
            "gross_profit": 72873,
            "gross_margin": 20.5,
            "gross_margin_4q_avg": 22.35,
            "net_income": 5368,
            "revenue": 355453,
            "common_shares": 314900,
            "book_valuer_per_share": 12.38,
            "book_valuer_per_share_4q_avg": 12.74,
            "equity": 390885,
            "current_ratio": 176.03,
            "debt_ratio": 54.54,
            "inventory_turnover_ratio": 1.23,
            "account_receivable_turnover_ratio": 1.61,
            "reinvestment_rate": 8.09,
            "research_to_sale_ratio": 1.27,
            "price_fair": 84.56,
            "eps_avg_yearly": 2.42,
            "eps_latest_yearly": 0.68,
            "eps_growth_yearly": 229.08
        },
        "20213": {
            "year_quarter": 20213,
            "year": 2021,
            "quarter": 3,
            "eps": -0.41,
            "eps_growth_year": -142.71,
            "eps_4q": 2.49,
            "eps_4q_growth_year": -1.11,
            "roe": -3.37,
            "roe_4q": 18.78,
            "gross_profit": 48506,
            "gross_margin": 15.81,
            "gross_margin_4q_avg": 20.64,
            "net_income": -12937,
            "revenue": 306825,
            "common_shares": 314900,
            "book_valuer_per_share": 11.94,
            "book_valuer_per_share_4q_avg": 12.59,
            "equity": 376895,
            "current_ratio": 218.32,
            "debt_ratio": 43.83,
            "inventory_turnover_ratio": 1.18,
            "account_receivable_turnover_ratio": 1.5,
            "reinvestment_rate": 5.71,
            "research_to_sale_ratio": 1.41,
            "price_fair": 84.56,
            "eps_avg_yearly": 2.42,
            "eps_latest_yearly": 0.68,
            "eps_growth_yearly": 229.08
        },
        "20214": {
            "year_quarter": 20214,
            "year": 2021,
            "quarter": 4,
            "eps": -0.18,
            "eps_growth_year": -115.15,
            "eps_4q": 1.09,
            "eps_4q_growth_year": -68.44,
            "roe": -1.56,
            "roe_4q": 8.05,
            "gross_profit": 69917,
            "gross_margin": 20.56,
            "gross_margin_4q_avg": 19.91,
            "net_income": -5826,
            "revenue": 340031,
            "common_shares": 314900,
            "book_valuer_per_share": 11.73,
            "book_valuer_per_share_4q_avg": 12.07,
            "equity": 370212,
            "current_ratio": 226.2,
            "debt_ratio": 42.29,
            "inventory_turnover_ratio": 1.57,
            "account_receivable_turnover_ratio": 1.66,
            "reinvestment_rate": 3.99,
            "research_to_sale_ratio": 1.63,
            "price_fair": 84.56,
            "eps_avg_yearly": 2.42,
            "eps_latest_yearly": 0.68,
            "eps_growth_yearly": 229.08
        },
        "20221": {
            "year_quarter": 20221,
            "year": 2022,
            "quarter": 1,
            "eps": -0.3,
            "eps_growth_year": -119.74,
            "eps_4q": -0.72,
            "eps_4q_growth_year": -116.27,
            "roe": -2.7,
            "roe_4q": -6.25,
            "gross_profit": 48694,
            "gross_margin": 14.63,
            "gross_margin_4q_avg": 17.88,
            "net_income": -9482,
            "revenue": 332815,
            "common_shares": 314900,
            "book_valuer_per_share": 10.51,
            "book_valuer_per_share_4q_avg": 11.64,
            "equity": 331688,
            "current_ratio": 196.74,
            "debt_ratio": 48.56,
            "inventory_turnover_ratio": 1.81,
            "account_receivable_turnover_ratio": 1.51,
            "reinvestment_rate": 2.18,
            "research_to_sale_ratio": 1.65,
            "price_fair": 84.56,
            "eps_avg_yearly": 2.42,
            "eps_latest_yearly": 0.68,
            "eps_growth_yearly": 229.08
        },
        "20222": {
            "year_quarter": 20222,
            "year": 2022,
            "quarter": 2,
            "eps": 0.01,
            "eps_growth_year": -94.12,
            "eps_4q": -0.88,
            "eps_4q_growth_year": -122.88,
            "roe": 0.11,
            "roe_4q": -7.5200000000000005,
            "gross_profit": 61640,
            "gross_margin": 18.7,
            "gross_margin_4q_avg": 17.43,
            "net_income": 356,
            "revenue": 329582,
            "common_shares": 314900,
            "book_valuer_per_share": 10.47,
            "book_valuer_per_share_4q_avg": 11.16,
            "equity": 330401,
            "current_ratio": 205.12,
            "debt_ratio": 46.66,
            "inventory_turnover_ratio": 1.95,
            "account_receivable_turnover_ratio": 1.43,
            "reinvestment_rate": 3.92,
            "research_to_sale_ratio": 1.2,
            "price_fair": 84.56,
            "eps_avg_yearly": 2.42,
            "eps_latest_yearly": 0.68,
            "eps_growth_yearly": 229.08
        },
        "20223": {
            "year_quarter": 20223,
            "year": 2022,
            "quarter": 3,
            "eps": 0.09,
            "eps_growth_year": null,
            "eps_4q": -0.38,
            "eps_4q_growth_year": -115.44,
            "roe": 0.83,
            "roe_4q": -3.3200000000000003,
            "gross_profit": 46037,
            "gross_margin": 22.37,
            "gross_margin_4q_avg": 19.07,
            "net_income": 2763,
            "revenue": 205771,
            "common_shares": 314900,
            "book_valuer_per_share": 10.57,
            "book_valuer_per_share_4q_avg": 10.82,
            "equity": 333558,
            "current_ratio": 252.36,
            "debt_ratio": 37.17,
            "inventory_turnover_ratio": 1.75,
            "account_receivable_turnover_ratio": 1.12,
            "reinvestment_rate": 1.02,
            "research_to_sale_ratio": 1.94,
            "price_fair": 85.54,
            "eps_avg_yearly": 2.44,
            "eps_latest_yearly": 0.36,
            "eps_growth_yearly": 586.12
        },
        "20224": {
            "year_quarter": 20224,
            "year": 2022,
            "quarter": 4,
            "eps": 0.95,
            "eps_growth_year": null,
            "eps_4q": 0.75,
            "eps_4q_growth_year": -31.29,
            "roe": 8.56,
            "roe_4q": 6.8,
            "gross_profit": 95406,
            "gross_margin": 29.2,
            "gross_margin_4q_avg": 21.23,
            "net_income": 29870,
            "revenue": 326758,
            "common_shares": 314900,
            "book_valuer_per_share": 11.55,
            "book_valuer_per_share_4q_avg": 10.78,
            "equity": 364217,
            "current_ratio": 254.98,
            "debt_ratio": 37.27,
            "inventory_turnover_ratio": 3.41,
            "account_receivable_turnover_ratio": 1.95,
            "reinvestment_rate": 4.29,
            "research_to_sale_ratio": 1.48,
            "price_fair": 89.85,
            "eps_avg_yearly": 2.57,
            "eps_latest_yearly": 3.8,
            "eps_growth_yearly": 880.31
        },
        "20231": {
            "year_quarter": 20231,
            "year": 2023,
            "quarter": 1,
            "eps": 0.78,
            "eps_growth_year": null,
            "eps_4q": 1.83,
            "eps_4q_growth_year": null,
            "roe": 6.73,
            "roe_4q": 16.23,
            "gross_profit": 82182,
            "gross_margin": 32.92,
            "gross_margin_4q_avg": 25.8,
            "net_income": 24627,
            "revenue": 249649,
            "common_shares": 314900,
            "book_valuer_per_share": 11.65,
            "book_valuer_per_share_4q_avg": 11.06,
            "equity": 367631,
            "current_ratio": 275.88,
            "debt_ratio": 34.41,
            "inventory_turnover_ratio": 2.56,
            "account_receivable_turnover_ratio": 1.34,
            "reinvestment_rate": 3.67,
            "research_to_sale_ratio": 1.92,
            "price_fair": 91.47,
            "eps_avg_yearly": 2.61,
            "eps_latest_yearly": 3.12,
            "eps_growth_yearly": 800.99
        }
    },
    "months": {
        "2003-09": {
            "month": "2003-09",
            "price": "17.06",
            "revenue": 83144
        },
        "2003-10": {
            "month": "2003-10",
            "price": "18.70",
            "revenue": 95451
        },
        "2003-11": {
            "month": "2003-11",
            "price": "17.24",
            "revenue": 83957
        },
        "2003-12": {
            "month": "2003-12",
            "price": "16.01",
            "revenue": 70585
        },
        "2004-01": {
            "month": "2004-01",
            "price": "15.66",
            "revenue": 32826
        },
        "2004-02": {
            "month": "2004-02",
            "price": "15.66",
            "revenue": 46652
        },
        "2004-03": {
            "month": "2004-03",
            "price": "15.13",
            "revenue": 70591
        },
        "2004-04": {
            "month": "2004-04",
            "price": "14.85",
            "revenue": 62142
        },
        "2004-05": {
            "month": "2004-05",
            "price": "13.88",
            "revenue": 39486
        },
        "2004-06": {
            "month": "2004-06",
            "price": "13.06",
            "revenue": 54245
        },
        "2004-07": {
            "month": "2004-07",
            "price": "10.16",
            "revenue": 55972
        },
        "2004-08": {
            "month": "2004-08",
            "price": "8.94",
            "revenue": 78153
        },
        "2004-09": {
            "month": "2004-09",
            "price": "8.88",
            "revenue": 73996
        },
        "2004-10": {
            "month": "2004-10",
            "price": "9.44",
            "revenue": 81838
        },
        "2004-11": {
            "month": "2004-11",
            "price": "9.13",
            "revenue": 93237
        },
        "2004-12": {
            "month": "2004-12",
            "price": "8.69",
            "revenue": 61129
        },
        "2005-01": {
            "month": "2005-01",
            "price": "8.63",
            "revenue": 45093
        },
        "2005-02": {
            "month": "2005-02",
            "price": "9.97",
            "revenue": 25611
        },
        "2005-03": {
            "month": "2005-03",
            "price": "9.94",
            "revenue": 43240
        },
        "2005-04": {
            "month": "2005-04",
            "price": "8.47",
            "revenue": 28411
        },
        "2005-05": {
            "month": "2005-05",
            "price": "7.84",
            "revenue": 29783
        },
        "2005-06": {
            "month": "2005-06",
            "price": "8.57",
            "revenue": 39851
        },
        "2005-07": {
            "month": "2005-07",
            "price": "8.56",
            "revenue": 31311
        },
        "2005-08": {
            "month": "2005-08",
            "price": "7.79",
            "revenue": 44835
        },
        "2005-09": {
            "month": "2005-09",
            "price": "7.26",
            "revenue": 72012
        },
        "2005-10": {
            "month": "2005-10",
            "price": "6.99",
            "revenue": 37004
        },
        "2005-11": {
            "month": "2005-11",
            "price": "6.58",
            "revenue": 63436
        },
        "2005-12": {
            "month": "2005-12",
            "price": "7.08",
            "revenue": 66936
        },
        "2006-01": {
            "month": "2006-01",
            "price": "7.83",
            "revenue": 48520
        },
        "2006-02": {
            "month": "2006-02",
            "price": "7.70",
            "revenue": 39488
        },
        "2006-03": {
            "month": "2006-03",
            "price": "7.93",
            "revenue": 63634
        },
        "2006-04": {
            "month": "2006-04",
            "price": "7.50",
            "revenue": 52762
        },
        "2006-05": {
            "month": "2006-05",
            "price": "7.97",
            "revenue": 29237
        },
        "2006-06": {
            "month": "2006-06",
            "price": "7.38",
            "revenue": 48731
        },
        "2006-07": {
            "month": "2006-07",
            "price": "7.05",
            "revenue": 48056
        },
        "2006-08": {
            "month": "2006-08",
            "price": "6.99",
            "revenue": 100211
        },
        "2006-09": {
            "month": "2006-09",
            "price": "7.76",
            "revenue": 100773
        },
        "2006-10": {
            "month": "2006-10",
            "price": "7.76",
            "revenue": 63021
        },
        "2006-11": {
            "month": "2006-11",
            "price": "8.68",
            "revenue": 105680
        },
        "2006-12": {
            "month": "2006-12",
            "price": "11.66",
            "revenue": 82728
        },
        "2007-01": {
            "month": "2007-01",
            "price": "11.56",
            "revenue": 61693
        },
        "2007-02": {
            "month": "2007-02",
            "price": "10.58",
            "revenue": 29017
        },
        "2007-03": {
            "month": "2007-03",
            "price": "10.51",
            "revenue": 52174
        },
        "2007-04": {
            "month": "2007-04",
            "price": "12.68",
            "revenue": 77696
        },
        "2007-05": {
            "month": "2007-05",
            "price": "13.57",
            "revenue": 65902
        },
        "2007-06": {
            "month": "2007-06",
            "price": "14.87",
            "revenue": 70779
        },
        "2007-07": {
            "month": "2007-07",
            "price": "14.68",
            "revenue": 74741
        },
        "2007-08": {
            "month": "2007-08",
            "price": "13.29",
            "revenue": 74682
        },
        "2007-09": {
            "month": "2007-09",
            "price": "13.30",
            "revenue": 91074
        },
        "2007-10": {
            "month": "2007-10",
            "price": "13.89",
            "revenue": 76528
        },
        "2007-11": {
            "month": "2007-11",
            "price": "14.39",
            "revenue": 79272
        },
        "2007-12": {
            "month": "2007-12",
            "price": "17.39",
            "revenue": 59210
        },
        "2008-01": {
            "month": "2008-01",
            "price": "15.85",
            "revenue": 43226
        },
        "2008-02": {
            "month": "2008-02",
            "price": "15.42",
            "revenue": 23831
        },
        "2008-03": {
            "month": "2008-03",
            "price": "16.84",
            "revenue": 53537
        },
        "2008-04": {
            "month": "2008-04",
            "price": "18.72",
            "revenue": 57275
        },
        "2008-05": {
            "month": "2008-05",
            "price": "19.85",
            "revenue": 57395
        },
        "2008-06": {
            "month": "2008-06",
            "price": "13.53",
            "revenue": 55561
        },
        "2008-07": {
            "month": "2008-07",
            "price": "6.63",
            "revenue": 50258
        },
        "2008-08": {
            "month": "2008-08",
            "price": "4.33",
            "revenue": 51420
        },
        "2008-09": {
            "month": "2008-09",
            "price": "3.85",
            "revenue": 42490
        },
        "2008-10": {
            "month": "2008-10",
            "price": "3.20",
            "revenue": 45545
        },
        "2008-11": {
            "month": "2008-11",
            "price": "2.82",
            "revenue": 44680
        },
        "2008-12": {
            "month": "2008-12",
            "price": "2.32",
            "revenue": 39241
        },
        "2009-01": {
            "month": "2009-01",
            "price": "2.06",
            "revenue": 29941
        },
        "2009-02": {
            "month": "2009-02",
            "price": "2.31",
            "revenue": 20637
        },
        "2009-03": {
            "month": "2009-03",
            "price": "2.85",
            "revenue": 36887
        },
        "2009-04": {
            "month": "2009-04",
            "price": "3.47",
            "revenue": 40732
        },
        "2009-05": {
            "month": "2009-05",
            "price": "3.14",
            "revenue": 39733
        },
        "2009-06": {
            "month": "2009-06",
            "price": "3.06",
            "revenue": 41263
        },
        "2009-07": {
            "month": "2009-07",
            "price": "3.08",
            "revenue": 39194
        },
        "2009-08": {
            "month": "2009-08",
            "price": "3.11",
            "revenue": 42272
        },
        "2009-09": {
            "month": "2009-09",
            "price": "3.58",
            "revenue": 55033
        },
        "2009-10": {
            "month": "2009-10",
            "price": "3.98",
            "revenue": 40511
        },
        "2009-11": {
            "month": "2009-11",
            "price": "6.07",
            "revenue": 37509
        },
        "2009-12": {
            "month": "2009-12",
            "price": "6.13",
            "revenue": 42881
        },
        "2010-01": {
            "month": "2010-01",
            "price": "7.23",
            "revenue": 44694
        },
        "2010-02": {
            "month": "2010-02",
            "price": "6.68",
            "revenue": 30615
        },
        "2010-03": {
            "month": "2010-03",
            "price": "8.01",
            "revenue": 47545
        },
        "2010-04": {
            "month": "2010-04",
            "price": "8.09",
            "revenue": 53017
        },
        "2010-05": {
            "month": "2010-05",
            "price": "8.25",
            "revenue": 56140
        },
        "2010-06": {
            "month": "2010-06",
            "price": "7.78",
            "revenue": 56560
        },
        "2010-07": {
            "month": "2010-07",
            "price": "8.65",
            "revenue": 58779
        },
        "2010-08": {
            "month": "2010-08",
            "price": "8.26",
            "revenue": 52110
        },
        "2010-09": {
            "month": "2010-09",
            "price": "7.78",
            "revenue": 53149
        },
        "2010-10": {
            "month": "2010-10",
            "price": "6.94",
            "revenue": 36035
        },
        "2010-11": {
            "month": "2010-11",
            "price": "6.01",
            "revenue": 35757
        },
        "2010-12": {
            "month": "2010-12",
            "price": "6.12",
            "revenue": 36349
        },
        "2011-01": {
            "month": "2011-01",
            "price": "6.69",
            "revenue": 28796
        },
        "2011-02": {
            "month": "2011-02",
            "price": "6.21",
            "revenue": 15316
        },
        "2011-03": {
            "month": "2011-03",
            "price": "6.39",
            "revenue": 30181
        },
        "2011-04": {
            "month": "2011-04",
            "price": "7.26",
            "revenue": 31866
        },
        "2011-05": {
            "month": "2011-05",
            "price": "9.83",
            "revenue": 28827
        },
        "2011-06": {
            "month": "2011-06",
            "price": "11.85",
            "revenue": 25963
        },
        "2011-07": {
            "month": "2011-07",
            "price": "11.07",
            "revenue": 25482
        },
        "2011-08": {
            "month": "2011-08",
            "price": "9.72",
            "revenue": 29039
        },
        "2011-09": {
            "month": "2011-09",
            "price": "9.29",
            "revenue": 33253
        },
        "2011-10": {
            "month": "2011-10",
            "price": "13.08",
            "revenue": 24407
        },
        "2011-11": {
            "month": "2011-11",
            "price": "19.60",
            "revenue": 25125
        },
        "2011-12": {
            "month": "2011-12",
            "price": "19.51",
            "revenue": 33840
        },
        "2012-01": {
            "month": "2012-01",
            "price": "18.88",
            "revenue": 19689
        },
        "2012-02": {
            "month": "2012-02",
            "price": "20.41",
            "revenue": 22143
        },
        "2012-03": {
            "month": "2012-03",
            "price": "18.98",
            "revenue": 34546
        },
        "2012-04": {
            "month": "2012-04",
            "price": "17.68",
            "revenue": 50662
        },
        "2012-05": {
            "month": "2012-05",
            "price": "19.38",
            "revenue": 85401
        },
        "2012-06": {
            "month": "2012-06",
            "price": "20.03",
            "revenue": 72199
        },
        "2012-07": {
            "month": "2012-07",
            "price": "23.50",
            "revenue": 85197
        },
        "2012-08": {
            "month": "2012-08",
            "price": "39.46",
            "revenue": 67902
        },
        "2012-09": {
            "month": "2012-09",
            "price": "42.88",
            "revenue": 60970
        },
        "2012-10": {
            "month": "2012-10",
            "price": "36.12",
            "revenue": 69646
        },
        "2012-11": {
            "month": "2012-11",
            "price": "31.46",
            "revenue": 59088
        },
        "2012-12": {
            "month": "2012-12",
            "price": "33.31",
            "revenue": 88338
        },
        "2013-01": {
            "month": "2013-01",
            "price": "32.19",
            "revenue": 81353
        },
        "2013-02": {
            "month": "2013-02",
            "price": "33.41",
            "revenue": 50380
        },
        "2013-03": {
            "month": "2013-03",
            "price": "35.06",
            "revenue": 68051
        },
        "2013-04": {
            "month": "2013-04",
            "price": "40.74",
            "revenue": 160663
        },
        "2013-05": {
            "month": "2013-05",
            "price": "39.23",
            "revenue": 188310
        },
        "2013-06": {
            "month": "2013-06",
            "price": "36.83",
            "revenue": 145491
        },
        "2013-07": {
            "month": "2013-07",
            "price": "34.34",
            "revenue": 132588
        },
        "2013-08": {
            "month": "2013-08",
            "price": "30.50",
            "revenue": 119532
        },
        "2013-09": {
            "month": "2013-09",
            "price": "24.90",
            "revenue": 94766
        },
        "2013-10": {
            "month": "2013-10",
            "price": "24.60",
            "revenue": 102032
        },
        "2013-11": {
            "month": "2013-11",
            "price": "25.62",
            "revenue": 127515
        },
        "2013-12": {
            "month": "2013-12",
            "price": "30.73",
            "revenue": 120946
        },
        "2014-01": {
            "month": "2014-01",
            "price": "28.26",
            "revenue": 156361
        },
        "2014-02": {
            "month": "2014-02",
            "price": "27.19",
            "revenue": 119853
        },
        "2014-03": {
            "month": "2014-03",
            "price": "27.41",
            "revenue": 157805
        },
        "2014-04": {
            "month": "2014-04",
            "price": "26.75",
            "revenue": 151555
        },
        "2014-05": {
            "month": "2014-05",
            "price": "26.00",
            "revenue": 131264
        },
        "2014-06": {
            "month": "2014-06",
            "price": "24.77",
            "revenue": 125382
        },
        "2014-07": {
            "month": "2014-07",
            "price": "22.23",
            "revenue": 89653
        },
        "2014-08": {
            "month": "2014-08",
            "price": "18.60",
            "revenue": 116150
        },
        "2014-09": {
            "month": "2014-09",
            "price": "18.05",
            "revenue": 119012
        },
        "2014-10": {
            "month": "2014-10",
            "price": "17.74",
            "revenue": 101338
        },
        "2014-11": {
            "month": "2014-11",
            "price": "16.36",
            "revenue": 97564
        },
        "2014-12": {
            "month": "2014-12",
            "price": "16.37",
            "revenue": 135025
        },
        "2015-01": {
            "month": "2015-01",
            "price": "17.22",
            "revenue": 113585
        },
        "2015-02": {
            "month": "2015-02",
            "price": "19.77",
            "revenue": 114663
        },
        "2015-03": {
            "month": "2015-03",
            "price": "18.77",
            "revenue": 116988
        },
        "2015-04": {
            "month": "2015-04",
            "price": "17.30",
            "revenue": 149708
        },
        "2015-05": {
            "month": "2015-05",
            "price": "14.18",
            "revenue": 128740
        },
        "2015-06": {
            "month": "2015-06",
            "price": "11.13",
            "revenue": 84717
        },
        "2015-07": {
            "month": "2015-07",
            "price": "9.71",
            "revenue": 99748
        },
        "2015-08": {
            "month": "2015-08",
            "price": "7.42",
            "revenue": 99734
        },
        "2015-09": {
            "month": "2015-09",
            "price": "7.39",
            "revenue": 94702
        },
        "2015-10": {
            "month": "2015-10",
            "price": "7.94",
            "revenue": 93350
        },
        "2015-11": {
            "month": "2015-11",
            "price": "7.68",
            "revenue": 90190
        },
        "2015-12": {
            "month": "2015-12",
            "price": "7.23",
            "revenue": 78211
        },
        "2016-01": {
            "month": "2016-01",
            "price": "6.78",
            "revenue": 106709
        },
        "2016-02": {
            "month": "2016-02",
            "price": "6.26",
            "revenue": 73169
        },
        "2016-03": {
            "month": "2016-03",
            "price": "6.44",
            "revenue": 103572
        },
        "2016-04": {
            "month": "2016-04",
            "price": "6.16",
            "revenue": 84978
        },
        "2016-05": {
            "month": "2016-05",
            "price": "5.25",
            "revenue": 112897
        },
        "2016-06": {
            "month": "2016-06",
            "price": "5.18",
            "revenue": 121575
        },
        "2016-07": {
            "month": "2016-07",
            "price": "5.75",
            "revenue": 79950
        },
        "2016-08": {
            "month": "2016-08",
            "price": "6.26",
            "revenue": 88055
        },
        "2016-09": {
            "month": "2016-09",
            "price": "6.17",
            "revenue": 73472
        },
        "2016-10": {
            "month": "2016-10",
            "price": "7.50",
            "revenue": 89872
        },
        "2016-11": {
            "month": "2016-11",
            "price": "7.13",
            "revenue": 79859
        },
        "2016-12": {
            "month": "2016-12",
            "price": "7.52",
            "revenue": 65220
        },
        "2017-01": {
            "month": "2017-01",
            "price": "8.13",
            "revenue": 64512
        },
        "2017-02": {
            "month": "2017-02",
            "price": "9.43",
            "revenue": 61310
        },
        "2017-03": {
            "month": "2017-03",
            "price": "9.19",
            "revenue": 60820
        },
        "2017-04": {
            "month": "2017-04",
            "price": "8.90",
            "revenue": 51278
        },
        "2017-05": {
            "month": "2017-05",
            "price": "8.80",
            "revenue": 87172
        },
        "2017-06": {
            "month": "2017-06",
            "price": "11.32",
            "revenue": 64656
        },
        "2017-07": {
            "month": "2017-07",
            "price": "12.55",
            "revenue": 64984
        },
        "2017-08": {
            "month": "2017-08",
            "price": "12.17",
            "revenue": 54234
        },
        "2017-09": {
            "month": "2017-09",
            "price": "13.00",
            "revenue": 59959
        },
        "2017-10": {
            "month": "2017-10",
            "price": "12.91",
            "revenue": 87396
        },
        "2017-11": {
            "month": "2017-11",
            "price": "12.93",
            "revenue": 51488
        },
        "2017-12": {
            "month": "2017-12",
            "price": "12.89",
            "revenue": 58476
        },
        "2018-01": {
            "month": "2018-01",
            "price": "13.32",
            "revenue": 69264
        },
        "2018-02": {
            "month": "2018-02",
            "price": "12.91",
            "revenue": 61656
        },
        "2018-03": {
            "month": "2018-03",
            "price": "15.90",
            "revenue": 63332
        },
        "2018-04": {
            "month": "2018-04",
            "price": "15.44",
            "revenue": 89885
        },
        "2018-05": {
            "month": "2018-05",
            "price": "14.96",
            "revenue": 131573
        },
        "2018-06": {
            "month": "2018-06",
            "price": "14.88",
            "revenue": 84777
        },
        "2018-07": {
            "month": "2018-07",
            "price": "14.51",
            "revenue": 83539
        },
        "2018-08": {
            "month": "2018-08",
            "price": "14.02",
            "revenue": 95430
        },
        "2018-09": {
            "month": "2018-09",
            "price": "13.02",
            "revenue": 92867
        },
        "2018-10": {
            "month": "2018-10",
            "price": "10.50",
            "revenue": 121969
        },
        "2018-11": {
            "month": "2018-11",
            "price": "8.98",
            "revenue": 71775
        },
        "2018-12": {
            "month": "2018-12",
            "price": "9.84",
            "revenue": 87766
        },
        "2019-01": {
            "month": "2019-01",
            "price": "9.72",
            "revenue": 100522
        },
        "2019-02": {
            "month": "2019-02",
            "price": "10.14",
            "revenue": 57045
        },
        "2019-03": {
            "month": "2019-03",
            "price": "11.35",
            "revenue": 91671
        },
        "2019-04": {
            "month": "2019-04",
            "price": "11.04",
            "revenue": 107192
        },
        "2019-05": {
            "month": "2019-05",
            "price": "9.93",
            "revenue": 137939
        },
        "2019-06": {
            "month": "2019-06",
            "price": "9.99",
            "revenue": 86614
        },
        "2019-07": {
            "month": "2019-07",
            "price": "10.20",
            "revenue": 89986
        },
        "2019-08": {
            "month": "2019-08",
            "price": "10.42",
            "revenue": 107421
        },
        "2019-09": {
            "month": "2019-09",
            "price": "11.50",
            "revenue": 121958
        },
        "2019-10": {
            "month": "2019-10",
            "price": "14.67",
            "revenue": 157612
        },
        "2019-11": {
            "month": "2019-11",
            "price": "15.91",
            "revenue": 111417
        },
        "2019-12": {
            "month": "2019-12",
            "price": "19.90",
            "revenue": 114379
        },
        "2020-01": {
            "month": "2020-01",
            "price": "19.42",
            "revenue": 119088
        },
        "2020-02": {
            "month": "2020-02",
            "price": "16.49",
            "revenue": 88539
        },
        "2020-03": {
            "month": "2020-03",
            "price": "13.26",
            "revenue": 123789
        },
        "2020-04": {
            "month": "2020-04",
            "price": "14.62",
            "revenue": 100484
        },
        "2020-05": {
            "month": "2020-05",
            "price": "18.92",
            "revenue": 147884
        },
        "2020-06": {
            "month": "2020-06",
            "price": "21.88",
            "revenue": 141484
        },
        "2020-07": {
            "month": "2020-07",
            "price": "27.20",
            "revenue": 139333
        },
        "2020-08": {
            "month": "2020-08",
            "price": "28.84",
            "revenue": 129222
        },
        "2020-09": {
            "month": "2020-09",
            "price": "32.33",
            "revenue": 173838
        },
        "2020-10": {
            "month": "2020-10",
            "price": "29.83",
            "revenue": 165229
        },
        "2020-11": {
            "month": "2020-11",
            "price": "32.58",
            "revenue": 176438
        },
        "2020-12": {
            "month": "2020-12",
            "price": "39.22",
            "revenue": 214496
        },
        "2021-01": {
            "month": "2021-01",
            "price": "36.96",
            "revenue": 234788
        },
        "2021-02": {
            "month": "2021-02",
            "price": "37.55",
            "revenue": 109819
        },
        "2021-03": {
            "month": "2021-03",
            "price": "42.58",
            "revenue": 141842
        },
        "2021-04": {
            "month": "2021-04",
            "price": "42.52",
            "revenue": 116913
        },
        "2021-05": {
            "month": "2021-05",
            "price": "38.08",
            "revenue": 109461
        },
        "2021-06": {
            "month": "2021-06",
            "price": "36.92",
            "revenue": 129079
        },
        "2021-07": {
            "month": "2021-07",
            "price": "36.12",
            "revenue": 103798
        },
        "2021-08": {
            "month": "2021-08",
            "price": "27.90",
            "revenue": 102497
        },
        "2021-09": {
            "month": "2021-09",
            "price": "24.30",
            "revenue": 100530
        },
        "2021-10": {
            "month": "2021-10",
            "price": "23.26",
            "revenue": 134170
        },
        "2021-11": {
            "month": "2021-11",
            "price": "22.99",
            "revenue": 105194
        },
        "2021-12": {
            "month": "2021-12",
            "price": "22.32",
            "revenue": 100668
        },
        "2022-01": {
            "month": "2022-01",
            "price": "22.13",
            "revenue": 126296
        },
        "2022-02": {
            "month": "2022-02",
            "price": "21.25",
            "revenue": 94425
        },
        "2022-03": {
            "month": "2022-03",
            "price": "19.69",
            "revenue": 112094
        },
        "2022-04": {
            "month": "2022-04",
            "price": "17.95",
            "revenue": 101005
        },
        "2022-05": {
            "month": "2022-05",
            "price": "16.61",
            "revenue": 127007
        },
        "2022-06": {
            "month": "2022-06",
            "price": "17.17",
            "revenue": 101570
        },
        "2022-07": {
            "month": "2022-07",
            "price": "16.16",
            "revenue": 57275
        },
        "2022-08": {
            "month": "2022-08",
            "price": "16.85",
            "revenue": 78715
        },
        "2022-09": {
            "month": "2022-09",
            "price": "16.08",
            "revenue": 69781
        },
        "2022-10": {
            "month": "2022-10",
            "price": "13.70",
            "revenue": 121840
        },
        "2022-11": {
            "month": "2022-11",
            "price": "13.52",
            "revenue": 99377
        },
        "2022-12": {
            "month": "2022-12",
            "price": "15.75",
            "revenue": 105541
        },
        "2023-01": {
            "month": "2023-01",
            "price": "16.88",
            "revenue": 73166
        },
        "2023-02": {
            "month": "2023-02",
            "price": "16.98",
            "revenue": 86994
        },
        "2023-03": {
            "month": "2023-03",
            "price": "18.83",
            "revenue": 89489
        },
        "2023-04": {
            "month": "2023-04",
            "price": "22.09",
            "revenue": 98926
        },
        "2023-05": {
            "month": "2023-05",
            "price": "33.18",
            "revenue": 111006
        }
    }
}
