{
    "summary": {
        "stock_name": "宏正",
        "stock_id": "6277",
        "category": "電腦及週邊設備",
        "main_business": "智慧製造與物聯網應用方案之研發、製造及銷售<br>資訊暨專業影音設備連接管理方案之研發、製造及銷售",
        "website_url": "http://www.aten.com/tw/zh/",
        "ceo": "陳尚仲",
        "pe_ratio": 15,
        "report_year_from": 2001,
        "report_year_to": 2023,
        "age": 23,
        "eps_negative_percentage": 0,
        "eps_growth_avg": {
            "last_all": 7.19,
            "last_2y": -28.12,
            "last_4y": -7.69,
            "last_8y": 6.46,
            "last_12y": 7.54,
            "last_16y": 3.54,
            "last_20y": 7.19,
            "at_2006_last_3y": 22.67,
            "at_2007_last_3y": 1.65,
            "at_2008_last_3y": -8.08,
            "at_2009_last_3y": -12.96,
            "at_2010_last_3y": -9.46,
            "at_2011_last_3y": -4.88,
            "at_2012_last_3y": 5.06,
            "at_2013_last_3y": 19.83,
            "at_2014_last_3y": 9.98,
            "at_2015_last_3y": 10.59,
            "at_2016_last_3y": 15.13,
            "at_2017_last_3y": -0.17,
            "at_2018_last_3y": 24.14,
            "at_2019_last_3y": 12.47,
            "at_2020_last_3y": 34.55,
            "at_2021_last_3y": 22.1,
            "at_2022_last_3y": 0.81,
            "at_2023_last_3y": 3.91,
            "at_2024_last_3y": 3.91,
            "at_2006_last_all": 22.67,
            "at_2007_last_all": 12.51,
            "at_2008_last_all": 2.72,
            "at_2009_last_all": 1.53,
            "at_2010_last_all": 6.6,
            "at_2011_last_all": 4.78,
            "at_2012_last_all": 3.65,
            "at_2013_last_all": 8.18,
            "at_2014_last_all": 7.73,
            "at_2015_last_all": 6.57,
            "at_2016_last_all": 6.93,
            "at_2017_last_all": 5.95,
            "at_2018_last_all": 11.83,
            "at_2019_last_all": 7.96,
            "at_2020_last_all": 13.07,
            "at_2021_last_all": 9.35,
            "at_2022_last_all": 9.63,
            "at_2023_last_all": 7.19,
            "at_2024_last_all": 7.19
        },
        "latest_eps": 5.48,
        "latest_price": 80.3,
        "latest_roe": 14.22,
        "latest_gross_margin": 60.1,
        "latest_equity": 4670596,
        "latest_revenue": 1217012,
        "latest_gross_profit": 731380,
        "latest_net_income": 126140,
        "latest_debt_ratio": 33.45,
        "latest_current_ratio": 200.12,
        "latest_account_receivable_turnover_ratio": 1.82,
        "latest_inventory_turnover_ratio": 0.34,
        "latest_reinvestment_rate": 18.87,
        "latest_research_to_sale_ratio": 10.62
    },
    "eps_dividends": {
        "2001": {
            "cash": 0,
            "stock": 0,
            "eps": 0
        },
        "2002": {
            "cash": 0,
            "stock": 0,
            "eps": 4.38
        },
        "2003": {
            "cash": 4.5,
            "stock": 1.5,
            "eps": 6.83
        },
        "2004": {
            "cash": 5.5,
            "stock": 1,
            "eps": 6.33
        },
        "2005": {
            "cash": 5.5,
            "stock": 0.5,
            "eps": 7.21
        },
        "2006": {
            "cash": 4.4,
            "stock": 0.6,
            "eps": 9.24
        },
        "2007": {
            "cash": 5.5,
            "stock": 0.5,
            "eps": 6.64
        },
        "2008": {
            "cash": 4.5,
            "stock": 0.5,
            "eps": 3.57
        },
        "2009": {
            "cash": 2.5,
            "stock": 0.7,
            "eps": 3.37
        },
        "2010": {
            "cash": 3,
            "stock": 0,
            "eps": 4.79
        },
        "2011": {
            "cash": 7.6,
            "stock": 0,
            "eps": 4.32
        },
        "2012": {
            "cash": 0,
            "stock": 0,
            "eps": 4.04
        },
        "2013": {
            "cash": 3.3,
            "stock": 0,
            "eps": 6.2
        },
        "2014": {
            "cash": 5,
            "stock": 0,
            "eps": 6.37
        },
        "2015": {
            "cash": 5.7,
            "stock": 0,
            "eps": 5.9
        },
        "2016": {
            "cash": 5.2,
            "stock": 0,
            "eps": 6.59
        },
        "2017": {
            "cash": 5.8,
            "stock": 0,
            "eps": 6.08
        },
        "2018": {
            "cash": 5.5,
            "stock": 0,
            "eps": 13.19
        },
        "2019": {
            "cash": 8,
            "stock": 0,
            "eps": 6.06
        },
        "2020": {
            "cash": 7.8,
            "stock": 0,
            "eps": 12.55
        },
        "2021": {
            "cash": 5.3,
            "stock": 0,
            "eps": 5.33
        },
        "2022": {
            "cash": 5.3,
            "stock": 0,
            "eps": 6.12
        },
        "2023": {
            "cash": 3.3,
            "stock": 0,
            "eps": 3.57
        },
        "2024": {
            "cash": 2.1,
            "stock": 0,
            "eps": 0
        }
    },
    "dividends": {
        "2003-03-19": {
            "cash": 4.5,
            "stock": 1.5
        },
        "2004-03-15": {
            "cash": 5.5,
            "stock": 1
        },
        "2005-04-27": {
            "cash": 5.5,
            "stock": 0.5
        },
        "2006-04-12": {
            "cash": 4.4,
            "stock": 0.6
        },
        "2007-04-13": {
            "cash": 5.5,
            "stock": 0.5
        },
        "2008-04-15": {
            "cash": 4.5,
            "stock": 0.5
        },
        "2009-04-21": {
            "cash": 2.5,
            "stock": 0.7
        },
        "2010-04-23": {
            "cash": 3,
            "stock": 0
        },
        "2011-01-01": {
            "cash": 3.5,
            "stock": 0
        },
        "2011-04-19": {
            "cash": 4.1,
            "stock": 0
        },
        "2013-03-19": {
            "cash": 3.3,
            "stock": 0
        },
        "2014-08-21": {
            "cash": 5,
            "stock": 0
        },
        "2015-08-26": {
            "cash": 5.7,
            "stock": 0
        },
        "2016-08-05": {
            "cash": 5.2,
            "stock": 0
        },
        "2017-08-18": {
            "cash": 5.8,
            "stock": 0
        },
        "2018-08-31": {
            "cash": 5.5,
            "stock": 0
        },
        "2019-08-21": {
            "cash": 8,
            "stock": 0
        },
        "2020-08-21": {
            "cash": 5.3,
            "stock": 0
        },
        "2020-12-16": {
            "cash": 2.5,
            "stock": 0
        },
        "2021-08-18": {
            "cash": 3,
            "stock": 0
        },
        "2021-12-03": {
            "cash": 2.3,
            "stock": 0
        },
        "2022-08-26": {
            "cash": 2.9,
            "stock": 0
        },
        "2022-12-14": {
            "cash": 2.4,
            "stock": 0
        },
        "2023-08-23": {
            "cash": 3.3,
            "stock": 0
        },
        "2024-01-05": {
            "cash": 2.1,
            "stock": 0
        }
    },
    "prices": {
        "200101": "無",
        "200102": "無",
        "200103": "無",
        "200104": "無",
        "200105": "無",
        "200106": "無",
        "200107": "無",
        "200108": "無",
        "200109": "無",
        "200110": "無",
        "200111": "無",
        "200112": "無",
        "200201": "無",
        "200202": "無",
        "200203": "無",
        "200204": "無",
        "200205": "無",
        "200206": "無",
        "200207": "無",
        "200208": "無",
        "200209": "無",
        "200210": "無",
        "200211": "無",
        "200212": "無",
        "200301": "無",
        "200302": "無",
        "200303": "無",
        "200304": "無",
        "200305": "無",
        "200306": "無",
        "200307": "無",
        "200308": "無",
        "200309": "111.10",
        "200310": "102.25",
        "200311": "108.28",
        "200312": "106.70",
        "200401": "101.73",
        "200402": "120.95",
        "200403": "120.65",
        "200404": "114.57",
        "200405": "107.02",
        "200406": "84.88",
        "200407": "78.77",
        "200408": "72.35",
        "200409": "67.98",
        "200410": "63.10",
        "200411": "69.86",
        "200412": "73.76",
        "200501": "63.93",
        "200502": "67.19",
        "200503": "71.99",
        "200504": "72.07",
        "200505": "71.39",
        "200506": "72.83",
        "200507": "77.32",
        "200508": "75.94",
        "200509": "74.38",
        "200510": "71.72",
        "200511": "69.80",
        "200512": "73.76",
        "200601": "77.78",
        "200602": "78.13",
        "200603": "82.84",
        "200604": "84.27",
        "200605": "89.99",
        "200606": "83.97",
        "200607": "86.19",
        "200608": "80.03",
        "200609": "80.93",
        "200610": "81.80",
        "200611": "84.82",
        "200612": "92.14",
        "200701": "94.11",
        "200702": "108.68",
        "200703": "121.59",
        "200704": "117.38",
        "200705": "116.18",
        "200706": "134.50",
        "200707": "156.86",
        "200708": "159.39",
        "200709": "146.97",
        "200710": "138.30",
        "200711": "100.47",
        "200712": "93.47",
        "200801": "83.62",
        "200802": "77.24",
        "200803": "73.13",
        "200804": "78.07",
        "200805": "76.35",
        "200806": "69.57",
        "200807": "61.14",
        "200808": "54.24",
        "200809": "44.69",
        "200810": "42.60",
        "200811": "39.54",
        "200812": "41.15",
        "200901": "41.32",
        "200902": "40.02",
        "200903": "41.15",
        "200904": "45.09",
        "200905": "46.28",
        "200906": "44.54",
        "200907": "45.09",
        "200908": "43.02",
        "200909": "42.79",
        "200910": "45.14",
        "200911": "56.60",
        "200912": "65.37",
        "201001": "64.02",
        "201002": "54.48",
        "201003": "58.80",
        "201004": "60.67",
        "201005": "55.15",
        "201006": "53.44",
        "201007": "55.60",
        "201008": "54.27",
        "201009": "53.30",
        "201010": "52.87",
        "201011": "52.65",
        "201012": "53.53",
        "201101": "54.10",
        "201102": "51.96",
        "201103": "49.76",
        "201104": "52.81",
        "201105": "59.18",
        "201106": "61.33",
        "201107": "70.34",
        "201108": "62.07",
        "201109": "56.07",
        "201110": "54.01",
        "201111": "54.48",
        "201112": "50.47",
        "201201": "50.91",
        "201202": "57.57",
        "201203": "60.02",
        "201204": "55.56",
        "201205": "55.87",
        "201206": "53.83",
        "201207": "54.05",
        "201208": "52.82",
        "201209": "51.80",
        "201210": "48.54",
        "201211": "43.14",
        "201212": "45.14",
        "201301": "43.99",
        "201302": "44.54",
        "201303": "47.07",
        "201304": "49.46",
        "201305": "50.71",
        "201306": "51.76",
        "201307": "57.13",
        "201308": "58.97",
        "201309": "67.30",
        "201310": "73.52",
        "201311": "79.20",
        "201312": "87.68",
        "201401": "88.12",
        "201402": "96.33",
        "201403": "98.70",
        "201404": "96.29",
        "201405": "92.08",
        "201406": "88.88",
        "201407": "86.18",
        "201408": "83.91",
        "201409": "83.51",
        "201410": "75.60",
        "201411": "77.52",
        "201412": "81.94",
        "201501": "82.72",
        "201502": "83.08",
        "201503": "88.16",
        "201504": "91.57",
        "201505": "88.62",
        "201506": "88.69",
        "201507": "89.20",
        "201508": "69.27",
        "201509": "65.96",
        "201510": "70.12",
        "201511": "70.50",
        "201512": "70.72",
        "201601": "68.20",
        "201602": "69.92",
        "201603": "74.90",
        "201604": "77.61",
        "201605": "83.78",
        "201606": "86.21",
        "201607": "83.98",
        "201608": "82.10",
        "201609": "81.19",
        "201610": "79.49",
        "201611": "79.34",
        "201612": "79.98",
        "201701": "80.16",
        "201702": "82.06",
        "201703": "83.33",
        "201704": "83.82",
        "201705": "83.40",
        "201706": "84.14",
        "201707": "82.54",
        "201708": "76.50",
        "201709": "77.25",
        "201710": "77.93",
        "201711": "78.44",
        "201712": "81.80",
        "201801": "85.07",
        "201802": "86.26",
        "201803": "90.14",
        "201804": "97.92",
        "201805": "94.15",
        "201806": "90.38",
        "201807": "88.17",
        "201808": "83.23",
        "201809": "81.91",
        "201810": "78.81",
        "201811": "80.85",
        "201812": "83.31",
        "201901": "92.72",
        "201902": "92.32",
        "201903": "96.45",
        "201904": "94.13",
        "201905": "90.15",
        "201906": "90.32",
        "201907": "91.48",
        "201908": "83.87",
        "201909": "85.34",
        "201910": "86.13",
        "201911": "86.81",
        "201912": "86.93",
        "202001": "85.90",
        "202002": "84.97",
        "202003": "79.79",
        "202004": "85.35",
        "202005": "89.48",
        "202006": "90.48",
        "202007": "88.68",
        "202008": "85.21",
        "202009": "84.24",
        "202010": "82.46",
        "202011": "83.61",
        "202012": "83.83",
        "202101": "84.37",
        "202102": "86.30",
        "202103": "88.02",
        "202104": "89.22",
        "202105": "83.89",
        "202106": "84.74",
        "202107": "84.70",
        "202108": "82.76",
        "202109": "82.26",
        "202110": "83.28",
        "202111": "82.62",
        "202112": "81.51",
        "202201": "81.81",
        "202202": "81.31",
        "202203": "81.16",
        "202204": "81.28",
        "202205": "78.98",
        "202206": "78.03",
        "202207": "76.77",
        "202208": "77.08",
        "202209": "77.75",
        "202210": "75.87",
        "202211": "77.40",
        "202212": "77.23",
        "202301": "77.61",
        "202302": "79.86",
        "202303": "82.88",
        "202304": "84.88",
        "202305": "85.39",
        "202306": "87.30",
        "202307": "87.15",
        "202308": "82.49",
        "202309": "80.98",
        "202310": "80.68",
        "202311": "80.55",
        "202312": "80.33"
    },
    "quarters": {
        "20011": {
            "year_quarter": 20011,
            "year": 2001,
            "quarter": 1,
            "eps": null,
            "eps_growth_year": null,
            "eps_4q": null,
            "eps_4q_growth_year": null,
            "roe": null,
            "roe_4q": 0,
            "gross_profit": null,
            "gross_margin": null,
            "gross_margin_4q_avg": 0,
            "net_income": null,
            "net_income_4q": null,
            "revenue": null,
            "revenue_4q": null,
            "common_shares": null,
            "book_valuer_per_share": null,
            "book_valuer_per_share_4q_avg": 0,
            "equity": null,
            "current_ratio": null,
            "debt_ratio": null,
            "inventory_turnover_ratio": null,
            "account_receivable_turnover_ratio": null,
            "reinvestment_rate": null,
            "research_to_sale_ratio": null,
            "price_fair": 0,
            "eps_avg_yearly": 0,
            "eps_latest_yearly": 0,
            "eps_growth_yearly": 0
        },
        "20012": {
            "year_quarter": 20012,
            "year": 2001,
            "quarter": 2,
            "eps": null,
            "eps_growth_year": null,
            "eps_4q": null,
            "eps_4q_growth_year": null,
            "roe": null,
            "roe_4q": 0,
            "gross_profit": null,
            "gross_margin": null,
            "gross_margin_4q_avg": 0,
            "net_income": null,
            "net_income_4q": null,
            "revenue": null,
            "revenue_4q": null,
            "common_shares": null,
            "book_valuer_per_share": null,
            "book_valuer_per_share_4q_avg": 0,
            "equity": null,
            "current_ratio": null,
            "debt_ratio": null,
            "inventory_turnover_ratio": null,
            "account_receivable_turnover_ratio": null,
            "reinvestment_rate": null,
            "research_to_sale_ratio": null,
            "price_fair": 0,
            "eps_avg_yearly": 0,
            "eps_latest_yearly": 0,
            "eps_growth_yearly": 0
        },
        "20013": {
            "year_quarter": 20013,
            "year": 2001,
            "quarter": 3,
            "eps": null,
            "eps_growth_year": null,
            "eps_4q": null,
            "eps_4q_growth_year": null,
            "roe": null,
            "roe_4q": 0,
            "gross_profit": null,
            "gross_margin": null,
            "gross_margin_4q_avg": 0,
            "net_income": null,
            "net_income_4q": null,
            "revenue": null,
            "revenue_4q": null,
            "common_shares": null,
            "book_valuer_per_share": null,
            "book_valuer_per_share_4q_avg": 0,
            "equity": null,
            "current_ratio": null,
            "debt_ratio": null,
            "inventory_turnover_ratio": null,
            "account_receivable_turnover_ratio": null,
            "reinvestment_rate": null,
            "research_to_sale_ratio": null,
            "price_fair": 0,
            "eps_avg_yearly": 0,
            "eps_latest_yearly": 0,
            "eps_growth_yearly": 0
        },
        "20014": {
            "year_quarter": 20014,
            "year": 2001,
            "quarter": 4,
            "eps": null,
            "eps_growth_year": null,
            "eps_4q": null,
            "eps_4q_growth_year": null,
            "roe": null,
            "roe_4q": 0,
            "gross_profit": null,
            "gross_margin": null,
            "gross_margin_4q_avg": 0,
            "net_income": null,
            "net_income_4q": null,
            "revenue": null,
            "revenue_4q": null,
            "common_shares": 394235,
            "book_valuer_per_share": 32.73,
            "book_valuer_per_share_4q_avg": 8.18,
            "equity": 1293729,
            "current_ratio": 197.93,
            "debt_ratio": 28.92,
            "inventory_turnover_ratio": null,
            "account_receivable_turnover_ratio": null,
            "reinvestment_rate": null,
            "research_to_sale_ratio": null,
            "price_fair": 0,
            "eps_avg_yearly": 0,
            "eps_latest_yearly": 0,
            "eps_growth_yearly": 0
        },
        "20021": {
            "year_quarter": 20021,
            "year": 2002,
            "quarter": 1,
            "eps": null,
            "eps_growth_year": null,
            "eps_4q": null,
            "eps_4q_growth_year": null,
            "roe": null,
            "roe_4q": 0,
            "gross_profit": null,
            "gross_margin": null,
            "gross_margin_4q_avg": 0,
            "net_income": null,
            "net_income_4q": null,
            "revenue": null,
            "revenue_4q": null,
            "common_shares": null,
            "book_valuer_per_share": null,
            "book_valuer_per_share_4q_avg": 8.18,
            "equity": null,
            "current_ratio": null,
            "debt_ratio": null,
            "inventory_turnover_ratio": null,
            "account_receivable_turnover_ratio": null,
            "reinvestment_rate": null,
            "research_to_sale_ratio": null,
            "price_fair": 0,
            "eps_avg_yearly": 0,
            "eps_latest_yearly": 0,
            "eps_growth_yearly": 0
        },
        "20022": {
            "year_quarter": 20022,
            "year": 2002,
            "quarter": 2,
            "eps": null,
            "eps_growth_year": null,
            "eps_4q": null,
            "eps_4q_growth_year": null,
            "roe": null,
            "roe_4q": 0,
            "gross_profit": null,
            "gross_margin": null,
            "gross_margin_4q_avg": 0,
            "net_income": null,
            "net_income_4q": null,
            "revenue": null,
            "revenue_4q": null,
            "common_shares": null,
            "book_valuer_per_share": null,
            "book_valuer_per_share_4q_avg": 8.18,
            "equity": null,
            "current_ratio": null,
            "debt_ratio": null,
            "inventory_turnover_ratio": null,
            "account_receivable_turnover_ratio": null,
            "reinvestment_rate": null,
            "research_to_sale_ratio": null,
            "price_fair": 0,
            "eps_avg_yearly": 0,
            "eps_latest_yearly": 0,
            "eps_growth_yearly": 0
        },
        "20023": {
            "year_quarter": 20023,
            "year": 2002,
            "quarter": 3,
            "eps": 1.99,
            "eps_growth_year": null,
            "eps_4q": null,
            "eps_4q_growth_year": null,
            "roe": 7.14,
            "roe_4q": 7.14,
            "gross_profit": 192894,
            "gross_margin": 44.57,
            "gross_margin_4q_avg": 11.14,
            "net_income": 123722,
            "net_income_4q": null,
            "revenue": 432780,
            "revenue_4q": null,
            "common_shares": 622726,
            "book_valuer_per_share": 27.84,
            "book_valuer_per_share_4q_avg": 15.14,
            "equity": 1733517,
            "current_ratio": 340.39,
            "debt_ratio": 18.27,
            "inventory_turnover_ratio": 2.05,
            "account_receivable_turnover_ratio": null,
            "reinvestment_rate": null,
            "research_to_sale_ratio": null,
            "price_fair": 0,
            "eps_avg_yearly": 0,
            "eps_latest_yearly": 0,
            "eps_growth_yearly": 0
        },
        "20024": {
            "year_quarter": 20024,
            "year": 2002,
            "quarter": 4,
            "eps": 2.39,
            "eps_growth_year": null,
            "eps_4q": null,
            "eps_4q_growth_year": null,
            "roe": 7.83,
            "roe_4q": 14.969999999999999,
            "gross_profit": 239438,
            "gross_margin": 46.6,
            "gross_margin_4q_avg": 22.79,
            "net_income": 141842,
            "net_income_4q": null,
            "revenue": 513846,
            "revenue_4q": null,
            "common_shares": 622726,
            "book_valuer_per_share": 30.15,
            "book_valuer_per_share_4q_avg": 14.5,
            "equity": 1889387,
            "current_ratio": 387.84,
            "debt_ratio": 17.16,
            "inventory_turnover_ratio": 2.03,
            "account_receivable_turnover_ratio": null,
            "reinvestment_rate": null,
            "research_to_sale_ratio": null,
            "price_fair": 334.6,
            "eps_avg_yearly": 9.56,
            "eps_latest_yearly": 9.56,
            "eps_growth_yearly": 80.4
        },
        "20031": {
            "year_quarter": 20031,
            "year": 2003,
            "quarter": 1,
            "eps": 2.14,
            "eps_growth_year": null,
            "eps_4q": null,
            "eps_4q_growth_year": null,
            "roe": 6.84,
            "roe_4q": 21.81,
            "gross_profit": 212320,
            "gross_margin": 49.34,
            "gross_margin_4q_avg": 35.13,
            "net_income": 133506,
            "net_income_4q": null,
            "revenue": 430300,
            "revenue_4q": null,
            "common_shares": 622726,
            "book_valuer_per_share": 32.32,
            "book_valuer_per_share_4q_avg": 22.58,
            "equity": 2012397,
            "current_ratio": 389.01,
            "debt_ratio": 17.47,
            "inventory_turnover_ratio": 1.61,
            "account_receivable_turnover_ratio": null,
            "reinvestment_rate": null,
            "research_to_sale_ratio": null,
            "price_fair": 265.28,
            "eps_avg_yearly": 9.06,
            "eps_latest_yearly": 8.56,
            "eps_growth_yearly": 19.28
        },
        "20032": {
            "year_quarter": 20032,
            "year": 2003,
            "quarter": 2,
            "eps": 1.46,
            "eps_growth_year": null,
            "eps_4q": 7.04,
            "eps_4q_growth_year": null,
            "roe": 5.45,
            "roe_4q": 27.259999999999998,
            "gross_profit": 231301,
            "gross_margin": 49.42,
            "gross_margin_4q_avg": 47.48,
            "net_income": 104415,
            "net_income_4q": null,
            "revenue": 467995,
            "revenue_4q": null,
            "common_shares": 731135,
            "book_valuer_per_share": 24.91,
            "book_valuer_per_share_4q_avg": 28.81,
            "equity": 1821348,
            "current_ratio": 235.59,
            "debt_ratio": 28.83,
            "inventory_turnover_ratio": 2.11,
            "account_receivable_turnover_ratio": null,
            "reinvestment_rate": null,
            "research_to_sale_ratio": null,
            "price_fair": 23.96,
            "eps_avg_yearly": 7.99,
            "eps_latest_yearly": 5.84,
            "eps_growth_yearly": -29.51
        },
        "20033": {
            "year_quarter": 20033,
            "year": 2003,
            "quarter": 3,
            "eps": 1.81,
            "eps_growth_year": -9.05,
            "eps_4q": 7.1,
            "eps_4q_growth_year": null,
            "roe": 6.9,
            "roe_4q": 27.020000000000003,
            "gross_profit": 217529,
            "gross_margin": 45.22,
            "gross_margin_4q_avg": 47.65,
            "net_income": 130035,
            "net_income_4q": null,
            "revenue": 481012,
            "revenue_4q": null,
            "common_shares": 731135,
            "book_valuer_per_share": 26.63,
            "book_valuer_per_share_4q_avg": 28.5,
            "equity": 1947241,
            "current_ratio": 491.49,
            "debt_ratio": 14.87,
            "inventory_turnover_ratio": 2.59,
            "account_receivable_turnover_ratio": null,
            "reinvestment_rate": null,
            "research_to_sale_ratio": null,
            "price_fair": 92.33,
            "eps_avg_yearly": 7.8,
            "eps_latest_yearly": 7.24,
            "eps_growth_yearly": 1.84
        },
        "20034": {
            "year_quarter": 20034,
            "year": 2003,
            "quarter": 4,
            "eps": 1.42,
            "eps_growth_year": -40.59,
            "eps_4q": 6.44,
            "eps_4q_growth_year": null,
            "roe": 5.16,
            "roe_4q": 24.35,
            "gross_profit": 252973,
            "gross_margin": 46.13,
            "gross_margin_4q_avg": 47.53,
            "net_income": 104131,
            "net_income_4q": null,
            "revenue": 548368,
            "revenue_4q": null,
            "common_shares": 731135,
            "book_valuer_per_share": 28.31,
            "book_valuer_per_share_4q_avg": 28.04,
            "equity": 2085442,
            "current_ratio": 357.34,
            "debt_ratio": 20.38,
            "inventory_turnover_ratio": 1.76,
            "account_receivable_turnover_ratio": null,
            "reinvestment_rate": null,
            "research_to_sale_ratio": null,
            "price_fair": 22.13,
            "eps_avg_yearly": 7.38,
            "eps_latest_yearly": 5.68,
            "eps_growth_yearly": -15.77
        },
        "20041": {
            "year_quarter": 20041,
            "year": 2004,
            "quarter": 1,
            "eps": 2.33,
            "eps_growth_year": 8.88,
            "eps_4q": 6.98,
            "eps_4q_growth_year": null,
            "roe": 7.86,
            "roe_4q": 25.37,
            "gross_profit": 269989,
            "gross_margin": 46.32,
            "gross_margin_4q_avg": 46.77,
            "net_income": 169764,
            "net_income_4q": null,
            "revenue": 582933,
            "revenue_4q": null,
            "common_shares": 731135,
            "book_valuer_per_share": 30.58,
            "book_valuer_per_share_4q_avg": 27.61,
            "equity": 2235751,
            "current_ratio": 419.71,
            "debt_ratio": 19.02,
            "inventory_turnover_ratio": 1.56,
            "account_receivable_turnover_ratio": null,
            "reinvestment_rate": null,
            "research_to_sale_ratio": null,
            "price_fair": 269.5,
            "eps_avg_yearly": 7.7,
            "eps_latest_yearly": 9.32,
            "eps_growth_yearly": 29.58
        },
        "20042": {
            "year_quarter": 20042,
            "year": 2004,
            "quarter": 2,
            "eps": 0.94,
            "eps_growth_year": -35.62,
            "eps_4q": 5.84,
            "eps_4q_growth_year": -17.02,
            "roe": 3.76,
            "roe_4q": 23.68,
            "gross_profit": 235282,
            "gross_margin": 45.22,
            "gross_margin_4q_avg": 45.72,
            "net_income": 77465,
            "net_income_4q": null,
            "revenue": 520330,
            "revenue_4q": null,
            "common_shares": 819748,
            "book_valuer_per_share": 22.99,
            "book_valuer_per_share_4q_avg": 27.13,
            "equity": 1884386,
            "current_ratio": 383.96,
            "debt_ratio": 20.24,
            "inventory_turnover_ratio": 1.93,
            "account_receivable_turnover_ratio": null,
            "reinvestment_rate": null,
            "research_to_sale_ratio": null,
            "price_fair": 21.41,
            "eps_avg_yearly": 7.14,
            "eps_latest_yearly": 3.76,
            "eps_growth_yearly": -8.73
        },
        "20043": {
            "year_quarter": 20043,
            "year": 2004,
            "quarter": 3,
            "eps": 1.25,
            "eps_growth_year": -30.94,
            "eps_4q": 5.54,
            "eps_4q_growth_year": -21.96,
            "roe": 5.4,
            "roe_4q": 22.18,
            "gross_profit": 234320,
            "gross_margin": 44.75,
            "gross_margin_4q_avg": 45.61,
            "net_income": 102429,
            "net_income_4q": null,
            "revenue": 523614,
            "revenue_4q": null,
            "common_shares": 819748,
            "book_valuer_per_share": 23.32,
            "book_valuer_per_share_4q_avg": 26.3,
            "equity": 1911653,
            "current_ratio": 389.21,
            "debt_ratio": 19.36,
            "inventory_turnover_ratio": 1.98,
            "account_receivable_turnover_ratio": null,
            "reinvestment_rate": null,
            "research_to_sale_ratio": null,
            "price_fair": 129.49,
            "eps_avg_yearly": 6.87,
            "eps_latest_yearly": 5,
            "eps_growth_yearly": 8.85
        },
        "20044": {
            "year_quarter": 20044,
            "year": 2004,
            "quarter": 4,
            "eps": 1.81,
            "eps_growth_year": 27.46,
            "eps_4q": 6.12,
            "eps_4q_growth_year": -4.98,
            "roe": 7.43,
            "roe_4q": 24.45,
            "gross_profit": 296214,
            "gross_margin": 42.73,
            "gross_margin_4q_avg": 44.76,
            "net_income": 146942,
            "net_income_4q": null,
            "revenue": 693181,
            "revenue_4q": null,
            "common_shares": 819748,
            "book_valuer_per_share": 24.64,
            "book_valuer_per_share_4q_avg": 25.38,
            "equity": 2043515,
            "current_ratio": 275.9,
            "debt_ratio": 26.39,
            "inventory_turnover_ratio": 1.58,
            "account_receivable_turnover_ratio": null,
            "reinvestment_rate": null,
            "research_to_sale_ratio": null,
            "price_fair": 241.89,
            "eps_avg_yearly": 6.91,
            "eps_latest_yearly": 7.24,
            "eps_growth_yearly": 27.78
        },
        "20051": {
            "year_quarter": 20051,
            "year": 2005,
            "quarter": 1,
            "eps": 1.61,
            "eps_growth_year": -30.9,
            "eps_4q": 5.66,
            "eps_4q_growth_year": -18.81,
            "roe": 6.19,
            "roe_4q": 22.78,
            "gross_profit": 252810,
            "gross_margin": 41.97,
            "gross_margin_4q_avg": 43.67,
            "net_income": 129783,
            "net_income_4q": null,
            "revenue": 602348,
            "revenue_4q": null,
            "common_shares": 819748,
            "book_valuer_per_share": 26.19,
            "book_valuer_per_share_4q_avg": 24.29,
            "equity": 2147092,
            "current_ratio": 315.92,
            "debt_ratio": 23.09,
            "inventory_turnover_ratio": 1.23,
            "account_receivable_turnover_ratio": null,
            "reinvestment_rate": null,
            "research_to_sale_ratio": null,
            "price_fair": 209.89,
            "eps_avg_yearly": 6.86,
            "eps_latest_yearly": 6.44,
            "eps_growth_yearly": 20.58
        },
        "20052": {
            "year_quarter": 20052,
            "year": 2005,
            "quarter": 2,
            "eps": 1.65,
            "eps_growth_year": 75.53,
            "eps_4q": 6.37,
            "eps_4q_growth_year": 9.06,
            "roe": 6.71,
            "roe_4q": 25.729999999999997,
            "gross_profit": 254124,
            "gross_margin": 41.84,
            "gross_margin_4q_avg": 42.82,
            "net_income": 132524,
            "net_income_4q": null,
            "revenue": 607357,
            "revenue_4q": null,
            "common_shares": 819748,
            "book_valuer_per_share": 21.98,
            "book_valuer_per_share_4q_avg": 24.03,
            "equity": 1801783,
            "current_ratio": 175.72,
            "debt_ratio": 36.47,
            "inventory_turnover_ratio": 1.61,
            "account_receivable_turnover_ratio": null,
            "reinvestment_rate": null,
            "research_to_sale_ratio": null,
            "price_fair": 202.54,
            "eps_avg_yearly": 6.84,
            "eps_latest_yearly": 6.6,
            "eps_growth_yearly": 19.61
        },
        "20053": {
            "year_quarter": 20053,
            "year": 2005,
            "quarter": 3,
            "eps": 1.81,
            "eps_growth_year": 44.8,
            "eps_4q": 6.56,
            "eps_4q_growth_year": 18.46,
            "roe": 8.23,
            "roe_4q": 28.560000000000002,
            "gross_profit": 285834,
            "gross_margin": 44.55,
            "gross_margin_4q_avg": 42.77,
            "net_income": 155940,
            "net_income_4q": null,
            "revenue": 641636,
            "revenue_4q": null,
            "common_shares": 880212,
            "book_valuer_per_share": 22.58,
            "book_valuer_per_share_4q_avg": 23.85,
            "equity": 1987839,
            "current_ratio": 288.06,
            "debt_ratio": 21.21,
            "inventory_turnover_ratio": 1.72,
            "account_receivable_turnover_ratio": null,
            "reinvestment_rate": null,
            "research_to_sale_ratio": null,
            "price_fair": 214.51,
            "eps_avg_yearly": 6.87,
            "eps_latest_yearly": 7.24,
            "eps_growth_yearly": 21.21
        },
        "20054": {
            "year_quarter": 20054,
            "year": 2005,
            "quarter": 4,
            "eps": 2.14,
            "eps_growth_year": 18.23,
            "eps_4q": 7,
            "eps_4q_growth_year": 14.44,
            "roe": 8.67,
            "roe_4q": 29.8,
            "gross_profit": 355393,
            "gross_margin": 46.8,
            "gross_margin_4q_avg": 43.79,
            "net_income": 184163,
            "net_income_4q": null,
            "revenue": 759336,
            "revenue_4q": null,
            "common_shares": 880747,
            "book_valuer_per_share": 24.66,
            "book_valuer_per_share_4q_avg": 23.85,
            "equity": 2259132,
            "current_ratio": 231.47,
            "debt_ratio": 29.23,
            "inventory_turnover_ratio": 1.17,
            "account_receivable_turnover_ratio": null,
            "reinvestment_rate": null,
            "research_to_sale_ratio": null,
            "price_fair": 245.11,
            "eps_avg_yearly": 7,
            "eps_latest_yearly": 8.56,
            "eps_growth_yearly": 25.19
        },
        "20061": {
            "year_quarter": 20061,
            "year": 2006,
            "quarter": 1,
            "eps": 2.14,
            "eps_growth_year": 32.92,
            "eps_4q": 7.59,
            "eps_4q_growth_year": 33.97,
            "roe": 8.04,
            "roe_4q": 31.650000000000002,
            "gross_profit": 302355,
            "gross_margin": 45.12,
            "gross_margin_4q_avg": 44.58,
            "net_income": 185628,
            "net_income_4q": null,
            "revenue": 670103,
            "revenue_4q": null,
            "common_shares": 880972,
            "book_valuer_per_share": 26.76,
            "book_valuer_per_share_4q_avg": 24,
            "equity": 2357338,
            "current_ratio": 339.32,
            "debt_ratio": 20.18,
            "inventory_turnover_ratio": 1.02,
            "account_receivable_turnover_ratio": null,
            "reinvestment_rate": null,
            "research_to_sale_ratio": null,
            "price_fair": 237.54,
            "eps_avg_yearly": 7.11,
            "eps_latest_yearly": 8.56,
            "eps_growth_yearly": 23.39
        },
        "20062": {
            "year_quarter": 20062,
            "year": 2006,
            "quarter": 2,
            "eps": 2.33,
            "eps_growth_year": 41.21,
            "eps_4q": 8.4,
            "eps_4q_growth_year": 31.85,
            "roe": 8.98,
            "roe_4q": 33.92,
            "gross_profit": 353702,
            "gross_margin": 47.73,
            "gross_margin_4q_avg": 46.05,
            "net_income": 201808,
            "net_income_4q": null,
            "revenue": 741101,
            "revenue_4q": null,
            "common_shares": 881022,
            "book_valuer_per_share": 24.29,
            "book_valuer_per_share_4q_avg": 24.57,
            "equity": 2139734,
            "current_ratio": 190.96,
            "debt_ratio": 31.96,
            "inventory_turnover_ratio": 1.82,
            "account_receivable_turnover_ratio": null,
            "reinvestment_rate": 41.31,
            "research_to_sale_ratio": null,
            "price_fair": 248.32,
            "eps_avg_yearly": 7.26,
            "eps_latest_yearly": 9.32,
            "eps_growth_yearly": 24.2
        },
        "20063": {
            "year_quarter": 20063,
            "year": 2006,
            "quarter": 3,
            "eps": 2.19,
            "eps_growth_year": 20.99,
            "eps_4q": 8.22,
            "eps_4q_growth_year": 25.37,
            "roe": 9.23,
            "roe_4q": 34.92,
            "gross_profit": 339879,
            "gross_margin": 49.34,
            "gross_margin_4q_avg": 47.25,
            "net_income": 207452,
            "net_income_4q": null,
            "revenue": 688783,
            "revenue_4q": null,
            "common_shares": 964206,
            "book_valuer_per_share": 24.45,
            "book_valuer_per_share_4q_avg": 25.04,
            "equity": 2357016,
            "current_ratio": 344.54,
            "debt_ratio": 19.91,
            "inventory_turnover_ratio": 1.76,
            "account_receivable_turnover_ratio": null,
            "reinvestment_rate": 9.45,
            "research_to_sale_ratio": null,
            "price_fair": 229.35,
            "eps_avg_yearly": 7.36,
            "eps_latest_yearly": 8.76,
            "eps_growth_yearly": 21.18
        },
        "20064": {
            "year_quarter": 20064,
            "year": 2006,
            "quarter": 4,
            "eps": 2.58,
            "eps_growth_year": 20.56,
            "eps_4q": 8.87,
            "eps_4q_growth_year": 26.67,
            "roe": 9.67,
            "roe_4q": 35.92,
            "gross_profit": 416531,
            "gross_margin": 53.42,
            "gross_margin_4q_avg": 48.9,
            "net_income": 244117,
            "net_income_4q": null,
            "revenue": 779668,
            "revenue_4q": null,
            "common_shares": 964903,
            "book_valuer_per_share": 26.97,
            "book_valuer_per_share_4q_avg": 25.62,
            "equity": 2694483,
            "current_ratio": 335.16,
            "debt_ratio": 21.24,
            "inventory_turnover_ratio": 1.15,
            "account_receivable_turnover_ratio": null,
            "reinvestment_rate": 15.27,
            "research_to_sale_ratio": null,
            "price_fair": 226.59,
            "eps_avg_yearly": 7.4,
            "eps_latest_yearly": 10.32,
            "eps_growth_yearly": 20.61
        },
        "20071": {
            "year_quarter": 20071,
            "year": 2007,
            "quarter": 1,
            "eps": 2.2,
            "eps_growth_year": 2.8,
            "eps_4q": 9.07,
            "eps_4q_growth_year": 19.59,
            "roe": 7.59,
            "roe_4q": 35.47,
            "gross_profit": 332802,
            "gross_margin": 49.54,
            "gross_margin_4q_avg": 50.01,
            "net_income": 209082,
            "net_income_4q": null,
            "revenue": 671764,
            "revenue_4q": null,
            "common_shares": 965211,
            "book_valuer_per_share": 29.15,
            "book_valuer_per_share_4q_avg": 26.22,
            "equity": 2813913,
            "current_ratio": 456.75,
            "debt_ratio": 17.54,
            "inventory_turnover_ratio": 1.1,
            "account_receivable_turnover_ratio": null,
            "reinvestment_rate": 7.93,
            "research_to_sale_ratio": null,
            "price_fair": 219.13,
            "eps_avg_yearly": 7.42,
            "eps_latest_yearly": 8.8,
            "eps_growth_yearly": 19.54
        },
        "20072": {
            "year_quarter": 20072,
            "year": 2007,
            "quarter": 2,
            "eps": 1.88,
            "eps_growth_year": -19.31,
            "eps_4q": 8.8,
            "eps_4q_growth_year": 4.77,
            "roe": 6.77,
            "roe_4q": 33.260000000000005,
            "gross_profit": 372623,
            "gross_margin": 50.33,
            "gross_margin_4q_avg": 50.66,
            "net_income": 179476,
            "net_income_4q": null,
            "revenue": 740405,
            "revenue_4q": null,
            "common_shares": 965456,
            "book_valuer_per_share": 25.75,
            "book_valuer_per_share_4q_avg": 26.58,
            "equity": 2485788,
            "current_ratio": 198.82,
            "debt_ratio": 34.56,
            "inventory_turnover_ratio": 1.89,
            "account_receivable_turnover_ratio": null,
            "reinvestment_rate": 7.89,
            "research_to_sale_ratio": null,
            "price_fair": 254.64,
            "eps_avg_yearly": 7.52,
            "eps_latest_yearly": 7.52,
            "eps_growth_yearly": 23.85
        },
        "20073": {
            "year_quarter": 20073,
            "year": 2007,
            "quarter": 3,
            "eps": 1.78,
            "eps_growth_year": -18.72,
            "eps_4q": 7.88,
            "eps_4q_growth_year": -4.17,
            "roe": 7.14,
            "roe_4q": 31.17,
            "gross_profit": 362388,
            "gross_margin": 48.78,
            "gross_margin_4q_avg": 50.52,
            "net_income": 184589,
            "net_income_4q": null,
            "revenue": 742904,
            "revenue_4q": null,
            "common_shares": 1048569,
            "book_valuer_per_share": 25.59,
            "book_valuer_per_share_4q_avg": 26.87,
            "equity": 2682898,
            "current_ratio": 321.74,
            "debt_ratio": 21.57,
            "inventory_turnover_ratio": 1.68,
            "account_receivable_turnover_ratio": null,
            "reinvestment_rate": 14.81,
            "research_to_sale_ratio": null,
            "price_fair": 199.35,
            "eps_avg_yearly": 7.52,
            "eps_latest_yearly": 7.12,
            "eps_growth_yearly": 16.53
        },
        "20074": {
            "year_quarter": 20074,
            "year": 2007,
            "quarter": 4,
            "eps": 0.78,
            "eps_growth_year": -69.77,
            "eps_4q": 6.3,
            "eps_4q_growth_year": -28.93,
            "roe": 2.93,
            "roe_4q": 24.43,
            "gross_profit": 400745,
            "gross_margin": 46.33,
            "gross_margin_4q_avg": 48.75,
            "net_income": 80958,
            "net_income_4q": null,
            "revenue": 865001,
            "revenue_4q": null,
            "common_shares": 1049356,
            "book_valuer_per_share": 26.4,
            "book_valuer_per_share_4q_avg": 26.72,
            "equity": 2849023,
            "current_ratio": 247.72,
            "debt_ratio": 24.4,
            "inventory_turnover_ratio": 1.14,
            "account_receivable_turnover_ratio": null,
            "reinvestment_rate": 21.66,
            "research_to_sale_ratio": null,
            "price_fair": 131.43,
            "eps_avg_yearly": 7.36,
            "eps_latest_yearly": 3.12,
            "eps_growth_yearly": 7.87
        },
        "20081": {
            "year_quarter": 20081,
            "year": 2008,
            "quarter": 1,
            "eps": 0.99,
            "eps_growth_year": -55,
            "eps_4q": 5.5,
            "eps_4q_growth_year": -39.42,
            "roe": 3.41,
            "roe_4q": 20.25,
            "gross_profit": 540694,
            "gross_margin": 53.93,
            "gross_margin_4q_avg": 49.84,
            "net_income": 98841,
            "net_income_4q": null,
            "revenue": 1002520,
            "revenue_4q": null,
            "common_shares": 1049914,
            "book_valuer_per_share": 27.32,
            "book_valuer_per_share_4q_avg": 26.27,
            "equity": 2950774,
            "current_ratio": 248.11,
            "debt_ratio": 25.05,
            "inventory_turnover_ratio": 0.81,
            "account_receivable_turnover_ratio": null,
            "reinvestment_rate": 22.96,
            "research_to_sale_ratio": null,
            "price_fair": 21.06,
            "eps_avg_yearly": 7.02,
            "eps_latest_yearly": 3.96,
            "eps_growth_yearly": -1.42
        },
        "20082": {
            "year_quarter": 20082,
            "year": 2008,
            "quarter": 2,
            "eps": 0.99,
            "eps_growth_year": -47.34,
            "eps_4q": 4.6,
            "eps_4q_growth_year": -47.75,
            "roe": 3.79,
            "roe_4q": 17.27,
            "gross_profit": 532031,
            "gross_margin": 51.55,
            "gross_margin_4q_avg": 50.15,
            "net_income": 103397,
            "net_income_4q": null,
            "revenue": 1032002,
            "revenue_4q": null,
            "common_shares": 1050136,
            "book_valuer_per_share": 23.08,
            "book_valuer_per_share_4q_avg": 25.6,
            "equity": 2498846,
            "current_ratio": 157.04,
            "debt_ratio": 38.33,
            "inventory_turnover_ratio": 0.89,
            "account_receivable_turnover_ratio": null,
            "reinvestment_rate": 22.4,
            "research_to_sale_ratio": null,
            "price_fair": 165.21,
            "eps_avg_yearly": 7.03,
            "eps_latest_yearly": 3.96,
            "eps_growth_yearly": 13.49
        },
        "20083": {
            "year_quarter": 20083,
            "year": 2008,
            "quarter": 3,
            "eps": 1.28,
            "eps_growth_year": -28.09,
            "eps_4q": 3.86,
            "eps_4q_growth_year": -51.05,
            "roe": 5.67,
            "roe_4q": 15.8,
            "gross_profit": 585072,
            "gross_margin": 52.19,
            "gross_margin_4q_avg": 51,
            "net_income": 145707,
            "net_income_4q": null,
            "revenue": 1121029,
            "revenue_4q": null,
            "common_shares": 1123209,
            "book_valuer_per_share": 22.78,
            "book_valuer_per_share_4q_avg": 24.9,
            "equity": 2636707,
            "current_ratio": 187.18,
            "debt_ratio": 31.55,
            "inventory_turnover_ratio": 0.91,
            "account_receivable_turnover_ratio": null,
            "reinvestment_rate": 21.57,
            "research_to_sale_ratio": null,
            "price_fair": 158.9,
            "eps_avg_yearly": 7.04,
            "eps_latest_yearly": 5.12,
            "eps_growth_yearly": 12.57
        },
        "20084": {
            "year_quarter": 20084,
            "year": 2008,
            "quarter": 4,
            "eps": 0.31,
            "eps_growth_year": -60.26,
            "eps_4q": 6.26,
            "eps_4q_growth_year": -0.68,
            "roe": 0.75,
            "roe_4q": 13.620000000000001,
            "gross_profit": 467236,
            "gross_margin": 51.94,
            "gross_margin_4q_avg": 52.4,
            "net_income": 19432,
            "net_income_4q": null,
            "revenue": 899546,
            "revenue_4q": null,
            "common_shares": 1103209,
            "book_valuer_per_share": 22.72,
            "book_valuer_per_share_4q_avg": 23.98,
            "equity": 2569356,
            "current_ratio": 214.22,
            "debt_ratio": 28.26,
            "inventory_turnover_ratio": 0.71,
            "account_receivable_turnover_ratio": 3.03,
            "reinvestment_rate": 19.9,
            "research_to_sale_ratio": null,
            "price_fair": 20,
            "eps_avg_yearly": 6.67,
            "eps_latest_yearly": 1.24,
            "eps_growth_yearly": -17.57
        },
        "20091": {
            "year_quarter": 20091,
            "year": 2009,
            "quarter": 1,
            "eps": 0.47,
            "eps_growth_year": -52.53,
            "eps_4q": 3.16,
            "eps_4q_growth_year": -42.59,
            "roe": 1.95,
            "roe_4q": 12.16,
            "gross_profit": 413844,
            "gross_margin": 52.82,
            "gross_margin_4q_avg": 52.13,
            "net_income": 50705,
            "net_income_4q": null,
            "revenue": 783492,
            "revenue_4q": null,
            "common_shares": 1103209,
            "book_valuer_per_share": 23.2,
            "book_valuer_per_share_4q_avg": 22.95,
            "equity": 2622821,
            "current_ratio": 241.79,
            "debt_ratio": 25.66,
            "inventory_turnover_ratio": 0.67,
            "account_receivable_turnover_ratio": 1.44,
            "reinvestment_rate": 22.43,
            "research_to_sale_ratio": null,
            "price_fair": 19.14,
            "eps_avg_yearly": 6.38,
            "eps_latest_yearly": 1.88,
            "eps_growth_yearly": -1.91
        },
        "20092": {
            "year_quarter": 20092,
            "year": 2009,
            "quarter": 2,
            "eps": 0.5,
            "eps_growth_year": -49.49,
            "eps_4q": 2.63,
            "eps_4q_growth_year": -42.84,
            "roe": 2.13,
            "roe_4q": 10.5,
            "gross_profit": 431331,
            "gross_margin": 53.66,
            "gross_margin_4q_avg": 52.65,
            "net_income": 54205,
            "net_income_4q": null,
            "revenue": 803822,
            "revenue_4q": null,
            "common_shares": 1103209,
            "book_valuer_per_share": 21.72,
            "book_valuer_per_share_4q_avg": 22.61,
            "equity": 2467570,
            "current_ratio": 183.31,
            "debt_ratio": 33.98,
            "inventory_turnover_ratio": 0.72,
            "account_receivable_turnover_ratio": 1.61,
            "reinvestment_rate": 24.23,
            "research_to_sale_ratio": null,
            "price_fair": 18.28,
            "eps_avg_yearly": 6.09,
            "eps_latest_yearly": 2,
            "eps_growth_yearly": -0.93
        },
        "20093": {
            "year_quarter": 20093,
            "year": 2009,
            "quarter": 3,
            "eps": 0.98,
            "eps_growth_year": -23.44,
            "eps_4q": 2.16,
            "eps_4q_growth_year": -44.03,
            "roe": 4.64,
            "roe_4q": 9.469999999999999,
            "gross_profit": 501928,
            "gross_margin": 53.27,
            "gross_margin_4q_avg": 52.92,
            "net_income": 117156,
            "net_income_4q": null,
            "revenue": 942221,
            "revenue_4q": null,
            "common_shares": 1194711,
            "book_valuer_per_share": 21.04,
            "book_valuer_per_share_4q_avg": 22.17,
            "equity": 2585013,
            "current_ratio": 217.84,
            "debt_ratio": 29.86,
            "inventory_turnover_ratio": 0.88,
            "account_receivable_turnover_ratio": 1.84,
            "reinvestment_rate": 24.1,
            "research_to_sale_ratio": null,
            "price_fair": 180.33,
            "eps_avg_yearly": 5.89,
            "eps_latest_yearly": 3.92,
            "eps_growth_yearly": 20.64
        },
        "20094": {
            "year_quarter": 20094,
            "year": 2009,
            "quarter": 4,
            "eps": 1.42,
            "eps_growth_year": 358.06,
            "eps_4q": 3.29,
            "eps_4q_growth_year": -47.49,
            "roe": 6.32,
            "roe_4q": 15.04,
            "gross_profit": 510387,
            "gross_margin": 52.77,
            "gross_margin_4q_avg": 53.13,
            "net_income": 168633,
            "net_income_4q": null,
            "revenue": 967177,
            "revenue_4q": null,
            "common_shares": 1194711,
            "book_valuer_per_share": 22.43,
            "book_valuer_per_share_4q_avg": 22.1,
            "equity": 2751262,
            "current_ratio": 146.6,
            "debt_ratio": 31.8,
            "inventory_turnover_ratio": 0.94,
            "account_receivable_turnover_ratio": 2.02,
            "reinvestment_rate": 47.96,
            "research_to_sale_ratio": null,
            "price_fair": 199.68,
            "eps_avg_yearly": 5.71,
            "eps_latest_yearly": 5.68,
            "eps_growth_yearly": 27.31
        },
        "20101": {
            "year_quarter": 20101,
            "year": 2010,
            "quarter": 1,
            "eps": 1.02,
            "eps_growth_year": 117.02,
            "eps_4q": 3.88,
            "eps_4q_growth_year": 22.8,
            "roe": 4.35,
            "roe_4q": 17.439999999999998,
            "gross_profit": 523764,
            "gross_margin": 54.15,
            "gross_margin_4q_avg": 53.46,
            "net_income": 122174,
            "net_income_4q": null,
            "revenue": 967227,
            "revenue_4q": null,
            "common_shares": 1194711,
            "book_valuer_per_share": 23.43,
            "book_valuer_per_share_4q_avg": 22.16,
            "equity": 2867482,
            "current_ratio": 167.55,
            "debt_ratio": 28.89,
            "inventory_turnover_ratio": 0.88,
            "account_receivable_turnover_ratio": 1.26,
            "reinvestment_rate": 53.09,
            "research_to_sale_ratio": 8.7,
            "price_fair": 164.19,
            "eps_avg_yearly": 5.43,
            "eps_latest_yearly": 4.08,
            "eps_growth_yearly": 20.27
        },
        "20102": {
            "year_quarter": 20102,
            "year": 2010,
            "quarter": 2,
            "eps": 1.19,
            "eps_growth_year": 137.43,
            "eps_4q": 4.6,
            "eps_4q_growth_year": 75.01,
            "roe": 5.18,
            "roe_4q": 20.49,
            "gross_profit": 559327,
            "gross_margin": 53.52,
            "gross_margin_4q_avg": 53.43,
            "net_income": 143072,
            "net_income_4q": null,
            "revenue": 1045163,
            "revenue_4q": null,
            "common_shares": 1194711,
            "book_valuer_per_share": 21.6,
            "book_valuer_per_share_4q_avg": 22.13,
            "equity": 2652516,
            "current_ratio": 129.72,
            "debt_ratio": 38.76,
            "inventory_turnover_ratio": 0.88,
            "account_receivable_turnover_ratio": 1.68,
            "reinvestment_rate": 56.07,
            "research_to_sale_ratio": 7.99,
            "price_fair": 165.58,
            "eps_avg_yearly": 5.14,
            "eps_latest_yearly": 4.76,
            "eps_growth_yearly": 22.21
        },
        "20103": {
            "year_quarter": 20103,
            "year": 2010,
            "quarter": 3,
            "eps": 1.28,
            "eps_growth_year": 31.09,
            "eps_4q": 4.91,
            "eps_4q_growth_year": 127.25,
            "roe": 5.69,
            "roe_4q": 21.54,
            "gross_profit": 587459,
            "gross_margin": 52.6,
            "gross_margin_4q_avg": 53.26,
            "net_income": 155311,
            "net_income_4q": null,
            "revenue": 1116754,
            "revenue_4q": null,
            "common_shares": 1194711,
            "book_valuer_per_share": 22.93,
            "book_valuer_per_share_4q_avg": 22.6,
            "equity": 2810597,
            "current_ratio": 134.28,
            "debt_ratio": 37.5,
            "inventory_turnover_ratio": 0.87,
            "account_receivable_turnover_ratio": 1.71,
            "reinvestment_rate": 64.92,
            "research_to_sale_ratio": 7.51,
            "price_fair": 171.94,
            "eps_avg_yearly": 4.91,
            "eps_latest_yearly": 5.12,
            "eps_growth_yearly": 25.61
        },
        "20104": {
            "year_quarter": 20104,
            "year": 2010,
            "quarter": 4,
            "eps": 1.3,
            "eps_growth_year": -8.6,
            "eps_4q": 4.79,
            "eps_4q_growth_year": 45.83,
            "roe": 5.56,
            "roe_4q": 20.78,
            "gross_profit": 579023,
            "gross_margin": 53.37,
            "gross_margin_4q_avg": 53.41,
            "net_income": 160065,
            "net_income_4q": null,
            "revenue": 1085000,
            "revenue_4q": null,
            "common_shares": 1194711,
            "book_valuer_per_share": 24.08,
            "book_valuer_per_share_4q_avg": 23.01,
            "equity": 2951032,
            "current_ratio": 150.75,
            "debt_ratio": 34.73,
            "inventory_turnover_ratio": 0.84,
            "account_receivable_turnover_ratio": 1.83,
            "reinvestment_rate": 38.69,
            "research_to_sale_ratio": 6.1,
            "price_fair": 144.87,
            "eps_avg_yearly": 4.59,
            "eps_latest_yearly": 5.2,
            "eps_growth_yearly": 21.54
        },
        "20111": {
            "year_quarter": 20111,
            "year": 2011,
            "quarter": 1,
            "eps": 1.19,
            "eps_growth_year": 16.67,
            "eps_4q": 4.96,
            "eps_4q_growth_year": 28.08,
            "roe": 4.87,
            "roe_4q": 21.3,
            "gross_profit": 563443,
            "gross_margin": 53.7,
            "gross_margin_4q_avg": 53.3,
            "net_income": 147553,
            "net_income_4q": null,
            "revenue": 1049315,
            "revenue_4q": null,
            "common_shares": 1194711,
            "book_valuer_per_share": 25.33,
            "book_valuer_per_share_4q_avg": 23.49,
            "equity": 3105955,
            "current_ratio": 164.06,
            "debt_ratio": 34.02,
            "inventory_turnover_ratio": 0.8,
            "account_receivable_turnover_ratio": 1.86,
            "reinvestment_rate": 50.85,
            "research_to_sale_ratio": 8.28,
            "price_fair": 143.7,
            "eps_avg_yearly": 4.34,
            "eps_latest_yearly": 4.76,
            "eps_growth_yearly": 23.11
        },
        "20112": {
            "year_quarter": 20112,
            "year": 2011,
            "quarter": 2,
            "eps": 0.89,
            "eps_growth_year": -25.13,
            "eps_4q": 4.67,
            "eps_4q_growth_year": 1.43,
            "roe": 3.78,
            "roe_4q": 19.900000000000002,
            "gross_profit": 601190,
            "gross_margin": 55.79,
            "gross_margin_4q_avg": 53.87,
            "net_income": 110179,
            "net_income_4q": null,
            "revenue": 1077678,
            "revenue_4q": null,
            "common_shares": 1194711,
            "book_valuer_per_share": 22.07,
            "book_valuer_per_share_4q_avg": 23.6,
            "equity": 2720828,
            "current_ratio": 126.76,
            "debt_ratio": 44.27,
            "inventory_turnover_ratio": 0.77,
            "account_receivable_turnover_ratio": 1.85,
            "reinvestment_rate": 51.44,
            "research_to_sale_ratio": 8.25,
            "price_fair": 124.6,
            "eps_avg_yearly": 4.09,
            "eps_latest_yearly": 3.56,
            "eps_growth_yearly": 20.45
        },
        "20113": {
            "year_quarter": 20113,
            "year": 2011,
            "quarter": 3,
            "eps": 1.39,
            "eps_growth_year": 8.15,
            "eps_4q": 4.77,
            "eps_4q_growth_year": -2.8,
            "roe": 6.05,
            "roe_4q": 20.259999999999998,
            "gross_profit": 647874,
            "gross_margin": 55.38,
            "gross_margin_4q_avg": 54.56,
            "net_income": 170161,
            "net_income_4q": null,
            "revenue": 1169975,
            "revenue_4q": null,
            "common_shares": 1194711,
            "book_valuer_per_share": 23.57,
            "book_valuer_per_share_4q_avg": 23.76,
            "equity": 2902076,
            "current_ratio": 144.4,
            "debt_ratio": 37.5,
            "inventory_turnover_ratio": 0.8,
            "account_receivable_turnover_ratio": 1.93,
            "reinvestment_rate": 44.11,
            "research_to_sale_ratio": 8.62,
            "price_fair": 139.83,
            "eps_avg_yearly": 4,
            "eps_latest_yearly": 5.56,
            "eps_growth_yearly": 35.82
        },
        "20114": {
            "year_quarter": 20114,
            "year": 2011,
            "quarter": 4,
            "eps": 0.85,
            "eps_growth_year": -34.86,
            "eps_4q": 4.32,
            "eps_4q_growth_year": -9.92,
            "roe": 3.5,
            "roe_4q": 18.2,
            "gross_profit": 626627,
            "gross_margin": 56.61,
            "gross_margin_4q_avg": 55.37,
            "net_income": 103195,
            "net_income_4q": null,
            "revenue": 1106972,
            "revenue_4q": null,
            "common_shares": 1194711,
            "book_valuer_per_share": 24.33,
            "book_valuer_per_share_4q_avg": 23.83,
            "equity": 2995461,
            "current_ratio": 155.34,
            "debt_ratio": 36.64,
            "inventory_turnover_ratio": 0.7,
            "account_receivable_turnover_ratio": 1.88,
            "reinvestment_rate": 32.63,
            "research_to_sale_ratio": 7.83,
            "price_fair": 140.44,
            "eps_avg_yearly": 4.01,
            "eps_latest_yearly": 3.4,
            "eps_growth_yearly": 40.15
        },
        "20121": {
            "year_quarter": 20121,
            "year": 2012,
            "quarter": 1,
            "eps": 1.14,
            "eps_growth_year": -4.2,
            "eps_4q": 4.26,
            "eps_4q_growth_year": -14.2,
            "roe": 4.47,
            "roe_4q": 17.8,
            "gross_profit": 598205,
            "gross_margin": 57.17,
            "gross_margin_4q_avg": 56.24,
            "net_income": 136847,
            "net_income_4q": null,
            "revenue": 1046326,
            "revenue_4q": null,
            "common_shares": 1194711,
            "book_valuer_per_share": 25.38,
            "book_valuer_per_share_4q_avg": 23.84,
            "equity": 3122197,
            "current_ratio": 166.42,
            "debt_ratio": 34.96,
            "inventory_turnover_ratio": 0.68,
            "account_receivable_turnover_ratio": 1.89,
            "reinvestment_rate": 30.97,
            "research_to_sale_ratio": 8.74,
            "price_fair": 141.75,
            "eps_avg_yearly": 4.05,
            "eps_latest_yearly": 4.56,
            "eps_growth_yearly": 41.95
        },
        "20122": {
            "year_quarter": 20122,
            "year": 2012,
            "quarter": 2,
            "eps": 1.18,
            "eps_growth_year": 32.39,
            "eps_4q": 4.55,
            "eps_4q_growth_year": -2.54,
            "roe": 4.82,
            "roe_4q": 18.84,
            "gross_profit": 659627,
            "gross_margin": 58.28,
            "gross_margin_4q_avg": 56.86,
            "net_income": 143616,
            "net_income_4q": null,
            "revenue": 1131883,
            "revenue_4q": null,
            "common_shares": 1194711,
            "book_valuer_per_share": 23.05,
            "book_valuer_per_share_4q_avg": 24.08,
            "equity": 2834171,
            "current_ratio": 134.5,
            "debt_ratio": 43.68,
            "inventory_turnover_ratio": 0.74,
            "account_receivable_turnover_ratio": 1.99,
            "reinvestment_rate": 27.61,
            "research_to_sale_ratio": 8.08,
            "price_fair": 143.41,
            "eps_avg_yearly": 4.1,
            "eps_latest_yearly": 4.72,
            "eps_growth_yearly": 42.83
        },
        "20123": {
            "year_quarter": 20123,
            "year": 2012,
            "quarter": 3,
            "eps": 0.65,
            "eps_growth_year": -53.21,
            "eps_4q": 3.81,
            "eps_4q_growth_year": -20.18,
            "roe": 2.61,
            "roe_4q": 15.399999999999999,
            "gross_profit": 589165,
            "gross_margin": 56.29,
            "gross_margin_4q_avg": 57.09,
            "net_income": 74875,
            "net_income_4q": null,
            "revenue": 1046679,
            "revenue_4q": null,
            "common_shares": 1194711,
            "book_valuer_per_share": 23.72,
            "book_valuer_per_share_4q_avg": 24.12,
            "equity": 2911634,
            "current_ratio": 148.52,
            "debt_ratio": 39.02,
            "inventory_turnover_ratio": 0.71,
            "account_receivable_turnover_ratio": 1.87,
            "reinvestment_rate": 27.56,
            "research_to_sale_ratio": 7.93,
            "price_fair": 135.05,
            "eps_avg_yearly": 3.94,
            "eps_latest_yearly": 2.6,
            "eps_growth_yearly": 24.28
        },
        "20124": {
            "year_quarter": 20124,
            "year": 2012,
            "quarter": 4,
            "eps": 1.07,
            "eps_growth_year": 26.63,
            "eps_4q": 4.03,
            "eps_4q_growth_year": -6.6,
            "roe": 4.44,
            "roe_4q": 16.34,
            "gross_profit": 605719,
            "gross_margin": 57.63,
            "gross_margin_4q_avg": 57.34,
            "net_income": 131881,
            "net_income_4q": null,
            "revenue": 1050974,
            "revenue_4q": null,
            "common_shares": 1194711,
            "book_valuer_per_share": 24.69,
            "book_valuer_per_share_4q_avg": 24.21,
            "equity": 3033487,
            "current_ratio": 164.66,
            "debt_ratio": 36.74,
            "inventory_turnover_ratio": 0.69,
            "account_receivable_turnover_ratio": 2.04,
            "reinvestment_rate": 26.67,
            "research_to_sale_ratio": 8.77,
            "price_fair": 144.55,
            "eps_avg_yearly": 4.13,
            "eps_latest_yearly": 4.28,
            "eps_growth_yearly": 59.38
        },
        "20131": {
            "year_quarter": 20131,
            "year": 2013,
            "quarter": 1,
            "eps": 1.34,
            "eps_growth_year": 17.54,
            "eps_4q": 4.24,
            "eps_4q_growth_year": -0.46,
            "roe": 5.28,
            "roe_4q": 17.15,
            "gross_profit": 608846,
            "gross_margin": 57.62,
            "gross_margin_4q_avg": 57.46,
            "net_income": 163519,
            "net_income_4q": null,
            "revenue": 1056746,
            "revenue_4q": null,
            "common_shares": 1194711,
            "book_valuer_per_share": 25.77,
            "book_valuer_per_share_4q_avg": 24.31,
            "equity": 3165956,
            "current_ratio": 174.13,
            "debt_ratio": 36.18,
            "inventory_turnover_ratio": 0.7,
            "account_receivable_turnover_ratio": 2.15,
            "reinvestment_rate": 45.99,
            "research_to_sale_ratio": 9.18,
            "price_fair": 152.16,
            "eps_avg_yearly": 4.35,
            "eps_latest_yearly": 5.36,
            "eps_growth_yearly": 52.78
        },
        "20132": {
            "year_quarter": 20132,
            "year": 2013,
            "quarter": 2,
            "eps": 1.6,
            "eps_growth_year": 35.97,
            "eps_4q": 4.67,
            "eps_4q_growth_year": 2.65,
            "roe": 6.39,
            "roe_4q": 18.72,
            "gross_profit": 663433,
            "gross_margin": 57.61,
            "gross_margin_4q_avg": 57.29,
            "net_income": 195957,
            "net_income_4q": null,
            "revenue": 1151596,
            "revenue_4q": null,
            "common_shares": 1194711,
            "book_valuer_per_share": 24.15,
            "book_valuer_per_share_4q_avg": 24.58,
            "equity": 2965521,
            "current_ratio": 144.06,
            "debt_ratio": 43.46,
            "inventory_turnover_ratio": 0.73,
            "account_receivable_turnover_ratio": 2.09,
            "reinvestment_rate": 41.66,
            "research_to_sale_ratio": 7.91,
            "price_fair": 161.79,
            "eps_avg_yearly": 4.62,
            "eps_latest_yearly": 6.4,
            "eps_growth_yearly": 56.04
        },
        "20133": {
            "year_quarter": 20133,
            "year": 2013,
            "quarter": 3,
            "eps": 1.58,
            "eps_growth_year": 143.03,
            "eps_4q": 5.6,
            "eps_4q_growth_year": 47.03,
            "roe": 6.22,
            "roe_4q": 22.330000000000002,
            "gross_profit": 666407,
            "gross_margin": 58.43,
            "gross_margin_4q_avg": 57.82,
            "net_income": 190886,
            "net_income_4q": null,
            "revenue": 1140547,
            "revenue_4q": null,
            "common_shares": 1194711,
            "book_valuer_per_share": 25.89,
            "book_valuer_per_share_4q_avg": 25.13,
            "equity": 3175090,
            "current_ratio": 173.89,
            "debt_ratio": 36.56,
            "inventory_turnover_ratio": 0.66,
            "account_receivable_turnover_ratio": 1.98,
            "reinvestment_rate": 39.17,
            "research_to_sale_ratio": 8.1,
            "price_fair": 167.04,
            "eps_avg_yearly": 4.77,
            "eps_latest_yearly": 6.32,
            "eps_growth_yearly": 31.72
        },
        "20134": {
            "year_quarter": 20134,
            "year": 2013,
            "quarter": 4,
            "eps": 1.68,
            "eps_growth_year": 56.65,
            "eps_4q": 6.2,
            "eps_4q_growth_year": 53.86,
            "roe": 6.28,
            "roe_4q": 24.17,
            "gross_profit": 713124,
            "gross_margin": 58.35,
            "gross_margin_4q_avg": 58,
            "net_income": 205843,
            "net_income_4q": null,
            "revenue": 1222123,
            "revenue_4q": null,
            "common_shares": 1194711,
            "book_valuer_per_share": 27.56,
            "book_valuer_per_share_4q_avg": 25.84,
            "equity": 3381384,
            "current_ratio": 180.94,
            "debt_ratio": 37.77,
            "inventory_turnover_ratio": 0.7,
            "account_receivable_turnover_ratio": 2.24,
            "reinvestment_rate": 5.56,
            "research_to_sale_ratio": 8.7,
            "price_fair": 155.19,
            "eps_avg_yearly": 4.84,
            "eps_latest_yearly": 6.72,
            "eps_growth_yearly": 22.08
        },
        "20141": {
            "year_quarter": 20141,
            "year": 2014,
            "quarter": 1,
            "eps": 1.43,
            "eps_growth_year": 6.72,
            "eps_4q": 6.29,
            "eps_4q_growth_year": 48.41,
            "roe": 4.99,
            "roe_4q": 23.88,
            "gross_profit": 663127,
            "gross_margin": 58.74,
            "gross_margin_4q_avg": 58.28,
            "net_income": 172955,
            "net_income_4q": null,
            "revenue": 1128938,
            "revenue_4q": null,
            "common_shares": 1194711,
            "book_valuer_per_share": 29.1,
            "book_valuer_per_share_4q_avg": 26.68,
            "equity": 3556895,
            "current_ratio": 192.13,
            "debt_ratio": 36.73,
            "inventory_turnover_ratio": 0.63,
            "account_receivable_turnover_ratio": 2.02,
            "reinvestment_rate": 6,
            "research_to_sale_ratio": 8.92,
            "price_fair": 172.9,
            "eps_avg_yearly": 4.94,
            "eps_latest_yearly": 5.72,
            "eps_growth_yearly": 25.4
        },
        "20142": {
            "year_quarter": 20142,
            "year": 2014,
            "quarter": 2,
            "eps": 1.56,
            "eps_growth_year": -2.5,
            "eps_4q": 6.24,
            "eps_4q_growth_year": 33.77,
            "roe": 5.68,
            "roe_4q": 23.169999999999998,
            "gross_profit": 702549,
            "gross_margin": 58.97,
            "gross_margin_4q_avg": 58.62,
            "net_income": 189932,
            "net_income_4q": null,
            "revenue": 1191294,
            "revenue_4q": null,
            "common_shares": 1194711,
            "book_valuer_per_share": 25.56,
            "book_valuer_per_share_4q_avg": 27.03,
            "equity": 3135871,
            "current_ratio": 146.26,
            "debt_ratio": 46.78,
            "inventory_turnover_ratio": 0.66,
            "account_receivable_turnover_ratio": 2.07,
            "reinvestment_rate": 3.18,
            "research_to_sale_ratio": 7.91,
            "price_fair": 168.64,
            "eps_avg_yearly": 5.03,
            "eps_latest_yearly": 6.24,
            "eps_growth_yearly": 23.51
        },
        "20143": {
            "year_quarter": 20143,
            "year": 2014,
            "quarter": 3,
            "eps": 1.74,
            "eps_growth_year": 10.13,
            "eps_4q": 6.4,
            "eps_4q_growth_year": 14.28,
            "roe": 6.57,
            "roe_4q": 23.520000000000003,
            "gross_profit": 752462,
            "gross_margin": 59.84,
            "gross_margin_4q_avg": 58.98,
            "net_income": 212733,
            "net_income_4q": null,
            "revenue": 1257424,
            "revenue_4q": null,
            "common_shares": 1194711,
            "book_valuer_per_share": 27.21,
            "book_valuer_per_share_4q_avg": 27.36,
            "equity": 3338263,
            "current_ratio": 173.49,
            "debt_ratio": 38.99,
            "inventory_turnover_ratio": 0.68,
            "account_receivable_turnover_ratio": 2.14,
            "reinvestment_rate": -3.94,
            "research_to_sale_ratio": 7.96,
            "price_fair": 177.6,
            "eps_avg_yearly": 5.15,
            "eps_latest_yearly": 6.96,
            "eps_growth_yearly": 24.5
        },
        "20144": {
            "year_quarter": 20144,
            "year": 2014,
            "quarter": 4,
            "eps": 1.64,
            "eps_growth_year": -1.94,
            "eps_4q": 6.37,
            "eps_4q_growth_year": 2.59,
            "roe": 5.83,
            "roe_4q": 23.07,
            "gross_profit": 759702,
            "gross_margin": 57.54,
            "gross_margin_4q_avg": 58.77,
            "net_income": 201012,
            "net_income_4q": null,
            "revenue": 1320279,
            "revenue_4q": null,
            "common_shares": 1194711,
            "book_valuer_per_share": 28.96,
            "book_valuer_per_share_4q_avg": 27.71,
            "equity": 3553928,
            "current_ratio": 188.02,
            "debt_ratio": 37.65,
            "inventory_turnover_ratio": 0.77,
            "account_receivable_turnover_ratio": 2.15,
            "reinvestment_rate": 11.68,
            "research_to_sale_ratio": 7.16,
            "price_fair": 170.98,
            "eps_avg_yearly": 5.23,
            "eps_latest_yearly": 6.56,
            "eps_growth_yearly": 22.68
        },
        "20151": {
            "year_quarter": 20151,
            "year": 2015,
            "quarter": 1,
            "eps": 1.63,
            "eps_growth_year": 13.99,
            "eps_4q": 6.56,
            "eps_4q_growth_year": 4.31,
            "roe": 5.46,
            "roe_4q": 23.54,
            "gross_profit": 722457,
            "gross_margin": 61.39,
            "gross_margin_4q_avg": 59.44,
            "net_income": 197947,
            "net_income_4q": null,
            "revenue": 1176812,
            "revenue_4q": null,
            "common_shares": 1194711,
            "book_valuer_per_share": 30.25,
            "book_valuer_per_share_4q_avg": 28,
            "equity": 3695066,
            "current_ratio": 195.14,
            "debt_ratio": 37.17,
            "inventory_turnover_ratio": 0.6,
            "account_receivable_turnover_ratio": 1.96,
            "reinvestment_rate": 11.33,
            "research_to_sale_ratio": 8.7,
            "price_fair": 185.06,
            "eps_avg_yearly": 5.34,
            "eps_latest_yearly": 6.52,
            "eps_growth_yearly": 24.64
        },
        "20152": {
            "year_quarter": 20152,
            "year": 2015,
            "quarter": 2,
            "eps": 1.14,
            "eps_growth_year": -26.92,
            "eps_4q": 6.15,
            "eps_4q_growth_year": -1.54,
            "roe": 4.08,
            "roe_4q": 21.939999999999998,
            "gross_profit": 667350,
            "gross_margin": 56.74,
            "gross_margin_4q_avg": 58.88,
            "net_income": 139654,
            "net_income_4q": null,
            "revenue": 1176144,
            "revenue_4q": null,
            "common_shares": 1194711,
            "book_valuer_per_share": 25.71,
            "book_valuer_per_share_4q_avg": 28.03,
            "equity": 3155116,
            "current_ratio": 144.83,
            "debt_ratio": 47.59,
            "inventory_turnover_ratio": 0.64,
            "account_receivable_turnover_ratio": 2.05,
            "reinvestment_rate": 12.16,
            "research_to_sale_ratio": 7.87,
            "price_fair": 180.67,
            "eps_avg_yearly": 5.41,
            "eps_latest_yearly": 4.56,
            "eps_growth_yearly": 23.43
        },
        "20153": {
            "year_quarter": 20153,
            "year": 2015,
            "quarter": 3,
            "eps": 1.62,
            "eps_growth_year": -6.9,
            "eps_4q": 6.03,
            "eps_4q_growth_year": -5.73,
            "roe": 6.02,
            "roe_4q": 21.39,
            "gross_profit": 708605,
            "gross_margin": 57.49,
            "gross_margin_4q_avg": 58.29,
            "net_income": 197421,
            "net_income_4q": null,
            "revenue": 1232499,
            "revenue_4q": null,
            "common_shares": 1194711,
            "book_valuer_per_share": 27.73,
            "book_valuer_per_share_4q_avg": 28.16,
            "equity": 3401548,
            "current_ratio": 181.57,
            "debt_ratio": 37.83,
            "inventory_turnover_ratio": 0.64,
            "account_receivable_turnover_ratio": 2.12,
            "reinvestment_rate": 11.17,
            "research_to_sale_ratio": 7.69,
            "price_fair": 163.37,
            "eps_avg_yearly": 5.46,
            "eps_latest_yearly": 6.48,
            "eps_growth_yearly": 19.91
        },
        "20154": {
            "year_quarter": 20154,
            "year": 2015,
            "quarter": 4,
            "eps": 1.51,
            "eps_growth_year": -8.05,
            "eps_4q": 5.9,
            "eps_4q_growth_year": -7.33,
            "roe": 5.3,
            "roe_4q": 20.86,
            "gross_profit": 751759,
            "gross_margin": 57.72,
            "gross_margin_4q_avg": 58.34,
            "net_income": 184315,
            "net_income_4q": null,
            "revenue": 1302424,
            "revenue_4q": null,
            "common_shares": 1194711,
            "book_valuer_per_share": 28.95,
            "book_valuer_per_share_4q_avg": 28.16,
            "equity": 3550025,
            "current_ratio": 189.39,
            "debt_ratio": 36.35,
            "inventory_turnover_ratio": 0.65,
            "account_receivable_turnover_ratio": 2.26,
            "reinvestment_rate": 10.6,
            "research_to_sale_ratio": 7.23,
            "price_fair": 196.96,
            "eps_avg_yearly": 5.63,
            "eps_latest_yearly": 6.04,
            "eps_growth_yearly": 27.92
        },
        "20161": {
            "year_quarter": 20161,
            "year": 2016,
            "quarter": 1,
            "eps": 1.83,
            "eps_growth_year": 12.27,
            "eps_4q": 6.1,
            "eps_4q_growth_year": -7.05,
            "roe": 6.02,
            "roe_4q": 21.42,
            "gross_profit": 766245,
            "gross_margin": 62.37,
            "gross_margin_4q_avg": 58.58,
            "net_income": 219479,
            "net_income_4q": null,
            "revenue": 1228531,
            "revenue_4q": null,
            "common_shares": 1194711,
            "book_valuer_per_share": 30.69,
            "book_valuer_per_share_4q_avg": 28.27,
            "equity": 3746367,
            "current_ratio": 207.85,
            "debt_ratio": 34.08,
            "inventory_turnover_ratio": 0.53,
            "account_receivable_turnover_ratio": 2.15,
            "reinvestment_rate": 11.73,
            "research_to_sale_ratio": 8.64,
            "price_fair": 201.2,
            "eps_avg_yearly": 5.8,
            "eps_latest_yearly": 7.32,
            "eps_growth_yearly": 24.69
        },
        "20162": {
            "year_quarter": 20162,
            "year": 2016,
            "quarter": 2,
            "eps": 1.4,
            "eps_growth_year": 22.81,
            "eps_4q": 6.36,
            "eps_4q_growth_year": 3.49,
            "roe": 4.76,
            "roe_4q": 22.099999999999998,
            "gross_profit": 693276,
            "gross_margin": 58.26,
            "gross_margin_4q_avg": 58.96,
            "net_income": 167541,
            "net_income_4q": null,
            "revenue": 1189871,
            "revenue_4q": null,
            "common_shares": 1194711,
            "book_valuer_per_share": 26.8,
            "book_valuer_per_share_4q_avg": 28.54,
            "equity": 3295440,
            "current_ratio": 154.36,
            "debt_ratio": 43.86,
            "inventory_turnover_ratio": 0.56,
            "account_receivable_turnover_ratio": 2.08,
            "reinvestment_rate": 14.04,
            "research_to_sale_ratio": 8.07,
            "price_fair": 163.58,
            "eps_avg_yearly": 5.86,
            "eps_latest_yearly": 5.6,
            "eps_growth_yearly": 17.94
        },
        "20163": {
            "year_quarter": 20163,
            "year": 2016,
            "quarter": 3,
            "eps": 1.82,
            "eps_growth_year": 12.35,
            "eps_4q": 6.57,
            "eps_4q_growth_year": 8.89,
            "roe": 6.47,
            "roe_4q": 22.55,
            "gross_profit": 766253,
            "gross_margin": 59.97,
            "gross_margin_4q_avg": 59.58,
            "net_income": 219802,
            "net_income_4q": null,
            "revenue": 1277824,
            "revenue_4q": null,
            "common_shares": 1194711,
            "book_valuer_per_share": 28.45,
            "book_valuer_per_share_4q_avg": 28.72,
            "equity": 3494109,
            "current_ratio": 197.9,
            "debt_ratio": 34.43,
            "inventory_turnover_ratio": 0.61,
            "account_receivable_turnover_ratio": 2.16,
            "reinvestment_rate": 13.82,
            "research_to_sale_ratio": 7.77,
            "price_fair": 215.16,
            "eps_avg_yearly": 6.15,
            "eps_latest_yearly": 7.28,
            "eps_growth_yearly": 36.67
        },
        "20164": {
            "year_quarter": 20164,
            "year": 2016,
            "quarter": 4,
            "eps": 1.54,
            "eps_growth_year": 2.08,
            "eps_4q": 6.6,
            "eps_4q_growth_year": 11.86,
            "roe": 5.24,
            "roe_4q": 22.49,
            "gross_profit": 736802,
            "gross_margin": 59.44,
            "gross_margin_4q_avg": 60.01,
            "net_income": 188711,
            "net_income_4q": null,
            "revenue": 1239521,
            "revenue_4q": null,
            "common_shares": 1194711,
            "book_valuer_per_share": 30.24,
            "book_valuer_per_share_4q_avg": 29.05,
            "equity": 3710365,
            "current_ratio": 194.64,
            "debt_ratio": 35.48,
            "inventory_turnover_ratio": 0.63,
            "account_receivable_turnover_ratio": 2.02,
            "reinvestment_rate": 14.42,
            "research_to_sale_ratio": 8.3,
            "price_fair": 167.07,
            "eps_avg_yearly": 6.27,
            "eps_latest_yearly": 6.16,
            "eps_growth_yearly": 16.67
        },
        "20171": {
            "year_quarter": 20171,
            "year": 2017,
            "quarter": 1,
            "eps": 1.52,
            "eps_growth_year": -16.94,
            "eps_4q": 6.29,
            "eps_4q_growth_year": 3.05,
            "roe": 4.83,
            "roe_4q": 21.299999999999997,
            "gross_profit": 717124,
            "gross_margin": 60.17,
            "gross_margin_4q_avg": 59.46,
            "net_income": 182307,
            "net_income_4q": null,
            "revenue": 1191813,
            "revenue_4q": null,
            "common_shares": 1194711,
            "book_valuer_per_share": 31.38,
            "book_valuer_per_share_4q_avg": 29.22,
            "equity": 3846259,
            "current_ratio": 201.92,
            "debt_ratio": 34.78,
            "inventory_turnover_ratio": 0.6,
            "account_receivable_turnover_ratio": 1.93,
            "reinvestment_rate": 0.01,
            "research_to_sale_ratio": 9.15,
            "price_fair": 126.42,
            "eps_avg_yearly": 6.31,
            "eps_latest_yearly": 6.08,
            "eps_growth_yearly": 10.03
        },
        "20172": {
            "year_quarter": 20172,
            "year": 2017,
            "quarter": 2,
            "eps": 1.22,
            "eps_growth_year": -12.86,
            "eps_4q": 6.11,
            "eps_4q_growth_year": -3.97,
            "roe": 4.12,
            "roe_4q": 20.66,
            "gross_profit": 660825,
            "gross_margin": 57.74,
            "gross_margin_4q_avg": 59.33,
            "net_income": 147332,
            "net_income_4q": null,
            "revenue": 1144474,
            "revenue_4q": null,
            "common_shares": 1194711,
            "book_valuer_per_share": 26.97,
            "book_valuer_per_share_4q_avg": 29.26,
            "equity": 3313428,
            "current_ratio": 151.53,
            "debt_ratio": 44.1,
            "inventory_turnover_ratio": 0.6,
            "account_receivable_turnover_ratio": 1.86,
            "reinvestment_rate": 1.35,
            "research_to_sale_ratio": 8.86,
            "price_fair": 62.15,
            "eps_avg_yearly": 6.22,
            "eps_latest_yearly": 4.88,
            "eps_growth_yearly": 0.25
        },
        "20173": {
            "year_quarter": 20173,
            "year": 2017,
            "quarter": 3,
            "eps": 1.58,
            "eps_growth_year": -13.19,
            "eps_4q": 5.86,
            "eps_4q_growth_year": -10.73,
            "roe": 5.63,
            "roe_4q": 19.82,
            "gross_profit": 733547,
            "gross_margin": 59.27,
            "gross_margin_4q_avg": 59.16,
            "net_income": 191967,
            "net_income_4q": null,
            "revenue": 1237578,
            "revenue_4q": null,
            "common_shares": 1194711,
            "book_valuer_per_share": 28.59,
            "book_valuer_per_share_4q_avg": 29.3,
            "equity": 3510140,
            "current_ratio": 185.73,
            "debt_ratio": 35.97,
            "inventory_turnover_ratio": 0.61,
            "account_receivable_turnover_ratio": 2.01,
            "reinvestment_rate": 0.74,
            "research_to_sale_ratio": 8.6,
            "price_fair": 111.49,
            "eps_avg_yearly": 6.22,
            "eps_latest_yearly": 6.32,
            "eps_growth_yearly": 7.94
        },
        "20174": {
            "year_quarter": 20174,
            "year": 2017,
            "quarter": 4,
            "eps": 1.76,
            "eps_growth_year": 14.28,
            "eps_4q": 6.08,
            "eps_4q_growth_year": -7.81,
            "roe": 5.99,
            "roe_4q": 20.57,
            "gross_profit": 813164,
            "gross_margin": 59.21,
            "gross_margin_4q_avg": 59.1,
            "net_income": 216588,
            "net_income_4q": null,
            "revenue": 1373456,
            "revenue_4q": null,
            "common_shares": 1194711,
            "book_valuer_per_share": 30.28,
            "book_valuer_per_share_4q_avg": 29.31,
            "equity": 3718998,
            "current_ratio": 182.99,
            "debt_ratio": 37.52,
            "inventory_turnover_ratio": 0.67,
            "account_receivable_turnover_ratio": 2.05,
            "reinvestment_rate": 1.12,
            "research_to_sale_ratio": 7.95,
            "price_fair": 119.74,
            "eps_avg_yearly": 6.24,
            "eps_latest_yearly": 7.04,
            "eps_growth_yearly": 9.21
        },
        "20181": {
            "year_quarter": 20181,
            "year": 2018,
            "quarter": 1,
            "eps": 1.54,
            "eps_growth_year": 1.32,
            "eps_4q": 6.11,
            "eps_4q_growth_year": -2.85,
            "roe": 4.91,
            "roe_4q": 20.650000000000002,
            "gross_profit": 756956,
            "gross_margin": 59.44,
            "gross_margin_4q_avg": 58.92,
            "net_income": 186862,
            "net_income_4q": null,
            "revenue": 1273496,
            "revenue_4q": null,
            "common_shares": 1194711,
            "book_valuer_per_share": 31.77,
            "book_valuer_per_share_4q_avg": 29.4,
            "equity": 3899027,
            "current_ratio": 203.2,
            "debt_ratio": 34.62,
            "inventory_turnover_ratio": 0.6,
            "account_receivable_turnover_ratio": 1.8,
            "reinvestment_rate": 0.67,
            "research_to_sale_ratio": 9.12,
            "price_fair": 124,
            "eps_avg_yearly": 6.26,
            "eps_latest_yearly": 6.16,
            "eps_growth_yearly": 9.8
        },
        "20182": {
            "year_quarter": 20182,
            "year": 2018,
            "quarter": 2,
            "eps": 1.6,
            "eps_growth_year": 31.15,
            "eps_4q": 6.48,
            "eps_4q_growth_year": 6.11,
            "roe": 5.33,
            "roe_4q": 21.86,
            "gross_profit": 742090,
            "gross_margin": 58.85,
            "gross_margin_4q_avg": 59.19,
            "net_income": 195304,
            "net_income_4q": null,
            "revenue": 1261073,
            "revenue_4q": null,
            "common_shares": 1194711,
            "book_valuer_per_share": 27.98,
            "book_valuer_per_share_4q_avg": 29.66,
            "equity": 3429334,
            "current_ratio": 153.88,
            "debt_ratio": 44.98,
            "inventory_turnover_ratio": 0.56,
            "account_receivable_turnover_ratio": 1.73,
            "reinvestment_rate": -0.55,
            "research_to_sale_ratio": 8.7,
            "price_fair": 116.05,
            "eps_avg_yearly": 6.27,
            "eps_latest_yearly": 6.4,
            "eps_growth_yearly": 8.5
        },
        "20183": {
            "year_quarter": 20183,
            "year": 2018,
            "quarter": 3,
            "eps": 3.49,
            "eps_growth_year": 120.89,
            "eps_4q": 8.4,
            "eps_4q_growth_year": 43.25,
            "roe": 11.57,
            "roe_4q": 27.799999999999997,
            "gross_profit": 726229,
            "gross_margin": 59.53,
            "gross_margin_4q_avg": 59.26,
            "net_income": 419988,
            "net_income_4q": null,
            "revenue": 1220037,
            "revenue_4q": null,
            "common_shares": 1194711,
            "book_valuer_per_share": 31.33,
            "book_valuer_per_share_4q_avg": 30.34,
            "equity": 3830682,
            "current_ratio": 204.81,
            "debt_ratio": 34.51,
            "inventory_turnover_ratio": 0.5,
            "account_receivable_turnover_ratio": 1.71,
            "reinvestment_rate": -0.94,
            "research_to_sale_ratio": 10.24,
            "price_fair": 234.85,
            "eps_avg_yearly": 6.71,
            "eps_latest_yearly": 13.96,
            "eps_growth_yearly": 35.15
        },
        "20184": {
            "year_quarter": 20184,
            "year": 2018,
            "quarter": 4,
            "eps": 6.56,
            "eps_growth_year": 271.77,
            "eps_4q": 13.19,
            "eps_4q_growth_year": 116.87,
            "roe": 18.67,
            "roe_4q": 40.480000000000004,
            "gross_profit": 818405,
            "gross_margin": 57.7,
            "gross_margin_4q_avg": 58.88,
            "net_income": 785597,
            "net_income_4q": null,
            "revenue": 1418404,
            "revenue_4q": null,
            "common_shares": 1194711,
            "book_valuer_per_share": 37.64,
            "book_valuer_per_share_4q_avg": 32.18,
            "equity": 4586419,
            "current_ratio": 223.54,
            "debt_ratio": 34.9,
            "inventory_turnover_ratio": 0.57,
            "account_receivable_turnover_ratio": 2.01,
            "reinvestment_rate": -2.91,
            "research_to_sale_ratio": 9.93,
            "price_fair": 277.9,
            "eps_avg_yearly": 7.94,
            "eps_latest_yearly": 26.24,
            "eps_growth_yearly": 58.58
        },
        "20191": {
            "year_quarter": 20191,
            "year": 2019,
            "quarter": 1,
            "eps": 0.98,
            "eps_growth_year": -36.36,
            "eps_4q": 12.63,
            "eps_4q_growth_year": 106.77,
            "roe": 2.51,
            "roe_4q": 38.08,
            "gross_profit": 690054,
            "gross_margin": 59.7,
            "gross_margin_4q_avg": 58.95,
            "net_income": 116529,
            "net_income_4q": null,
            "revenue": 1155918,
            "revenue_4q": null,
            "common_shares": 1194711,
            "book_valuer_per_share": 38.65,
            "book_valuer_per_share_4q_avg": 33.9,
            "equity": 4707007,
            "current_ratio": 241.92,
            "debt_ratio": 33.16,
            "inventory_turnover_ratio": 0.43,
            "account_receivable_turnover_ratio": 1.62,
            "reinvestment_rate": -3.23,
            "research_to_sale_ratio": 10.67,
            "price_fair": 272.21,
            "eps_avg_yearly": 7.78,
            "eps_latest_yearly": 3.92,
            "eps_growth_yearly": 37.46
        },
        "20192": {
            "year_quarter": 20192,
            "year": 2019,
            "quarter": 2,
            "eps": 1.26,
            "eps_growth_year": -21.25,
            "eps_4q": 12.29,
            "eps_4q_growth_year": 89.57,
            "roe": 3.53,
            "roe_4q": 36.28,
            "gross_profit": 741320,
            "gross_margin": 59.1,
            "gross_margin_4q_avg": 59.01,
            "net_income": 152067,
            "net_income_4q": null,
            "revenue": 1254358,
            "revenue_4q": null,
            "common_shares": 1194711,
            "book_valuer_per_share": 31.94,
            "book_valuer_per_share_4q_avg": 34.89,
            "equity": 3899191,
            "current_ratio": 165.8,
            "debt_ratio": 45.75,
            "inventory_turnover_ratio": 0.48,
            "account_receivable_turnover_ratio": 1.75,
            "reinvestment_rate": -3.66,
            "research_to_sale_ratio": 9.6,
            "price_fair": 273.26,
            "eps_avg_yearly": 7.81,
            "eps_latest_yearly": 5.04,
            "eps_growth_yearly": 52.12
        },
        "20193": {
            "year_quarter": 20193,
            "year": 2019,
            "quarter": 3,
            "eps": 1.52,
            "eps_growth_year": -56.45,
            "eps_4q": 10.31,
            "eps_4q_growth_year": 22.8,
            "roe": 4.57,
            "roe_4q": 29.28,
            "gross_profit": 788902,
            "gross_margin": 61.34,
            "gross_margin_4q_avg": 59.46,
            "net_income": 182006,
            "net_income_4q": null,
            "revenue": 1286126,
            "revenue_4q": null,
            "common_shares": 1194711,
            "book_valuer_per_share": 33.32,
            "book_valuer_per_share_4q_avg": 35.39,
            "equity": 4063338,
            "current_ratio": 214.6,
            "debt_ratio": 35.41,
            "inventory_turnover_ratio": 0.48,
            "account_receivable_turnover_ratio": 1.85,
            "reinvestment_rate": -4.23,
            "research_to_sale_ratio": 9.43,
            "price_fair": 272.39,
            "eps_avg_yearly": 7.78,
            "eps_latest_yearly": 6.08,
            "eps_growth_yearly": 46.75
        },
        "20194": {
            "year_quarter": 20194,
            "year": 2019,
            "quarter": 4,
            "eps": 2.3,
            "eps_growth_year": -64.96,
            "eps_4q": 6.05,
            "eps_4q_growth_year": -54.12,
            "roe": 6.58,
            "roe_4q": 17.189999999999998,
            "gross_profit": 818185,
            "gross_margin": 61.23,
            "gross_margin_4q_avg": 60.34,
            "net_income": 276018,
            "net_income_4q": null,
            "revenue": 1336317,
            "revenue_4q": null,
            "common_shares": 1194711,
            "book_valuer_per_share": 35.55,
            "book_valuer_per_share_4q_avg": 34.87,
            "equity": 4330145,
            "current_ratio": 213.64,
            "debt_ratio": 34.94,
            "inventory_turnover_ratio": 0.52,
            "account_receivable_turnover_ratio": 2.09,
            "reinvestment_rate": -2.75,
            "research_to_sale_ratio": 8.3,
            "price_fair": 279.3,
            "eps_avg_yearly": 7.98,
            "eps_latest_yearly": 9.2,
            "eps_growth_yearly": 61.28
        },
        "20201": {
            "year_quarter": 20201,
            "year": 2020,
            "quarter": 1,
            "eps": 2.53,
            "eps_growth_year": 158.16,
            "eps_4q": 7.61,
            "eps_4q_growth_year": -39.75,
            "roe": 7.27,
            "roe_4q": 21.950000000000003,
            "gross_profit": 697918,
            "gross_margin": 60.51,
            "gross_margin_4q_avg": 60.55,
            "net_income": 301040,
            "net_income_4q": null,
            "revenue": 1153345,
            "revenue_4q": null,
            "common_shares": 1194711,
            "book_valuer_per_share": 32.6,
            "book_valuer_per_share_4q_avg": 33.35,
            "equity": 3956949,
            "current_ratio": 167.47,
            "debt_ratio": 43.51,
            "inventory_turnover_ratio": 0.46,
            "account_receivable_turnover_ratio": 1.8,
            "reinvestment_rate": -3.49,
            "research_to_sale_ratio": 11.52,
            "price_fair": 285.43,
            "eps_avg_yearly": 8.16,
            "eps_latest_yearly": 10.12,
            "eps_growth_yearly": 58.48
        },
        "20202": {
            "year_quarter": 20202,
            "year": 2020,
            "quarter": 2,
            "eps": 7.62,
            "eps_growth_year": 504.76,
            "eps_4q": 13.97,
            "eps_4q_growth_year": 13.65,
            "roe": 20.7,
            "roe_4q": 39.12,
            "gross_profit": 648759,
            "gross_margin": 59.93,
            "gross_margin_4q_avg": 60.75,
            "net_income": 910551,
            "net_income_4q": null,
            "revenue": 1082521,
            "revenue_4q": null,
            "common_shares": 1194711,
            "book_valuer_per_share": 39.98,
            "book_valuer_per_share_4q_avg": 35.36,
            "equity": 4841118,
            "current_ratio": 207.15,
            "debt_ratio": 39.8,
            "inventory_turnover_ratio": 0.42,
            "account_receivable_turnover_ratio": 1.76,
            "reinvestment_rate": -3.53,
            "research_to_sale_ratio": 12.84,
            "price_fair": 339.85,
            "eps_avg_yearly": 9.71,
            "eps_latest_yearly": 30.48,
            "eps_growth_yearly": 114.65
        },
        "20203": {
            "year_quarter": 20203,
            "year": 2020,
            "quarter": 3,
            "eps": 1.37,
            "eps_growth_year": -9.87,
            "eps_4q": 13.82,
            "eps_4q_growth_year": 34.02,
            "roe": 3.49,
            "roe_4q": 38.04,
            "gross_profit": 717010,
            "gross_margin": 58.77,
            "gross_margin_4q_avg": 60.11,
            "net_income": 166356,
            "net_income_4q": null,
            "revenue": 1220042,
            "revenue_4q": null,
            "common_shares": 1194711,
            "book_valuer_per_share": 38.83,
            "book_valuer_per_share_4q_avg": 36.74,
            "equity": 4699841,
            "current_ratio": 216.51,
            "debt_ratio": 37.07,
            "inventory_turnover_ratio": 0.46,
            "account_receivable_turnover_ratio": 1.92,
            "reinvestment_rate": -1.39,
            "research_to_sale_ratio": 9.15,
            "price_fair": 335.91,
            "eps_avg_yearly": 9.6,
            "eps_latest_yearly": 5.48,
            "eps_growth_yearly": 86.65
        },
        "20204": {
            "year_quarter": 20204,
            "year": 2020,
            "quarter": 4,
            "eps": 1.03,
            "eps_growth_year": -55.39,
            "eps_4q": 12.55,
            "eps_4q_growth_year": 107.33,
            "roe": 2.6,
            "roe_4q": 34.06,
            "gross_profit": 775593,
            "gross_margin": 56.71,
            "gross_margin_4q_avg": 58.98,
            "net_income": 124031,
            "net_income_4q": null,
            "revenue": 1367705,
            "revenue_4q": null,
            "common_shares": 1194711,
            "book_valuer_per_share": 40.07,
            "book_valuer_per_share_4q_avg": 37.87,
            "equity": 4850941,
            "current_ratio": 225.89,
            "debt_ratio": 35.25,
            "inventory_turnover_ratio": 0.56,
            "account_receivable_turnover_ratio": 1.88,
            "reinvestment_rate": -0.11,
            "research_to_sale_ratio": 7.76,
            "price_fair": 331.45,
            "eps_avg_yearly": 9.47,
            "eps_latest_yearly": 4.12,
            "eps_growth_yearly": 84.29
        },
        "20211": {
            "year_quarter": 20211,
            "year": 2021,
            "quarter": 1,
            "eps": 1.43,
            "eps_growth_year": -43.48,
            "eps_4q": 11.45,
            "eps_4q_growth_year": 50.43,
            "roe": 3.64,
            "roe_4q": 30.43,
            "gross_profit": 726366,
            "gross_margin": 58.99,
            "gross_margin_4q_avg": 58.6,
            "net_income": 172628,
            "net_income_4q": null,
            "revenue": 1231417,
            "revenue_4q": null,
            "common_shares": 1194711,
            "book_valuer_per_share": 38.18,
            "book_valuer_per_share_4q_avg": 39.27,
            "equity": 4626007,
            "current_ratio": 198.53,
            "debt_ratio": 38.43,
            "inventory_turnover_ratio": 0.5,
            "account_receivable_turnover_ratio": 1.64,
            "reinvestment_rate": 1.12,
            "research_to_sale_ratio": 10.6,
            "price_fair": 330.66,
            "eps_avg_yearly": 9.45,
            "eps_latest_yearly": 5.72,
            "eps_growth_yearly": 94.32
        },
        "20212": {
            "year_quarter": 20212,
            "year": 2021,
            "quarter": 2,
            "eps": 1.1,
            "eps_growth_year": -85.56,
            "eps_4q": 4.93,
            "eps_4q_growth_year": -64.73,
            "roe": 2.84,
            "roe_4q": 12.57,
            "gross_profit": 711454,
            "gross_margin": 58.28,
            "gross_margin_4q_avg": 58.19,
            "net_income": 132917,
            "net_income_4q": null,
            "revenue": 1220718,
            "revenue_4q": null,
            "common_shares": 1194711,
            "book_valuer_per_share": 39.05,
            "book_valuer_per_share_4q_avg": 39.03,
            "equity": 4731625,
            "current_ratio": 211.33,
            "debt_ratio": 37.26,
            "inventory_turnover_ratio": 0.5,
            "account_receivable_turnover_ratio": 1.66,
            "reinvestment_rate": 1.12,
            "research_to_sale_ratio": 9.61,
            "price_fair": 329.61,
            "eps_avg_yearly": 9.42,
            "eps_latest_yearly": 4.4,
            "eps_growth_yearly": 93.49
        },
        "20213": {
            "year_quarter": 20213,
            "year": 2021,
            "quarter": 3,
            "eps": 1.2,
            "eps_growth_year": -12.41,
            "eps_4q": 4.75,
            "eps_4q_growth_year": -65.6,
            "roe": 3.11,
            "roe_4q": 12.19,
            "gross_profit": 738770,
            "gross_margin": 58.15,
            "gross_margin_4q_avg": 58.03,
            "net_income": 144423,
            "net_income_4q": null,
            "revenue": 1270495,
            "revenue_4q": null,
            "common_shares": 1194711,
            "book_valuer_per_share": 37.71,
            "book_valuer_per_share_4q_avg": 38.75,
            "equity": 4564420,
            "current_ratio": 209.29,
            "debt_ratio": 36.62,
            "inventory_turnover_ratio": 0.52,
            "account_receivable_turnover_ratio": 1.74,
            "reinvestment_rate": 1.38,
            "research_to_sale_ratio": 9.2,
            "price_fair": 326.29,
            "eps_avg_yearly": 9.32,
            "eps_latest_yearly": 4.8,
            "eps_growth_yearly": 88.38
        },
        "20214": {
            "year_quarter": 20214,
            "year": 2021,
            "quarter": 4,
            "eps": 1.6,
            "eps_growth_year": 56.53,
            "eps_4q": 5.33,
            "eps_4q_growth_year": -57.49,
            "roe": 4.18,
            "roe_4q": 13.77,
            "gross_profit": 831901,
            "gross_margin": 57.73,
            "gross_margin_4q_avg": 58.29,
            "net_income": 194330,
            "net_income_4q": null,
            "revenue": 1441061,
            "revenue_4q": null,
            "common_shares": 1194711,
            "book_valuer_per_share": 39.19,
            "book_valuer_per_share_4q_avg": 38.53,
            "equity": 4743797,
            "current_ratio": 204.9,
            "debt_ratio": 34.95,
            "inventory_turnover_ratio": 0.59,
            "account_receivable_turnover_ratio": 1.8,
            "reinvestment_rate": 8.11,
            "research_to_sale_ratio": 8.95,
            "price_fair": 324.89,
            "eps_avg_yearly": 9.28,
            "eps_latest_yearly": 6.4,
            "eps_growth_yearly": 93.87
        },
        "20221": {
            "year_quarter": 20221,
            "year": 2022,
            "quarter": 1,
            "eps": 1.14,
            "eps_growth_year": -20.28,
            "eps_4q": 5.04,
            "eps_4q_growth_year": -55.94,
            "roe": 2.93,
            "roe_4q": 13.059999999999999,
            "gross_profit": 725248,
            "gross_margin": 58.84,
            "gross_margin_4q_avg": 58.25,
            "net_income": 136338,
            "net_income_4q": null,
            "revenue": 1232664,
            "revenue_4q": null,
            "common_shares": 1194711,
            "book_valuer_per_share": 37.66,
            "book_valuer_per_share_4q_avg": 38.4,
            "equity": 4562284,
            "current_ratio": 184.01,
            "debt_ratio": 37.75,
            "inventory_turnover_ratio": 0.47,
            "account_receivable_turnover_ratio": 1.56,
            "reinvestment_rate": 9.01,
            "research_to_sale_ratio": 10.18,
            "price_fair": 321.39,
            "eps_avg_yearly": 9.18,
            "eps_latest_yearly": 4.56,
            "eps_growth_yearly": 89.81
        },
        "20222": {
            "year_quarter": 20222,
            "year": 2022,
            "quarter": 2,
            "eps": 1.36,
            "eps_growth_year": 23.64,
            "eps_4q": 5.3,
            "eps_4q_growth_year": 7.65,
            "roe": 3.5,
            "roe_4q": 13.719999999999999,
            "gross_profit": 743280,
            "gross_margin": 57.64,
            "gross_margin_4q_avg": 58.09,
            "net_income": 162091,
            "net_income_4q": null,
            "revenue": 1289622,
            "revenue_4q": null,
            "common_shares": 1194711,
            "book_valuer_per_share": 38.78,
            "book_valuer_per_share_4q_avg": 38.34,
            "equity": 4694623,
            "current_ratio": 189.79,
            "debt_ratio": 36.87,
            "inventory_turnover_ratio": 0.45,
            "account_receivable_turnover_ratio": 1.77,
            "reinvestment_rate": 9.2,
            "research_to_sale_ratio": 10,
            "price_fair": 319.29,
            "eps_avg_yearly": 9.12,
            "eps_latest_yearly": 5.44,
            "eps_growth_yearly": 93.66
        },
        "20223": {
            "year_quarter": 20223,
            "year": 2022,
            "quarter": 3,
            "eps": 1.71,
            "eps_growth_year": 42.5,
            "eps_4q": 5.8,
            "eps_4q_growth_year": 22.06,
            "roe": 4.39,
            "roe_4q": 15,
            "gross_profit": 810649,
            "gross_margin": 59.26,
            "gross_margin_4q_avg": 58.37,
            "net_income": 204646,
            "net_income_4q": null,
            "revenue": 1367868,
            "revenue_4q": null,
            "common_shares": 1194711,
            "book_valuer_per_share": 38.14,
            "book_valuer_per_share_4q_avg": 38.44,
            "equity": 4619070,
            "current_ratio": 187.76,
            "debt_ratio": 36.78,
            "inventory_turnover_ratio": 0.39,
            "account_receivable_turnover_ratio": 1.75,
            "reinvestment_rate": 10.23,
            "research_to_sale_ratio": 9.67,
            "price_fair": 303.71,
            "eps_avg_yearly": 8.68,
            "eps_latest_yearly": 6.84,
            "eps_growth_yearly": 70.56
        },
        "20224": {
            "year_quarter": 20224,
            "year": 2022,
            "quarter": 4,
            "eps": 1.91,
            "eps_growth_year": 18.85,
            "eps_4q": 6.11,
            "eps_4q_growth_year": 14.46,
            "roe": 4.84,
            "roe_4q": 15.66,
            "gross_profit": 884187,
            "gross_margin": 58.44,
            "gross_margin_4q_avg": 58.55,
            "net_income": 229816,
            "net_income_4q": null,
            "revenue": 1513013,
            "revenue_4q": null,
            "common_shares": 1194711,
            "book_valuer_per_share": 40.38,
            "book_valuer_per_share_4q_avg": 38.74,
            "equity": 4885182,
            "current_ratio": 206.94,
            "debt_ratio": 33.54,
            "inventory_turnover_ratio": 0.42,
            "account_receivable_turnover_ratio": 1.94,
            "reinvestment_rate": 14.31,
            "research_to_sale_ratio": 8.31,
            "price_fair": 263.03,
            "eps_avg_yearly": 7.52,
            "eps_latest_yearly": 7.64,
            "eps_growth_yearly": 51.49
        },
        "20231": {
            "year_quarter": 20231,
            "year": 2023,
            "quarter": 1,
            "eps": 1.59,
            "eps_growth_year": 39.47,
            "eps_4q": 6.57,
            "eps_4q_growth_year": 30.19,
            "roe": 3.99,
            "roe_4q": 16.72,
            "gross_profit": 839225,
            "gross_margin": 60.59,
            "gross_margin_4q_avg": 58.98,
            "net_income": 190971,
            "net_income_4q": null,
            "revenue": 1385134,
            "revenue_4q": null,
            "common_shares": 1194711,
            "book_valuer_per_share": 38.65,
            "book_valuer_per_share_4q_avg": 38.99,
            "equity": 4678078,
            "current_ratio": 187.9,
            "debt_ratio": 36.29,
            "inventory_turnover_ratio": 0.37,
            "account_receivable_turnover_ratio": 1.8,
            "reinvestment_rate": 13.98,
            "research_to_sale_ratio": 9.83,
            "price_fair": 268.36,
            "eps_avg_yearly": 7.67,
            "eps_latest_yearly": 6.36,
            "eps_growth_yearly": 68.57
        },
        "20232": {
            "year_quarter": 20232,
            "year": 2023,
            "quarter": 2,
            "eps": 0.94,
            "eps_growth_year": -30.88,
            "eps_4q": 6.15,
            "eps_4q_growth_year": 16.05,
            "roe": 2.4,
            "roe_4q": 15.620000000000001,
            "gross_profit": 740493,
            "gross_margin": 59.97,
            "gross_margin_4q_avg": 59.57,
            "net_income": 113707,
            "net_income_4q": null,
            "revenue": 1234720,
            "revenue_4q": null,
            "common_shares": 1194711,
            "book_valuer_per_share": 39.5,
            "book_valuer_per_share_4q_avg": 39.17,
            "equity": 4780799,
            "current_ratio": 185.15,
            "debt_ratio": 35.94,
            "inventory_turnover_ratio": 0.35,
            "account_receivable_turnover_ratio": 1.67,
            "reinvestment_rate": 17.79,
            "research_to_sale_ratio": 10.8,
            "price_fair": 265.56,
            "eps_avg_yearly": 7.59,
            "eps_latest_yearly": 3.76,
            "eps_growth_yearly": 51.21
        },
        "20233": {
            "year_quarter": 20233,
            "year": 2023,
            "quarter": 3,
            "eps": 1.04,
            "eps_growth_year": -39.18,
            "eps_4q": 5.48,
            "eps_4q_growth_year": -5.54,
            "roe": 2.67,
            "roe_4q": 13.9,
            "gross_profit": 731380,
            "gross_margin": 60.1,
            "gross_margin_4q_avg": 59.78,
            "net_income": 126140,
            "net_income_4q": null,
            "revenue": 1217012,
            "revenue_4q": null,
            "common_shares": 1194711,
            "book_valuer_per_share": 38.55,
            "book_valuer_per_share_4q_avg": 39.27,
            "equity": 4670596,
            "current_ratio": 200.12,
            "debt_ratio": 33.45,
            "inventory_turnover_ratio": 0.34,
            "account_receivable_turnover_ratio": 1.82,
            "reinvestment_rate": 18.87,
            "research_to_sale_ratio": 10.62,
            "price_fair": 261.36,
            "eps_avg_yearly": 7.47,
            "eps_latest_yearly": 4.16,
            "eps_growth_yearly": 48.71
        }
    },
    "months": {
        "2003-09": {
            "month": "2003-09",
            "price": "111.10",
            "revenue": 160019
        },
        "2003-10": {
            "month": "2003-10",
            "price": "102.25",
            "revenue": 200843
        },
        "2003-11": {
            "month": "2003-11",
            "price": "108.28",
            "revenue": 159769
        },
        "2003-12": {
            "month": "2003-12",
            "price": "106.70",
            "revenue": 187780
        },
        "2004-01": {
            "month": "2004-01",
            "price": "101.73",
            "revenue": 165810
        },
        "2004-02": {
            "month": "2004-02",
            "price": "120.95",
            "revenue": 188884
        },
        "2004-03": {
            "month": "2004-03",
            "price": "120.65",
            "revenue": 228239
        },
        "2004-04": {
            "month": "2004-04",
            "price": "114.57",
            "revenue": 197997
        },
        "2004-05": {
            "month": "2004-05",
            "price": "107.02",
            "revenue": 175742
        },
        "2004-06": {
            "month": "2004-06",
            "price": "84.88",
            "revenue": 146590
        },
        "2004-07": {
            "month": "2004-07",
            "price": "78.77",
            "revenue": 174562
        },
        "2004-08": {
            "month": "2004-08",
            "price": "72.35",
            "revenue": 173495
        },
        "2004-09": {
            "month": "2004-09",
            "price": "67.98",
            "revenue": 175558
        },
        "2004-10": {
            "month": "2004-10",
            "price": "63.10",
            "revenue": 195179
        },
        "2004-11": {
            "month": "2004-11",
            "price": "69.86",
            "revenue": 253621
        },
        "2004-12": {
            "month": "2004-12",
            "price": "73.76",
            "revenue": 244381
        },
        "2005-01": {
            "month": "2005-01",
            "price": "63.93",
            "revenue": 191933
        },
        "2005-02": {
            "month": "2005-02",
            "price": "67.19",
            "revenue": 152149
        },
        "2005-03": {
            "month": "2005-03",
            "price": "71.99",
            "revenue": 258266
        },
        "2005-04": {
            "month": "2005-04",
            "price": "72.07",
            "revenue": 229627
        },
        "2005-05": {
            "month": "2005-05",
            "price": "71.39",
            "revenue": 201323
        },
        "2005-06": {
            "month": "2005-06",
            "price": "72.83",
            "revenue": 176407
        },
        "2005-07": {
            "month": "2005-07",
            "price": "77.32",
            "revenue": 200301
        },
        "2005-08": {
            "month": "2005-08",
            "price": "75.94",
            "revenue": 201820
        },
        "2005-09": {
            "month": "2005-09",
            "price": "74.38",
            "revenue": 239516
        },
        "2005-10": {
            "month": "2005-10",
            "price": "71.72",
            "revenue": 230657
        },
        "2005-11": {
            "month": "2005-11",
            "price": "69.80",
            "revenue": 261711
        },
        "2005-12": {
            "month": "2005-12",
            "price": "73.76",
            "revenue": 266968
        },
        "2006-01": {
            "month": "2006-01",
            "price": "77.78",
            "revenue": 239793
        },
        "2006-02": {
            "month": "2006-02",
            "price": "78.13",
            "revenue": 177858
        },
        "2006-03": {
            "month": "2006-03",
            "price": "82.84",
            "revenue": 252452
        },
        "2006-04": {
            "month": "2006-04",
            "price": "84.27",
            "revenue": 238270
        },
        "2006-05": {
            "month": "2006-05",
            "price": "89.99",
            "revenue": 267005
        },
        "2006-06": {
            "month": "2006-06",
            "price": "83.97",
            "revenue": 235826
        },
        "2006-07": {
            "month": "2006-07",
            "price": "86.19",
            "revenue": 222415
        },
        "2006-08": {
            "month": "2006-08",
            "price": "80.03",
            "revenue": 226310
        },
        "2006-09": {
            "month": "2006-09",
            "price": "80.93",
            "revenue": 240057
        },
        "2006-10": {
            "month": "2006-10",
            "price": "81.80",
            "revenue": 246021
        },
        "2006-11": {
            "month": "2006-11",
            "price": "84.82",
            "revenue": 277762
        },
        "2006-12": {
            "month": "2006-12",
            "price": "92.14",
            "revenue": 255885
        },
        "2007-01": {
            "month": "2007-01",
            "price": "94.11",
            "revenue": 217118
        },
        "2007-02": {
            "month": "2007-02",
            "price": "108.68",
            "revenue": 189609
        },
        "2007-03": {
            "month": "2007-03",
            "price": "121.59",
            "revenue": 265037
        },
        "2007-04": {
            "month": "2007-04",
            "price": "117.38",
            "revenue": 269524
        },
        "2007-05": {
            "month": "2007-05",
            "price": "116.18",
            "revenue": 222717
        },
        "2007-06": {
            "month": "2007-06",
            "price": "134.50",
            "revenue": 248164
        },
        "2007-07": {
            "month": "2007-07",
            "price": "156.86",
            "revenue": 254836
        },
        "2007-08": {
            "month": "2007-08",
            "price": "159.39",
            "revenue": 253699
        },
        "2007-09": {
            "month": "2007-09",
            "price": "146.97",
            "revenue": 234369
        },
        "2007-10": {
            "month": "2007-10",
            "price": "138.30",
            "revenue": 289596
        },
        "2007-11": {
            "month": "2007-11",
            "price": "100.47",
            "revenue": 280929
        },
        "2007-12": {
            "month": "2007-12",
            "price": "93.47",
            "revenue": 294476
        },
        "2008-01": {
            "month": "2008-01",
            "price": "83.62",
            "revenue": 237423
        },
        "2008-02": {
            "month": "2008-02",
            "price": "77.24",
            "revenue": 187130
        },
        "2008-03": {
            "month": "2008-03",
            "price": "73.13",
            "revenue": 235313
        },
        "2008-04": {
            "month": "2008-04",
            "price": "78.07",
            "revenue": 261855
        },
        "2008-05": {
            "month": "2008-05",
            "price": "76.35",
            "revenue": 270732
        },
        "2008-06": {
            "month": "2008-06",
            "price": "69.57",
            "revenue": 237455
        },
        "2008-07": {
            "month": "2008-07",
            "price": "61.14",
            "revenue": 285357
        },
        "2008-08": {
            "month": "2008-08",
            "price": "54.24",
            "revenue": 270716
        },
        "2008-09": {
            "month": "2008-09",
            "price": "44.69",
            "revenue": 217204
        },
        "2008-10": {
            "month": "2008-10",
            "price": "42.60",
            "revenue": 234262
        },
        "2008-11": {
            "month": "2008-11",
            "price": "39.54",
            "revenue": 220781
        },
        "2008-12": {
            "month": "2008-12",
            "price": "41.15",
            "revenue": 184607
        },
        "2009-01": {
            "month": "2009-01",
            "price": "41.32",
            "revenue": 112858
        },
        "2009-02": {
            "month": "2009-02",
            "price": "40.02",
            "revenue": 152821
        },
        "2009-03": {
            "month": "2009-03",
            "price": "41.15",
            "revenue": 175499
        },
        "2009-04": {
            "month": "2009-04",
            "price": "45.09",
            "revenue": 194665
        },
        "2009-05": {
            "month": "2009-05",
            "price": "46.28",
            "revenue": 163089
        },
        "2009-06": {
            "month": "2009-06",
            "price": "44.54",
            "revenue": 175422
        },
        "2009-07": {
            "month": "2009-07",
            "price": "45.09",
            "revenue": 208680
        },
        "2009-08": {
            "month": "2009-08",
            "price": "43.02",
            "revenue": 176423
        },
        "2009-09": {
            "month": "2009-09",
            "price": "42.79",
            "revenue": 218945
        },
        "2009-10": {
            "month": "2009-10",
            "price": "45.14",
            "revenue": 223491
        },
        "2009-11": {
            "month": "2009-11",
            "price": "56.60",
            "revenue": 232640
        },
        "2009-12": {
            "month": "2009-12",
            "price": "65.37",
            "revenue": 237411
        },
        "2010-01": {
            "month": "2010-01",
            "price": "64.02",
            "revenue": 212206
        },
        "2010-02": {
            "month": "2010-02",
            "price": "54.48",
            "revenue": 183366
        },
        "2010-03": {
            "month": "2010-03",
            "price": "58.80",
            "revenue": 260161
        },
        "2010-04": {
            "month": "2010-04",
            "price": "60.67",
            "revenue": 207969
        },
        "2010-05": {
            "month": "2010-05",
            "price": "55.15",
            "revenue": 237847
        },
        "2010-06": {
            "month": "2010-06",
            "price": "53.44",
            "revenue": 261678
        },
        "2010-07": {
            "month": "2010-07",
            "price": "55.60",
            "revenue": 248581
        },
        "2010-08": {
            "month": "2010-08",
            "price": "54.27",
            "revenue": 241329
        },
        "2010-09": {
            "month": "2010-09",
            "price": "53.30",
            "revenue": 285013
        },
        "2010-10": {
            "month": "2010-10",
            "price": "52.87",
            "revenue": 251170
        },
        "2010-11": {
            "month": "2010-11",
            "price": "52.65",
            "revenue": 235109
        },
        "2010-12": {
            "month": "2010-12",
            "price": "53.53",
            "revenue": 238236
        },
        "2011-01": {
            "month": "2011-01",
            "price": "54.10",
            "revenue": 184676
        },
        "2011-02": {
            "month": "2011-02",
            "price": "51.96",
            "revenue": 167084
        },
        "2011-03": {
            "month": "2011-03",
            "price": "49.76",
            "revenue": 292069
        },
        "2011-04": {
            "month": "2011-04",
            "price": "52.81",
            "revenue": 244638
        },
        "2011-05": {
            "month": "2011-05",
            "price": "59.18",
            "revenue": 262587
        },
        "2011-06": {
            "month": "2011-06",
            "price": "61.33",
            "revenue": 240849
        },
        "2011-07": {
            "month": "2011-07",
            "price": "70.34",
            "revenue": 216063
        },
        "2011-08": {
            "month": "2011-08",
            "price": "62.07",
            "revenue": 304788
        },
        "2011-09": {
            "month": "2011-09",
            "price": "56.07",
            "revenue": 282292
        },
        "2011-10": {
            "month": "2011-10",
            "price": "54.01",
            "revenue": 251124
        },
        "2011-11": {
            "month": "2011-11",
            "price": "54.48",
            "revenue": 264599
        },
        "2011-12": {
            "month": "2011-12",
            "price": "50.47",
            "revenue": 217818
        },
        "2012-01": {
            "month": "2012-01",
            "price": "50.91",
            "revenue": 166117
        },
        "2012-02": {
            "month": "2012-02",
            "price": "57.57",
            "revenue": 249167
        },
        "2012-03": {
            "month": "2012-03",
            "price": "60.02",
            "revenue": 264282
        },
        "2012-04": {
            "month": "2012-04",
            "price": "55.56",
            "revenue": 227418
        },
        "2012-05": {
            "month": "2012-05",
            "price": "55.87",
            "revenue": 275140
        },
        "2012-06": {
            "month": "2012-06",
            "price": "53.83",
            "revenue": 239636
        },
        "2012-07": {
            "month": "2012-07",
            "price": "54.05",
            "revenue": 209299
        },
        "2012-08": {
            "month": "2012-08",
            "price": "52.82",
            "revenue": 273337
        },
        "2012-09": {
            "month": "2012-09",
            "price": "51.80",
            "revenue": 247717
        },
        "2012-10": {
            "month": "2012-10",
            "price": "48.54",
            "revenue": 210336
        },
        "2012-11": {
            "month": "2012-11",
            "price": "43.14",
            "revenue": 240925
        },
        "2012-12": {
            "month": "2012-12",
            "price": "45.14",
            "revenue": 197899
        },
        "2013-01": {
            "month": "2013-01",
            "price": "43.99",
            "revenue": 348844
        },
        "2013-02": {
            "month": "2013-02",
            "price": "44.54",
            "revenue": 312067
        },
        "2013-03": {
            "month": "2013-03",
            "price": "47.07",
            "revenue": 389992
        },
        "2013-04": {
            "month": "2013-04",
            "price": "49.46",
            "revenue": 370545
        },
        "2013-05": {
            "month": "2013-05",
            "price": "50.71",
            "revenue": 376896
        },
        "2013-06": {
            "month": "2013-06",
            "price": "51.76",
            "revenue": 409998
        },
        "2013-07": {
            "month": "2013-07",
            "price": "57.13",
            "revenue": 381777
        },
        "2013-08": {
            "month": "2013-08",
            "price": "58.97",
            "revenue": 372652
        },
        "2013-09": {
            "month": "2013-09",
            "price": "67.30",
            "revenue": 386118
        },
        "2013-10": {
            "month": "2013-10",
            "price": "73.52",
            "revenue": 413217
        },
        "2013-11": {
            "month": "2013-11",
            "price": "79.20",
            "revenue": 408716
        },
        "2013-12": {
            "month": "2013-12",
            "price": "87.68",
            "revenue": 401674
        },
        "2014-01": {
            "month": "2014-01",
            "price": "88.12",
            "revenue": 368405
        },
        "2014-02": {
            "month": "2014-02",
            "price": "96.33",
            "revenue": 344753
        },
        "2014-03": {
            "month": "2014-03",
            "price": "98.70",
            "revenue": 415780
        },
        "2014-04": {
            "month": "2014-04",
            "price": "96.29",
            "revenue": 414456
        },
        "2014-05": {
            "month": "2014-05",
            "price": "92.08",
            "revenue": 381112
        },
        "2014-06": {
            "month": "2014-06",
            "price": "88.88",
            "revenue": 395726
        },
        "2014-07": {
            "month": "2014-07",
            "price": "86.18",
            "revenue": 422162
        },
        "2014-08": {
            "month": "2014-08",
            "price": "83.91",
            "revenue": 415413
        },
        "2014-09": {
            "month": "2014-09",
            "price": "83.51",
            "revenue": 419849
        },
        "2014-10": {
            "month": "2014-10",
            "price": "75.60",
            "revenue": 440389
        },
        "2014-11": {
            "month": "2014-11",
            "price": "77.52",
            "revenue": 421136
        },
        "2014-12": {
            "month": "2014-12",
            "price": "81.94",
            "revenue": 458754
        },
        "2015-01": {
            "month": "2015-01",
            "price": "82.72",
            "revenue": 385712
        },
        "2015-02": {
            "month": "2015-02",
            "price": "83.08",
            "revenue": 350248
        },
        "2015-03": {
            "month": "2015-03",
            "price": "88.16",
            "revenue": 439888
        },
        "2015-04": {
            "month": "2015-04",
            "price": "91.57",
            "revenue": 396178
        },
        "2015-05": {
            "month": "2015-05",
            "price": "88.62",
            "revenue": 372645
        },
        "2015-06": {
            "month": "2015-06",
            "price": "88.69",
            "revenue": 408285
        },
        "2015-07": {
            "month": "2015-07",
            "price": "89.20",
            "revenue": 396962
        },
        "2015-08": {
            "month": "2015-08",
            "price": "69.27",
            "revenue": 392509
        },
        "2015-09": {
            "month": "2015-09",
            "price": "65.96",
            "revenue": 443028
        },
        "2015-10": {
            "month": "2015-10",
            "price": "70.12",
            "revenue": 427004
        },
        "2015-11": {
            "month": "2015-11",
            "price": "70.50",
            "revenue": 434938
        },
        "2015-12": {
            "month": "2015-12",
            "price": "70.72",
            "revenue": 445530
        },
        "2016-01": {
            "month": "2016-01",
            "price": "68.20",
            "revenue": 414618
        },
        "2016-02": {
            "month": "2016-02",
            "price": "69.92",
            "revenue": 356777
        },
        "2016-03": {
            "month": "2016-03",
            "price": "74.90",
            "revenue": 457136
        },
        "2016-04": {
            "month": "2016-04",
            "price": "77.61",
            "revenue": 412446
        },
        "2016-05": {
            "month": "2016-05",
            "price": "83.78",
            "revenue": 392792
        },
        "2016-06": {
            "month": "2016-06",
            "price": "86.21",
            "revenue": 384633
        },
        "2016-07": {
            "month": "2016-07",
            "price": "83.98",
            "revenue": 440868
        },
        "2016-08": {
            "month": "2016-08",
            "price": "82.10",
            "revenue": 433110
        },
        "2016-09": {
            "month": "2016-09",
            "price": "81.19",
            "revenue": 403846
        },
        "2016-10": {
            "month": "2016-10",
            "price": "79.49",
            "revenue": 390589
        },
        "2016-11": {
            "month": "2016-11",
            "price": "79.34",
            "revenue": 414151
        },
        "2016-12": {
            "month": "2016-12",
            "price": "79.98",
            "revenue": 431897
        },
        "2017-01": {
            "month": "2017-01",
            "price": "80.16",
            "revenue": 366779
        },
        "2017-02": {
            "month": "2017-02",
            "price": "82.06",
            "revenue": 355014
        },
        "2017-03": {
            "month": "2017-03",
            "price": "83.33",
            "revenue": 470020
        },
        "2017-04": {
            "month": "2017-04",
            "price": "83.82",
            "revenue": 353457
        },
        "2017-05": {
            "month": "2017-05",
            "price": "83.40",
            "revenue": 390825
        },
        "2017-06": {
            "month": "2017-06",
            "price": "84.14",
            "revenue": 400192
        },
        "2017-07": {
            "month": "2017-07",
            "price": "82.54",
            "revenue": 376630
        },
        "2017-08": {
            "month": "2017-08",
            "price": "76.50",
            "revenue": 438873
        },
        "2017-09": {
            "month": "2017-09",
            "price": "77.25",
            "revenue": 422075
        },
        "2017-10": {
            "month": "2017-10",
            "price": "77.93",
            "revenue": 430289
        },
        "2017-11": {
            "month": "2017-11",
            "price": "78.44",
            "revenue": 473876
        },
        "2017-12": {
            "month": "2017-12",
            "price": "81.80",
            "revenue": 469394
        },
        "2018-01": {
            "month": "2018-01",
            "price": "85.07",
            "revenue": 430934
        },
        "2018-02": {
            "month": "2018-02",
            "price": "86.26",
            "revenue": 385670
        },
        "2018-03": {
            "month": "2018-03",
            "price": "90.14",
            "revenue": 456892
        },
        "2018-04": {
            "month": "2018-04",
            "price": "97.92",
            "revenue": 415672
        },
        "2018-05": {
            "month": "2018-05",
            "price": "94.15",
            "revenue": 400750
        },
        "2018-06": {
            "month": "2018-06",
            "price": "90.38",
            "revenue": 444651
        },
        "2018-07": {
            "month": "2018-07",
            "price": "88.17",
            "revenue": 405285
        },
        "2018-08": {
            "month": "2018-08",
            "price": "83.23",
            "revenue": 421510
        },
        "2018-09": {
            "month": "2018-09",
            "price": "81.91",
            "revenue": 393242
        },
        "2018-10": {
            "month": "2018-10",
            "price": "78.81",
            "revenue": 483229
        },
        "2018-11": {
            "month": "2018-11",
            "price": "80.85",
            "revenue": 485908
        },
        "2018-12": {
            "month": "2018-12",
            "price": "83.31",
            "revenue": 449222
        },
        "2019-01": {
            "month": "2019-01",
            "price": "92.72",
            "revenue": 380964
        },
        "2019-02": {
            "month": "2019-02",
            "price": "92.32",
            "revenue": 359941
        },
        "2019-03": {
            "month": "2019-03",
            "price": "96.45",
            "revenue": 415013
        },
        "2019-04": {
            "month": "2019-04",
            "price": "94.13",
            "revenue": 389662
        },
        "2019-05": {
            "month": "2019-05",
            "price": "90.15",
            "revenue": 418225
        },
        "2019-06": {
            "month": "2019-06",
            "price": "90.32",
            "revenue": 446471
        },
        "2019-07": {
            "month": "2019-07",
            "price": "91.48",
            "revenue": 454346
        },
        "2019-08": {
            "month": "2019-08",
            "price": "83.87",
            "revenue": 407765
        },
        "2019-09": {
            "month": "2019-09",
            "price": "85.34",
            "revenue": 424015
        },
        "2019-10": {
            "month": "2019-10",
            "price": "86.13",
            "revenue": 479631
        },
        "2019-11": {
            "month": "2019-11",
            "price": "86.81",
            "revenue": 440517
        },
        "2019-12": {
            "month": "2019-12",
            "price": "86.93",
            "revenue": 416285
        },
        "2020-01": {
            "month": "2020-01",
            "price": "85.90",
            "revenue": 378730
        },
        "2020-02": {
            "month": "2020-02",
            "price": "84.97",
            "revenue": 379322
        },
        "2020-03": {
            "month": "2020-03",
            "price": "79.79",
            "revenue": 395293
        },
        "2020-04": {
            "month": "2020-04",
            "price": "85.35",
            "revenue": 362109
        },
        "2020-05": {
            "month": "2020-05",
            "price": "89.48",
            "revenue": 339910
        },
        "2020-06": {
            "month": "2020-06",
            "price": "90.48",
            "revenue": 380501
        },
        "2020-07": {
            "month": "2020-07",
            "price": "88.68",
            "revenue": 394441
        },
        "2020-08": {
            "month": "2020-08",
            "price": "85.21",
            "revenue": 424922
        },
        "2020-09": {
            "month": "2020-09",
            "price": "84.24",
            "revenue": 400679
        },
        "2020-10": {
            "month": "2020-10",
            "price": "82.46",
            "revenue": 431966
        },
        "2020-11": {
            "month": "2020-11",
            "price": "83.61",
            "revenue": 453139
        },
        "2020-12": {
            "month": "2020-12",
            "price": "83.83",
            "revenue": 478770
        },
        "2021-01": {
            "month": "2021-01",
            "price": "84.37",
            "revenue": 401629
        },
        "2021-02": {
            "month": "2021-02",
            "price": "86.30",
            "revenue": 339947
        },
        "2021-03": {
            "month": "2021-03",
            "price": "88.02",
            "revenue": 489840
        },
        "2021-04": {
            "month": "2021-04",
            "price": "89.22",
            "revenue": 399492
        },
        "2021-05": {
            "month": "2021-05",
            "price": "83.89",
            "revenue": 408314
        },
        "2021-06": {
            "month": "2021-06",
            "price": "84.74",
            "revenue": 412912
        },
        "2021-07": {
            "month": "2021-07",
            "price": "84.70",
            "revenue": 393092
        },
        "2021-08": {
            "month": "2021-08",
            "price": "82.76",
            "revenue": 449460
        },
        "2021-09": {
            "month": "2021-09",
            "price": "82.26",
            "revenue": 427943
        },
        "2021-10": {
            "month": "2021-10",
            "price": "83.28",
            "revenue": 429495
        },
        "2021-11": {
            "month": "2021-11",
            "price": "82.62",
            "revenue": 501023
        },
        "2021-12": {
            "month": "2021-12",
            "price": "81.51",
            "revenue": 511586
        },
        "2022-01": {
            "month": "2022-01",
            "price": "81.81",
            "revenue": 418304
        },
        "2022-02": {
            "month": "2022-02",
            "price": "81.31",
            "revenue": 359328
        },
        "2022-03": {
            "month": "2022-03",
            "price": "81.16",
            "revenue": 455032
        },
        "2022-04": {
            "month": "2022-04",
            "price": "81.28",
            "revenue": 368338
        },
        "2022-05": {
            "month": "2022-05",
            "price": "78.98",
            "revenue": 419693
        },
        "2022-06": {
            "month": "2022-06",
            "price": "78.03",
            "revenue": 501591
        },
        "2022-07": {
            "month": "2022-07",
            "price": "76.77",
            "revenue": 397421
        },
        "2022-08": {
            "month": "2022-08",
            "price": "77.08",
            "revenue": 460459
        },
        "2022-09": {
            "month": "2022-09",
            "price": "77.75",
            "revenue": 509989
        },
        "2022-10": {
            "month": "2022-10",
            "price": "75.87",
            "revenue": 541198
        },
        "2022-11": {
            "month": "2022-11",
            "price": "77.40",
            "revenue": 494107
        },
        "2022-12": {
            "month": "2022-12",
            "price": "77.23",
            "revenue": 477214
        },
        "2023-01": {
            "month": "2023-01",
            "price": "77.61",
            "revenue": 470444
        },
        "2023-02": {
            "month": "2023-02",
            "price": "79.86",
            "revenue": 394109
        },
        "2023-03": {
            "month": "2023-03",
            "price": "82.88",
            "revenue": 520581
        },
        "2023-04": {
            "month": "2023-04",
            "price": "84.88",
            "revenue": 390501
        },
        "2023-05": {
            "month": "2023-05",
            "price": "85.39",
            "revenue": 427023
        },
        "2023-06": {
            "month": "2023-06",
            "price": "87.30",
            "revenue": 417195
        },
        "2023-07": {
            "month": "2023-07",
            "price": "87.15",
            "revenue": 392831
        },
        "2023-08": {
            "month": "2023-08",
            "price": "82.49",
            "revenue": 430743
        },
        "2023-09": {
            "month": "2023-09",
            "price": "80.98",
            "revenue": 393438
        },
        "2023-10": {
            "month": "2023-10",
            "price": "80.68",
            "revenue": 417638
        },
        "2023-11": {
            "month": "2023-11",
            "price": "80.55",
            "revenue": 478467
        }
    }
}
