{
    "summary": {
        "stock_name": "台表科",
        "stock_id": "6278",
        "category": "光電",
        "main_business": "電子資訊產品電路板另體表面黏著構裝設計,加工,製造及買賣業務。<br>前項有關進出口業務之經營。<br>除許可業務外，得經營法令非禁止或限制之業務。",
        "website_url": "http://www.tsmt.com.tw",
        "ceo": "伍允中",
        "pe_ratio": 9,
        "report_year_from": 2001,
        "report_year_to": 2023,
        "age": 22,
        "eps_negative_percentage": 0,
        "eps_growth_avg": {
            "last_all": 16.1,
            "last_2y": 28.66,
            "last_4y": 37.5,
            "last_8y": 16.9,
            "last_12y": 9.16,
            "last_16y": 8.41,
            "last_20y": null,
            "at_2006_last_3y": 50.47,
            "at_2007_last_3y": 27.26,
            "at_2008_last_3y": 19.77,
            "at_2009_last_3y": 5.95,
            "at_2010_last_3y": 2.86,
            "at_2011_last_3y": -1.25,
            "at_2012_last_3y": 0.04,
            "at_2013_last_3y": -8.25,
            "at_2014_last_3y": -14.96,
            "at_2015_last_3y": -12.75,
            "at_2016_last_3y": -15.11,
            "at_2017_last_3y": -8.86,
            "at_2018_last_3y": -4.34,
            "at_2019_last_3y": 25.22,
            "at_2020_last_3y": 36.47,
            "at_2021_last_3y": 44.65,
            "at_2022_last_3y": 46.5,
            "at_2023_last_3y": 46.5,
            "at_2006_last_all": 50.47,
            "at_2007_last_all": 38.24,
            "at_2008_last_all": 26.38,
            "at_2009_last_all": 29,
            "at_2010_last_all": 26.66,
            "at_2011_last_all": 20.69,
            "at_2012_last_all": 15.84,
            "at_2013_last_all": 15.46,
            "at_2014_last_all": 12.79,
            "at_2015_last_all": 10.4,
            "at_2016_last_all": 7,
            "at_2017_last_all": 8.97,
            "at_2018_last_all": 8.51,
            "at_2019_last_all": 13.89,
            "at_2020_last_all": 13.55,
            "at_2021_last_all": 16.48,
            "at_2022_last_all": 16.1,
            "at_2023_last_all": 16.1
        },
        "latest_eps": 10.61,
        "latest_price": 100.5,
        "latest_roe": 17.56,
        "latest_gross_margin": 9.41,
        "latest_equity": 17753393,
        "latest_revenue": 9412468,
        "latest_gross_profit": 885789,
        "latest_net_income": 285702,
        "latest_debt_ratio": 62.08,
        "latest_current_ratio": 134.87,
        "latest_account_receivable_turnover_ratio": 0.61,
        "latest_inventory_turnover_ratio": 2.08,
        "latest_reinvestment_rate": 46.37,
        "latest_research_to_sale_ratio": 2.06
    },
    "eps_dividends": {
        "2001": {
            "cash": 0,
            "stock": 0,
            "eps": 0
        },
        "2002": {
            "cash": 0,
            "stock": 2.14,
            "eps": 1.29
        },
        "2003": {
            "cash": 0,
            "stock": 2.07,
            "eps": 2.35
        },
        "2004": {
            "cash": 0.9,
            "stock": 1,
            "eps": 2.28
        },
        "2005": {
            "cash": 0.5,
            "stock": 1,
            "eps": 6.57
        },
        "2006": {
            "cash": 1.5,
            "stock": 1.5,
            "eps": 8.06
        },
        "2007": {
            "cash": 2,
            "stock": 1.5,
            "eps": 7.2
        },
        "2008": {
            "cash": 2,
            "stock": 1.5,
            "eps": 4.83
        },
        "2009": {
            "cash": 1.5,
            "stock": 0.7,
            "eps": 6.99
        },
        "2010": {
            "cash": 2.5,
            "stock": 1,
            "eps": 7.71
        },
        "2011": {
            "cash": 4.8,
            "stock": 1.7,
            "eps": 5.62
        },
        "2012": {
            "cash": 0,
            "stock": 0,
            "eps": 4.06
        },
        "2013": {
            "cash": 1.5,
            "stock": 0.5,
            "eps": 4.53
        },
        "2014": {
            "cash": 1.8,
            "stock": 0.4,
            "eps": 3.78
        },
        "2015": {
            "cash": 1.5,
            "stock": 0.5,
            "eps": 3.09
        },
        "2016": {
            "cash": 1.5,
            "stock": 0,
            "eps": 1.94
        },
        "2017": {
            "cash": 1,
            "stock": 0,
            "eps": 2.65
        },
        "2018": {
            "cash": 1.3,
            "stock": 0,
            "eps": 2.69
        },
        "2019": {
            "cash": 1.3,
            "stock": 0,
            "eps": 6.96
        },
        "2020": {
            "cash": 2.8,
            "stock": 0,
            "eps": 7.5
        },
        "2021": {
            "cash": 3.3,
            "stock": 0,
            "eps": 12.7
        },
        "2022": {
            "cash": 6,
            "stock": 0,
            "eps": 13.83
        },
        "2023": {
            "cash": 7,
            "stock": 0,
            "eps": 0.97
        }
    },
    "dividends": {
        "2002-04-27": {
            "cash": 0,
            "stock": 2.14
        },
        "2003-02-20": {
            "cash": 0,
            "stock": 2.07
        },
        "2004-03-12": {
            "cash": 0.9,
            "stock": 1
        },
        "2005-03-15": {
            "cash": 0.5,
            "stock": 1
        },
        "2006-04-07": {
            "cash": 1.5,
            "stock": 1.5
        },
        "2007-02-27": {
            "cash": 2,
            "stock": 1.5
        },
        "2008-03-25": {
            "cash": 2,
            "stock": 1.5
        },
        "2009-03-27": {
            "cash": 1.5,
            "stock": 0.7
        },
        "2010-03-29": {
            "cash": 2.5,
            "stock": 1
        },
        "2011-01-01": {
            "cash": 2,
            "stock": 0.7
        },
        "2011-03-17": {
            "cash": 2.8,
            "stock": 1
        },
        "2013-03-18": {
            "cash": 1.5,
            "stock": 0.5
        },
        "2014-08-22": {
            "cash": 1.8,
            "stock": 0.4
        },
        "2015-08-21": {
            "cash": 1.5,
            "stock": 0.5
        },
        "2016-07-29": {
            "cash": 1.5,
            "stock": 0
        },
        "2017-07-28": {
            "cash": 1,
            "stock": 0
        },
        "2018-08-10": {
            "cash": 1.3,
            "stock": 0
        },
        "2019-08-09": {
            "cash": 1.3,
            "stock": 0
        },
        "2020-08-14": {
            "cash": 2.8,
            "stock": 0
        },
        "2021-09-15": {
            "cash": 3.3,
            "stock": 0
        },
        "2022-08-12": {
            "cash": 6,
            "stock": 0
        },
        "2023-03-10": {
            "cash": 7,
            "stock": 0
        }
    },
    "prices": {
        "200101": "無",
        "200102": "無",
        "200103": "無",
        "200104": "無",
        "200105": "無",
        "200106": "無",
        "200107": "無",
        "200108": "無",
        "200109": "無",
        "200110": "無",
        "200111": "無",
        "200112": "無",
        "200201": "無",
        "200202": "無",
        "200203": "無",
        "200204": "無",
        "200205": "無",
        "200206": "無",
        "200207": "無",
        "200208": "無",
        "200209": "無",
        "200210": "無",
        "200211": "無",
        "200212": "無",
        "200301": "無",
        "200302": "無",
        "200303": "無",
        "200304": "無",
        "200305": "無",
        "200306": "無",
        "200307": "無",
        "200308": "無",
        "200309": "21.50",
        "200310": "21.57",
        "200311": "24.72",
        "200312": "25.08",
        "200401": "25.70",
        "200402": "25.90",
        "200403": "26.56",
        "200404": "25.30",
        "200405": "21.43",
        "200406": "20.55",
        "200407": "16.60",
        "200408": "15.64",
        "200409": "17.03",
        "200410": "16.92",
        "200411": "16.44",
        "200412": "16.48",
        "200501": "16.43",
        "200502": "16.99",
        "200503": "16.95",
        "200504": "16.54",
        "200505": "16.19",
        "200506": "21.60",
        "200507": "35.57",
        "200508": "46.75",
        "200509": "51.17",
        "200510": "49.18",
        "200511": "51.65",
        "200512": "65.36",
        "200601": "69.80",
        "200602": "73.51",
        "200603": "80.51",
        "200604": "79.27",
        "200605": "87.86",
        "200606": "69.05",
        "200607": "69.42",
        "200608": "77.34",
        "200609": "73.65",
        "200610": "69.26",
        "200611": "65.57",
        "200612": "65.72",
        "200701": "71.95",
        "200702": "76.72",
        "200703": "83.44",
        "200704": "87.23",
        "200705": "87.66",
        "200706": "87.52",
        "200707": "84.30",
        "200708": "76.28",
        "200709": "73.19",
        "200710": "78.16",
        "200711": "67.65",
        "200712": "58.03",
        "200801": "48.42",
        "200802": "49.24",
        "200803": "59.84",
        "200804": "63.24",
        "200805": "66.08",
        "200806": "54.94",
        "200807": "47.20",
        "200808": "43.60",
        "200809": "39.97",
        "200810": "29.08",
        "200811": "23.18",
        "200812": "21.73",
        "200901": "24.48",
        "200902": "28.62",
        "200903": "31.07",
        "200904": "43.72",
        "200905": "58.97",
        "200906": "55.13",
        "200907": "61.75",
        "200908": "66.24",
        "200909": "75.88",
        "200910": "76.90",
        "200911": "71.00",
        "200912": "80.33",
        "201001": "77.92",
        "201002": "67.27",
        "201003": "69.79",
        "201004": "72.36",
        "201005": "66.90",
        "201006": "65.70",
        "201007": "62.30",
        "201008": "64.75",
        "201009": "67.59",
        "201010": "68.84",
        "201011": "65.49",
        "201012": "68.12",
        "201101": "73.34",
        "201102": "72.61",
        "201103": "71.53",
        "201104": "73.27",
        "201105": "75.40",
        "201106": "86.59",
        "201107": "86.95",
        "201108": "66.67",
        "201109": "63.12",
        "201110": "66.08",
        "201111": "63.68",
        "201112": "55.90",
        "201201": "60.81",
        "201202": "74.19",
        "201203": "73.48",
        "201204": "66.70",
        "201205": "60.60",
        "201206": "57.63",
        "201207": "53.42",
        "201208": "49.69",
        "201209": "51.36",
        "201210": "49.58",
        "201211": "42.89",
        "201212": "44.25",
        "201301": "45.39",
        "201302": "42.75",
        "201303": "45.55",
        "201304": "47.25",
        "201305": "49.54",
        "201306": "46.63",
        "201307": "43.22",
        "201308": "42.30",
        "201309": "43.93",
        "201310": "41.30",
        "201311": "41.51",
        "201312": "43.85",
        "201401": "45.85",
        "201402": "44.76",
        "201403": "44.82",
        "201404": "47.52",
        "201405": "43.12",
        "201406": "44.00",
        "201407": "45.22",
        "201408": "45.25",
        "201409": "46.10",
        "201410": "42.76",
        "201411": "42.10",
        "201412": "41.76",
        "201501": "41.39",
        "201502": "41.04",
        "201503": "40.33",
        "201504": "40.05",
        "201505": "38.39",
        "201506": "36.49",
        "201507": "32.12",
        "201508": "27.23",
        "201509": "29.30",
        "201510": "31.52",
        "201511": "30.92",
        "201512": "30.65",
        "201601": "27.84",
        "201602": "28.84",
        "201603": "29.79",
        "201604": "27.62",
        "201605": "27.15",
        "201606": "27.76",
        "201607": "26.64",
        "201608": "26.81",
        "201609": "26.69",
        "201610": "26.82",
        "201611": "25.82",
        "201612": "26.38",
        "201701": "26.27",
        "201702": "27.37",
        "201703": "28.49",
        "201704": "26.81",
        "201705": "25.44",
        "201706": "25.20",
        "201707": "24.55",
        "201708": "24.61",
        "201709": "26.17",
        "201710": "27.26",
        "201711": "29.72",
        "201712": "34.77",
        "201801": "32.24",
        "201802": "29.07",
        "201803": "28.68",
        "201804": "26.58",
        "201805": "25.96",
        "201806": "27.28",
        "201807": "26.03",
        "201808": "26.48",
        "201809": "35.62",
        "201810": "35.35",
        "201811": "35.82",
        "201812": "37.19",
        "201901": "39.75",
        "201902": "49.73",
        "201903": "50.76",
        "201904": "55.88",
        "201905": "57.21",
        "201906": "53.91",
        "201907": "69.45",
        "201908": "76.26",
        "201909": "76.06",
        "201910": "80.78",
        "201911": "101.00",
        "201912": "111.93",
        "202001": "113.45",
        "202002": "101.04",
        "202003": "75.64",
        "202004": "84.12",
        "202005": "106.76",
        "202006": "120.20",
        "202007": "136.74",
        "202008": "128.76",
        "202009": "115.70",
        "202010": "102.46",
        "202011": "113.98",
        "202012": "125.46",
        "202101": "125.85",
        "202102": "121.00",
        "202103": "114.41",
        "202104": "118.34",
        "202105": "108.25",
        "202106": "124.14",
        "202107": "122.91",
        "202108": "113.09",
        "202109": "106.65",
        "202110": "104.81",
        "202111": "117.70",
        "202112": "118.55",
        "202201": "133.22",
        "202202": "127.83",
        "202203": "116.13",
        "202204": "109.95",
        "202205": "105.17",
        "202206": "105.93",
        "202207": "83.00",
        "202208": "97.45",
        "202209": "89.42",
        "202210": "80.94",
        "202211": "91.34",
        "202212": "94.79",
        "202301": "89.63",
        "202302": "88.84",
        "202303": "92.83",
        "202304": "99.81",
        "202305": "97.83",
        "202306": "99.79"
    },
    "quarters": {
        "20011": {
            "year_quarter": 20011,
            "year": 2001,
            "quarter": 1,
            "eps": null,
            "eps_growth_year": null,
            "eps_4q": null,
            "eps_4q_growth_year": null,
            "roe": null,
            "roe_4q": 0,
            "gross_profit": null,
            "gross_margin": null,
            "gross_margin_4q_avg": 0,
            "net_income": null,
            "revenue": null,
            "common_shares": null,
            "book_valuer_per_share": null,
            "book_valuer_per_share_4q_avg": 0,
            "equity": null,
            "current_ratio": null,
            "debt_ratio": null,
            "inventory_turnover_ratio": null,
            "account_receivable_turnover_ratio": null,
            "reinvestment_rate": null,
            "research_to_sale_ratio": null,
            "price_fair": 0,
            "eps_avg_yearly": 0,
            "eps_latest_yearly": 0,
            "eps_growth_yearly": 0
        },
        "20012": {
            "year_quarter": 20012,
            "year": 2001,
            "quarter": 2,
            "eps": null,
            "eps_growth_year": null,
            "eps_4q": null,
            "eps_4q_growth_year": null,
            "roe": null,
            "roe_4q": 0,
            "gross_profit": null,
            "gross_margin": null,
            "gross_margin_4q_avg": 0,
            "net_income": null,
            "revenue": null,
            "common_shares": null,
            "book_valuer_per_share": null,
            "book_valuer_per_share_4q_avg": 0,
            "equity": null,
            "current_ratio": null,
            "debt_ratio": null,
            "inventory_turnover_ratio": null,
            "account_receivable_turnover_ratio": null,
            "reinvestment_rate": null,
            "research_to_sale_ratio": null,
            "price_fair": 0,
            "eps_avg_yearly": 0,
            "eps_latest_yearly": 0,
            "eps_growth_yearly": 0
        },
        "20013": {
            "year_quarter": 20013,
            "year": 2001,
            "quarter": 3,
            "eps": null,
            "eps_growth_year": null,
            "eps_4q": null,
            "eps_4q_growth_year": null,
            "roe": null,
            "roe_4q": 0,
            "gross_profit": null,
            "gross_margin": null,
            "gross_margin_4q_avg": 0,
            "net_income": null,
            "revenue": null,
            "common_shares": null,
            "book_valuer_per_share": null,
            "book_valuer_per_share_4q_avg": 0,
            "equity": null,
            "current_ratio": null,
            "debt_ratio": null,
            "inventory_turnover_ratio": null,
            "account_receivable_turnover_ratio": null,
            "reinvestment_rate": null,
            "research_to_sale_ratio": null,
            "price_fair": 0,
            "eps_avg_yearly": 0,
            "eps_latest_yearly": 0,
            "eps_growth_yearly": 0
        },
        "20014": {
            "year_quarter": 20014,
            "year": 2001,
            "quarter": 4,
            "eps": null,
            "eps_growth_year": null,
            "eps_4q": null,
            "eps_4q_growth_year": null,
            "roe": null,
            "roe_4q": 0,
            "gross_profit": null,
            "gross_margin": null,
            "gross_margin_4q_avg": 0,
            "net_income": null,
            "revenue": null,
            "common_shares": 400000,
            "book_valuer_per_share": 19.29,
            "book_valuer_per_share_4q_avg": 4.82,
            "equity": 771759,
            "current_ratio": 106.59,
            "debt_ratio": 62.93,
            "inventory_turnover_ratio": null,
            "account_receivable_turnover_ratio": null,
            "reinvestment_rate": null,
            "research_to_sale_ratio": null,
            "price_fair": 0,
            "eps_avg_yearly": 0,
            "eps_latest_yearly": 0,
            "eps_growth_yearly": 0
        },
        "20021": {
            "year_quarter": 20021,
            "year": 2002,
            "quarter": 1,
            "eps": null,
            "eps_growth_year": null,
            "eps_4q": null,
            "eps_4q_growth_year": null,
            "roe": null,
            "roe_4q": 0,
            "gross_profit": null,
            "gross_margin": null,
            "gross_margin_4q_avg": 0,
            "net_income": null,
            "revenue": null,
            "common_shares": null,
            "book_valuer_per_share": null,
            "book_valuer_per_share_4q_avg": 4.82,
            "equity": null,
            "current_ratio": null,
            "debt_ratio": null,
            "inventory_turnover_ratio": null,
            "account_receivable_turnover_ratio": null,
            "reinvestment_rate": null,
            "research_to_sale_ratio": null,
            "price_fair": 0,
            "eps_avg_yearly": 0,
            "eps_latest_yearly": 0,
            "eps_growth_yearly": 0
        },
        "20022": {
            "year_quarter": 20022,
            "year": 2002,
            "quarter": 2,
            "eps": null,
            "eps_growth_year": null,
            "eps_4q": null,
            "eps_4q_growth_year": null,
            "roe": null,
            "roe_4q": 0,
            "gross_profit": null,
            "gross_margin": null,
            "gross_margin_4q_avg": 0,
            "net_income": null,
            "revenue": null,
            "common_shares": null,
            "book_valuer_per_share": null,
            "book_valuer_per_share_4q_avg": 4.82,
            "equity": null,
            "current_ratio": null,
            "debt_ratio": null,
            "inventory_turnover_ratio": null,
            "account_receivable_turnover_ratio": null,
            "reinvestment_rate": null,
            "research_to_sale_ratio": null,
            "price_fair": 0,
            "eps_avg_yearly": 0,
            "eps_latest_yearly": 0,
            "eps_growth_yearly": 0
        },
        "20023": {
            "year_quarter": 20023,
            "year": 2002,
            "quarter": 3,
            "eps": 0.47,
            "eps_growth_year": null,
            "eps_4q": null,
            "eps_4q_growth_year": null,
            "roe": 2.66,
            "roe_4q": 2.66,
            "gross_profit": 70377,
            "gross_margin": 13.51,
            "gross_margin_4q_avg": 3.38,
            "net_income": 23211,
            "revenue": 520874,
            "common_shares": 490000,
            "book_valuer_per_share": 17.82,
            "book_valuer_per_share_4q_avg": 9.28,
            "equity": 873197,
            "current_ratio": 111.99,
            "debt_ratio": 63.32,
            "inventory_turnover_ratio": 1.2,
            "account_receivable_turnover_ratio": null,
            "reinvestment_rate": null,
            "research_to_sale_ratio": null,
            "price_fair": 0,
            "eps_avg_yearly": 0,
            "eps_latest_yearly": 0,
            "eps_growth_yearly": 0
        },
        "20024": {
            "year_quarter": 20024,
            "year": 2002,
            "quarter": 4,
            "eps": 0.82,
            "eps_growth_year": null,
            "eps_4q": null,
            "eps_4q_growth_year": null,
            "roe": 4.52,
            "roe_4q": 7.18,
            "gross_profit": 36963,
            "gross_margin": 6.49,
            "gross_margin_4q_avg": 5,
            "net_income": 40072,
            "revenue": 569131,
            "common_shares": 490000,
            "book_valuer_per_share": 18.39,
            "book_valuer_per_share_4q_avg": 9.05,
            "equity": 901135,
            "current_ratio": 97.36,
            "debt_ratio": 75.47,
            "inventory_turnover_ratio": 1.03,
            "account_receivable_turnover_ratio": null,
            "reinvestment_rate": null,
            "research_to_sale_ratio": null,
            "price_fair": 114.8,
            "eps_avg_yearly": 3.28,
            "eps_latest_yearly": 3.28,
            "eps_growth_yearly": 297.87
        },
        "20031": {
            "year_quarter": 20031,
            "year": 2003,
            "quarter": 1,
            "eps": 0.77,
            "eps_growth_year": null,
            "eps_4q": null,
            "eps_4q_growth_year": null,
            "roe": 4.11,
            "roe_4q": 11.29,
            "gross_profit": 63302,
            "gross_margin": 11.28,
            "gross_margin_4q_avg": 7.82,
            "net_income": 37859,
            "revenue": 561330,
            "common_shares": 490000,
            "book_valuer_per_share": 19.16,
            "book_valuer_per_share_4q_avg": 13.84,
            "equity": 938995,
            "current_ratio": 115.85,
            "debt_ratio": 61.54,
            "inventory_turnover_ratio": 0.98,
            "account_receivable_turnover_ratio": null,
            "reinvestment_rate": null,
            "research_to_sale_ratio": null,
            "price_fair": 111.3,
            "eps_avg_yearly": 3.18,
            "eps_latest_yearly": 3.08,
            "eps_growth_yearly": 136.74
        },
        "20032": {
            "year_quarter": 20032,
            "year": 2003,
            "quarter": 2,
            "eps": 0.5,
            "eps_growth_year": null,
            "eps_4q": 2.18,
            "eps_4q_growth_year": null,
            "roe": 3.15,
            "roe_4q": 14.44,
            "gross_profit": 60452,
            "gross_margin": 8.92,
            "gross_margin_4q_avg": 10.05,
            "net_income": 30035,
            "revenue": 678029,
            "common_shares": 600000,
            "book_valuer_per_share": 16.12,
            "book_valuer_per_share_4q_avg": 17.87,
            "equity": 967029,
            "current_ratio": 111.62,
            "debt_ratio": 62.82,
            "inventory_turnover_ratio": 1.75,
            "account_receivable_turnover_ratio": null,
            "reinvestment_rate": null,
            "research_to_sale_ratio": null,
            "price_fair": 97.53,
            "eps_avg_yearly": 2.79,
            "eps_latest_yearly": 2,
            "eps_growth_yearly": 44.41
        },
        "20033": {
            "year_quarter": 20033,
            "year": 2003,
            "quarter": 3,
            "eps": 0.39,
            "eps_growth_year": -17.02,
            "eps_4q": 2.19,
            "eps_4q_growth_year": null,
            "roe": 2.39,
            "roe_4q": 14.17,
            "gross_profit": 69938,
            "gross_margin": 7.81,
            "gross_margin_4q_avg": 8.63,
            "net_income": 23372,
            "revenue": 895047,
            "common_shares": 600000,
            "book_valuer_per_share": 16.51,
            "book_valuer_per_share_4q_avg": 17.55,
            "equity": 990401,
            "current_ratio": 109.61,
            "debt_ratio": 64.02,
            "inventory_turnover_ratio": 2.37,
            "account_receivable_turnover_ratio": null,
            "reinvestment_rate": null,
            "research_to_sale_ratio": null,
            "price_fair": 52.84,
            "eps_avg_yearly": 2.48,
            "eps_latest_yearly": 1.56,
            "eps_growth_yearly": 11.31
        },
        "20034": {
            "year_quarter": 20034,
            "year": 2003,
            "quarter": 4,
            "eps": 0.69,
            "eps_growth_year": -15.85,
            "eps_4q": 2.21,
            "eps_4q_growth_year": null,
            "roe": 4.1,
            "roe_4q": 13.75,
            "gross_profit": 77654,
            "gross_margin": 7.51,
            "gross_margin_4q_avg": 8.88,
            "net_income": 41305,
            "revenue": 1034509,
            "common_shares": 600000,
            "book_valuer_per_share": 17.1,
            "book_valuer_per_share_4q_avg": 17.22,
            "equity": 1025976,
            "current_ratio": 99.64,
            "debt_ratio": 73.06,
            "inventory_turnover_ratio": 2.12,
            "account_receivable_turnover_ratio": null,
            "reinvestment_rate": null,
            "research_to_sale_ratio": null,
            "price_fair": 88.76,
            "eps_avg_yearly": 2.54,
            "eps_latest_yearly": 2.76,
            "eps_growth_yearly": 70.58
        },
        "20041": {
            "year_quarter": 20041,
            "year": 2004,
            "quarter": 1,
            "eps": 0.45,
            "eps_growth_year": -41.56,
            "eps_4q": 2.02,
            "eps_4q_growth_year": null,
            "roe": 2.63,
            "roe_4q": 12.27,
            "gross_profit": 59097,
            "gross_margin": 6.59,
            "gross_margin_4q_avg": 7.71,
            "net_income": 27162,
            "revenue": 896653,
            "common_shares": 600000,
            "book_valuer_per_share": 17.32,
            "book_valuer_per_share_4q_avg": 16.76,
            "equity": 1038996,
            "current_ratio": 107.43,
            "debt_ratio": 63.43,
            "inventory_turnover_ratio": 1.76,
            "account_receivable_turnover_ratio": null,
            "reinvestment_rate": null,
            "research_to_sale_ratio": null,
            "price_fair": 84.47,
            "eps_avg_yearly": 2.41,
            "eps_latest_yearly": 1.8,
            "eps_growth_yearly": 35.63
        },
        "20042": {
            "year_quarter": 20042,
            "year": 2004,
            "quarter": 2,
            "eps": 0.67,
            "eps_growth_year": 34,
            "eps_4q": 2.06,
            "eps_4q_growth_year": -5.71,
            "roe": 4.28,
            "roe_4q": 13.4,
            "gross_profit": 68853,
            "gross_margin": 5.88,
            "gross_margin_4q_avg": 6.95,
            "net_income": 44301,
            "revenue": 1170680,
            "common_shares": 600000,
            "book_valuer_per_share": 17.23,
            "book_valuer_per_share_4q_avg": 17.04,
            "equity": 1033568,
            "current_ratio": 102.41,
            "debt_ratio": 67.01,
            "inventory_turnover_ratio": 2.66,
            "account_receivable_turnover_ratio": null,
            "reinvestment_rate": null,
            "research_to_sale_ratio": null,
            "price_fair": 85.8,
            "eps_avg_yearly": 2.45,
            "eps_latest_yearly": 2.68,
            "eps_growth_yearly": 58.48
        },
        "20043": {
            "year_quarter": 20043,
            "year": 2004,
            "quarter": 3,
            "eps": 0.72,
            "eps_growth_year": 84.62,
            "eps_4q": 2.41,
            "eps_4q_growth_year": 9.91,
            "roe": 4.54,
            "roe_4q": 15.549999999999999,
            "gross_profit": 87130,
            "gross_margin": 6,
            "gross_margin_4q_avg": 6.5,
            "net_income": 48078,
            "revenue": 1451890,
            "common_shares": 666000,
            "book_valuer_per_share": 16.28,
            "book_valuer_per_share_4q_avg": 16.98,
            "equity": 1084541,
            "current_ratio": 102.79,
            "debt_ratio": 69.43,
            "inventory_turnover_ratio": 3.08,
            "account_receivable_turnover_ratio": null,
            "reinvestment_rate": null,
            "research_to_sale_ratio": null,
            "price_fair": 87.68,
            "eps_avg_yearly": 2.51,
            "eps_latest_yearly": 2.88,
            "eps_growth_yearly": 54.9
        },
        "20044": {
            "year_quarter": 20044,
            "year": 2004,
            "quarter": 4,
            "eps": 0.44,
            "eps_growth_year": -36.23,
            "eps_4q": 2.24,
            "eps_4q_growth_year": 1.21,
            "roe": 2.7,
            "roe_4q": 14.149999999999999,
            "gross_profit": 105744,
            "gross_margin": 5.99,
            "gross_margin_4q_avg": 6.12,
            "net_income": 29200,
            "revenue": 1764147,
            "common_shares": 666000,
            "book_valuer_per_share": 16.14,
            "book_valuer_per_share_4q_avg": 16.74,
            "equity": 1074949,
            "current_ratio": 93.96,
            "debt_ratio": 77.78,
            "inventory_turnover_ratio": 2.99,
            "account_receivable_turnover_ratio": null,
            "reinvestment_rate": null,
            "research_to_sale_ratio": null,
            "price_fair": 84.78,
            "eps_avg_yearly": 2.42,
            "eps_latest_yearly": 1.76,
            "eps_growth_yearly": 31.51
        },
        "20051": {
            "year_quarter": 20051,
            "year": 2005,
            "quarter": 1,
            "eps": 0.48,
            "eps_growth_year": 6.67,
            "eps_4q": 2.3,
            "eps_4q_growth_year": 14.14,
            "roe": 2.94,
            "roe_4q": 14.46,
            "gross_profit": 115514,
            "gross_margin": 5.44,
            "gross_margin_4q_avg": 5.83,
            "net_income": 31985,
            "revenue": 2124780,
            "common_shares": 666000,
            "book_valuer_per_share": 16.58,
            "book_valuer_per_share_4q_avg": 16.56,
            "equity": 1103999,
            "current_ratio": 94.97,
            "debt_ratio": 79.31,
            "inventory_turnover_ratio": 2.6,
            "account_receivable_turnover_ratio": null,
            "reinvestment_rate": null,
            "research_to_sale_ratio": null,
            "price_fair": 83.02,
            "eps_avg_yearly": 2.37,
            "eps_latest_yearly": 1.92,
            "eps_growth_yearly": 32
        },
        "20052": {
            "year_quarter": 20052,
            "year": 2005,
            "quarter": 2,
            "eps": 1.56,
            "eps_growth_year": 132.84,
            "eps_4q": 3.2,
            "eps_4q_growth_year": 55.23,
            "roe": 9.15,
            "roe_4q": 19.33,
            "gross_profit": 174475,
            "gross_margin": 7.15,
            "gross_margin_4q_avg": 6.15,
            "net_income": 104176,
            "revenue": 2440863,
            "common_shares": 666000,
            "book_valuer_per_share": 17.62,
            "book_valuer_per_share_4q_avg": 16.66,
            "equity": 1173585,
            "current_ratio": 97.07,
            "debt_ratio": 76.94,
            "inventory_turnover_ratio": 2.65,
            "account_receivable_turnover_ratio": null,
            "reinvestment_rate": null,
            "research_to_sale_ratio": null,
            "price_fair": 95.33,
            "eps_avg_yearly": 2.72,
            "eps_latest_yearly": 6.24,
            "eps_growth_yearly": 110.91
        },
        "20053": {
            "year_quarter": 20053,
            "year": 2005,
            "quarter": 3,
            "eps": 2.18,
            "eps_growth_year": 202.78,
            "eps_4q": 4.42,
            "eps_4q_growth_year": 83.39,
            "roe": 12.64,
            "roe_4q": 27.43,
            "gross_profit": 325629,
            "gross_margin": 10.96,
            "gross_margin_4q_avg": 7.39,
            "net_income": 161118,
            "revenue": 2970724,
            "common_shares": 738100,
            "book_valuer_per_share": 18.64,
            "book_valuer_per_share_4q_avg": 17.25,
            "equity": 1375687,
            "current_ratio": 98.62,
            "debt_ratio": 78.14,
            "inventory_turnover_ratio": 3.03,
            "account_receivable_turnover_ratio": null,
            "reinvestment_rate": null,
            "research_to_sale_ratio": null,
            "price_fair": 112.82,
            "eps_avg_yearly": 3.22,
            "eps_latest_yearly": 8.72,
            "eps_growth_yearly": 114.91
        },
        "20054": {
            "year_quarter": 20054,
            "year": 2005,
            "quarter": 4,
            "eps": 2.35,
            "eps_growth_year": 434.09,
            "eps_4q": 6.31,
            "eps_4q_growth_year": 181.6,
            "roe": 10.55,
            "roe_4q": 35.28,
            "gross_profit": 363799,
            "gross_margin": 10.28,
            "gross_margin_4q_avg": 8.46,
            "net_income": 176347,
            "revenue": 3537810,
            "common_shares": 855710,
            "book_valuer_per_share": 22.97,
            "book_valuer_per_share_4q_avg": 18.95,
            "equity": 1965973,
            "current_ratio": 109.16,
            "debt_ratio": 69.52,
            "inventory_turnover_ratio": 3.52,
            "account_receivable_turnover_ratio": null,
            "reinvestment_rate": null,
            "research_to_sale_ratio": null,
            "price_fair": 129.45,
            "eps_avg_yearly": 3.7,
            "eps_latest_yearly": 9.4,
            "eps_growth_yearly": 108.47
        },
        "20061": {
            "year_quarter": 20061,
            "year": 2006,
            "quarter": 1,
            "eps": 2.28,
            "eps_growth_year": 375,
            "eps_4q": 7.38,
            "eps_4q_growth_year": 220.2,
            "roe": 9.54,
            "roe_4q": 41.88,
            "gross_profit": 362911,
            "gross_margin": 10.76,
            "gross_margin_4q_avg": 9.79,
            "net_income": 197476,
            "revenue": 3371288,
            "common_shares": 867480,
            "book_valuer_per_share": 25.04,
            "book_valuer_per_share_4q_avg": 21.07,
            "equity": 2171934,
            "current_ratio": 111.24,
            "debt_ratio": 68.44,
            "inventory_turnover_ratio": 3.32,
            "account_receivable_turnover_ratio": null,
            "reinvestment_rate": null,
            "research_to_sale_ratio": null,
            "price_fair": 143,
            "eps_avg_yearly": 4.09,
            "eps_latest_yearly": 9.12,
            "eps_growth_yearly": 99.88
        },
        "20062": {
            "year_quarter": 20062,
            "year": 2006,
            "quarter": 2,
            "eps": 1.27,
            "eps_growth_year": -18.59,
            "eps_4q": 7.42,
            "eps_4q_growth_year": 132.16,
            "roe": 5.14,
            "roe_4q": 37.870000000000005,
            "gross_profit": 269088,
            "gross_margin": 9.54,
            "gross_margin_4q_avg": 10.39,
            "net_income": 110466,
            "revenue": 2819226,
            "common_shares": 867480,
            "book_valuer_per_share": 24.55,
            "book_valuer_per_share_4q_avg": 22.8,
            "equity": 2129540,
            "current_ratio": 107.34,
            "debt_ratio": 67.13,
            "inventory_turnover_ratio": 2.94,
            "account_receivable_turnover_ratio": null,
            "reinvestment_rate": 190.33,
            "research_to_sale_ratio": null,
            "price_fair": 145.32,
            "eps_avg_yearly": 4.15,
            "eps_latest_yearly": 5.08,
            "eps_growth_yearly": 81.4
        },
        "20063": {
            "year_quarter": 20063,
            "year": 2006,
            "quarter": 3,
            "eps": 2.24,
            "eps_growth_year": 2.75,
            "eps_4q": 6.8,
            "eps_4q_growth_year": 53.83,
            "roe": 8.86,
            "roe_4q": 34.09,
            "gross_profit": 422135,
            "gross_margin": 11.56,
            "gross_margin_4q_avg": 10.54,
            "net_income": 238140,
            "revenue": 3653134,
            "common_shares": 1166602,
            "book_valuer_per_share": 27.82,
            "book_valuer_per_share_4q_avg": 25.1,
            "equity": 3245673,
            "current_ratio": 125.92,
            "debt_ratio": 63.96,
            "inventory_turnover_ratio": 2.69,
            "account_receivable_turnover_ratio": null,
            "reinvestment_rate": 122.1,
            "research_to_sale_ratio": null,
            "price_fair": 155.84,
            "eps_avg_yearly": 4.45,
            "eps_latest_yearly": 8.96,
            "eps_growth_yearly": 95.41
        },
        "20064": {
            "year_quarter": 20064,
            "year": 2006,
            "quarter": 4,
            "eps": 2.27,
            "eps_growth_year": -3.4,
            "eps_4q": 7.21,
            "eps_4q_growth_year": 14.26,
            "roe": 7.41,
            "roe_4q": 30.95,
            "gross_profit": 462126,
            "gross_margin": 11.25,
            "gross_margin_4q_avg": 10.78,
            "net_income": 249947,
            "revenue": 4108977,
            "common_shares": 1168902,
            "book_valuer_per_share": 29.68,
            "book_valuer_per_share_4q_avg": 26.77,
            "equity": 3497499,
            "current_ratio": 125.51,
            "debt_ratio": 62.75,
            "inventory_turnover_ratio": 2.65,
            "account_receivable_turnover_ratio": null,
            "reinvestment_rate": 82.82,
            "research_to_sale_ratio": null,
            "price_fair": 168.53,
            "eps_avg_yearly": 4.82,
            "eps_latest_yearly": 9.08,
            "eps_growth_yearly": 77.13
        },
        "20071": {
            "year_quarter": 20071,
            "year": 2007,
            "quarter": 1,
            "eps": 1.71,
            "eps_growth_year": -25,
            "eps_4q": 6.63,
            "eps_4q_growth_year": -10.17,
            "roe": 5.67,
            "roe_4q": 27.08,
            "gross_profit": 374872,
            "gross_margin": 10.14,
            "gross_margin_4q_avg": 10.62,
            "net_income": 205894,
            "revenue": 3697541,
            "common_shares": 1181102,
            "book_valuer_per_share": 31.58,
            "book_valuer_per_share_4q_avg": 28.41,
            "equity": 3762719,
            "current_ratio": 135.18,
            "debt_ratio": 58.09,
            "inventory_turnover_ratio": 3.29,
            "account_receivable_turnover_ratio": null,
            "reinvestment_rate": 110.07,
            "research_to_sale_ratio": null,
            "price_fair": 176.75,
            "eps_avg_yearly": 5.05,
            "eps_latest_yearly": 6.84,
            "eps_growth_yearly": 72.49
        },
        "20072": {
            "year_quarter": 20072,
            "year": 2007,
            "quarter": 2,
            "eps": 2.01,
            "eps_growth_year": 58.27,
            "eps_4q": 6.74,
            "eps_4q_growth_year": -9.11,
            "roe": 7.64,
            "roe_4q": 29.58,
            "gross_profit": 547491,
            "gross_margin": 11.68,
            "gross_margin_4q_avg": 11.16,
            "net_income": 288925,
            "revenue": 4687291,
            "common_shares": 1401417,
            "book_valuer_per_share": 26.86,
            "book_valuer_per_share_4q_avg": 28.99,
            "equity": 3803745,
            "current_ratio": 124.8,
            "debt_ratio": 63.71,
            "inventory_turnover_ratio": 4.19,
            "account_receivable_turnover_ratio": null,
            "reinvestment_rate": 105.8,
            "research_to_sale_ratio": null,
            "price_fair": 189.96,
            "eps_avg_yearly": 5.43,
            "eps_latest_yearly": 8.04,
            "eps_growth_yearly": 85.64
        },
        "20073": {
            "year_quarter": 20073,
            "year": 2007,
            "quarter": 3,
            "eps": 1.75,
            "eps_growth_year": -21.88,
            "eps_4q": 4.93,
            "eps_4q_growth_year": -27.4,
            "roe": 7.22,
            "roe_4q": 27.94,
            "gross_profit": 544571,
            "gross_margin": 10.07,
            "gross_margin_4q_avg": 10.79,
            "net_income": 346293,
            "revenue": 5407032,
            "common_shares": 1401417,
            "book_valuer_per_share": 31.7,
            "book_valuer_per_share_4q_avg": 29.96,
            "equity": 5787133,
            "current_ratio": 138.17,
            "debt_ratio": 59.08,
            "inventory_turnover_ratio": 4.3,
            "account_receivable_turnover_ratio": null,
            "reinvestment_rate": 112.78,
            "research_to_sale_ratio": null,
            "price_fair": 201.86,
            "eps_avg_yearly": 5.77,
            "eps_latest_yearly": 7,
            "eps_growth_yearly": 87.9
        },
        "20074": {
            "year_quarter": 20074,
            "year": 2007,
            "quarter": 4,
            "eps": 1.73,
            "eps_growth_year": -23.79,
            "eps_4q": 4.8,
            "eps_4q_growth_year": -33.42,
            "roe": 5.93,
            "roe_4q": 26.46,
            "gross_profit": 602994,
            "gross_margin": 10.92,
            "gross_margin_4q_avg": 10.7,
            "net_income": 349844,
            "revenue": 5522376,
            "common_shares": 1412447,
            "book_valuer_per_share": 32.91,
            "book_valuer_per_share_4q_avg": 30.76,
            "equity": 6021456,
            "current_ratio": 139.14,
            "debt_ratio": 58.72,
            "inventory_turnover_ratio": 4.29,
            "account_receivable_turnover_ratio": null,
            "reinvestment_rate": 81.03,
            "research_to_sale_ratio": null,
            "price_fair": 210.96,
            "eps_avg_yearly": 6.03,
            "eps_latest_yearly": 6.92,
            "eps_growth_yearly": 68.39
        },
        "20081": {
            "year_quarter": 20081,
            "year": 2008,
            "quarter": 1,
            "eps": 1.71,
            "eps_growth_year": 0,
            "eps_4q": 4.8,
            "eps_4q_growth_year": -27.61,
            "roe": 6.01,
            "roe_4q": 26.8,
            "gross_profit": 596017,
            "gross_margin": 11.15,
            "gross_margin_4q_avg": 10.96,
            "net_income": 359088,
            "revenue": 5344854,
            "common_shares": 1415307,
            "book_valuer_per_share": 31.93,
            "book_valuer_per_share_4q_avg": 30.85,
            "equity": 5923479,
            "current_ratio": 144.56,
            "debt_ratio": 56.24,
            "inventory_turnover_ratio": 4.87,
            "account_receivable_turnover_ratio": null,
            "reinvestment_rate": 94.54,
            "research_to_sale_ratio": null,
            "price_fair": 221.99,
            "eps_avg_yearly": 6.34,
            "eps_latest_yearly": 6.84,
            "eps_growth_yearly": 76.79
        },
        "20082": {
            "year_quarter": 20082,
            "year": 2008,
            "quarter": 2,
            "eps": 1.56,
            "eps_growth_year": -22.39,
            "eps_4q": 4.11,
            "eps_4q_growth_year": -39.03,
            "roe": 6.3,
            "roe_4q": 25.459999999999997,
            "gross_profit": 639192,
            "gross_margin": 12.65,
            "gross_margin_4q_avg": 11.2,
            "net_income": 373143,
            "revenue": 5051499,
            "common_shares": 1415307,
            "book_valuer_per_share": 31.66,
            "book_valuer_per_share_4q_avg": 32.05,
            "equity": 5926509,
            "current_ratio": 144.76,
            "debt_ratio": 56.91,
            "inventory_turnover_ratio": 5.38,
            "account_receivable_turnover_ratio": null,
            "reinvestment_rate": 85.21,
            "research_to_sale_ratio": null,
            "price_fair": 229.78,
            "eps_avg_yearly": 6.57,
            "eps_latest_yearly": 6.24,
            "eps_growth_yearly": 62.38
        },
        "20083": {
            "year_quarter": 20083,
            "year": 2008,
            "quarter": 3,
            "eps": 1.34,
            "eps_growth_year": -23.43,
            "eps_4q": 4.12,
            "eps_4q_growth_year": -16.44,
            "roe": 5.1,
            "roe_4q": 23.339999999999996,
            "gross_profit": 542988,
            "gross_margin": 11.36,
            "gross_margin_4q_avg": 11.52,
            "net_income": 312144,
            "revenue": 4780055,
            "common_shares": 1672445,
            "book_valuer_per_share": 28.26,
            "book_valuer_per_share_4q_avg": 31.19,
            "equity": 6303065,
            "current_ratio": 144.48,
            "debt_ratio": 55.6,
            "inventory_turnover_ratio": 4.78,
            "account_receivable_turnover_ratio": null,
            "reinvestment_rate": 85.64,
            "research_to_sale_ratio": null,
            "price_fair": 235.2,
            "eps_avg_yearly": 6.72,
            "eps_latest_yearly": 5.36,
            "eps_growth_yearly": 56.99
        },
        "20084": {
            "year_quarter": 20084,
            "year": 2008,
            "quarter": 4,
            "eps": 0.22,
            "eps_growth_year": -87.28,
            "eps_4q": 3.05,
            "eps_4q_growth_year": -36.45,
            "roe": 0.83,
            "roe_4q": 18.240000000000002,
            "gross_profit": 203189,
            "gross_margin": 5.63,
            "gross_margin_4q_avg": 10.2,
            "net_income": 54307,
            "revenue": 3610848,
            "common_shares": 1672444,
            "book_valuer_per_share": 30.53,
            "book_valuer_per_share_4q_avg": 30.6,
            "equity": 6731742,
            "current_ratio": 160.23,
            "debt_ratio": 49.3,
            "inventory_turnover_ratio": 3.88,
            "account_receivable_turnover_ratio": 1.72,
            "reinvestment_rate": 62.03,
            "research_to_sale_ratio": null,
            "price_fair": 233.28,
            "eps_avg_yearly": 6.67,
            "eps_latest_yearly": 0.88,
            "eps_growth_yearly": 45.81
        },
        "20091": {
            "year_quarter": 20091,
            "year": 2009,
            "quarter": 1,
            "eps": 0.64,
            "eps_growth_year": -62.57,
            "eps_4q": 2.87,
            "eps_4q_growth_year": -40.24,
            "roe": 2,
            "roe_4q": 14.23,
            "gross_profit": 293449,
            "gross_margin": 7.75,
            "gross_margin_4q_avg": 9.35,
            "net_income": 138423,
            "revenue": 3786827,
            "common_shares": 1672445,
            "book_valuer_per_share": 32.21,
            "book_valuer_per_share_4q_avg": 30.67,
            "equity": 7105206,
            "current_ratio": 165.89,
            "debt_ratio": 47.05,
            "inventory_turnover_ratio": 3.65,
            "account_receivable_turnover_ratio": 0.88,
            "reinvestment_rate": 60.37,
            "research_to_sale_ratio": null,
            "price_fair": 234.68,
            "eps_avg_yearly": 6.71,
            "eps_latest_yearly": 2.56,
            "eps_growth_yearly": 91.27
        },
        "20092": {
            "year_quarter": 20092,
            "year": 2009,
            "quarter": 2,
            "eps": 2.26,
            "eps_growth_year": 44.87,
            "eps_4q": 3.27,
            "eps_4q_growth_year": -20.54,
            "roe": 7.43,
            "roe_4q": 15.36,
            "gross_profit": 697023,
            "gross_margin": 9.31,
            "gross_margin_4q_avg": 8.51,
            "net_income": 526753,
            "revenue": 7485007,
            "common_shares": 1672444,
            "book_valuer_per_share": 32.08,
            "book_valuer_per_share_4q_avg": 30.77,
            "equity": 7080183,
            "current_ratio": 135.07,
            "debt_ratio": 59.29,
            "inventory_turnover_ratio": 5.37,
            "account_receivable_turnover_ratio": 1.19,
            "reinvestment_rate": 57.09,
            "research_to_sale_ratio": null,
            "price_fair": 240.8,
            "eps_avg_yearly": 6.88,
            "eps_latest_yearly": 9.04,
            "eps_growth_yearly": 98.3
        },
        "20093": {
            "year_quarter": 20093,
            "year": 2009,
            "quarter": 3,
            "eps": 2.12,
            "eps_growth_year": 58.21,
            "eps_4q": 3.66,
            "eps_4q_growth_year": -11.1,
            "roe": 7.31,
            "roe_4q": 17.569999999999997,
            "gross_profit": 894932,
            "gross_margin": 9.89,
            "gross_margin_4q_avg": 8.15,
            "net_income": 528307,
            "revenue": 9046213,
            "common_shares": 1787766,
            "book_valuer_per_share": 31.47,
            "book_valuer_per_share_4q_avg": 31.57,
            "equity": 7381304,
            "current_ratio": 131.38,
            "debt_ratio": 63.77,
            "inventory_turnover_ratio": 4.76,
            "account_receivable_turnover_ratio": 0.95,
            "reinvestment_rate": 46.33,
            "research_to_sale_ratio": null,
            "price_fair": 240.28,
            "eps_avg_yearly": 6.87,
            "eps_latest_yearly": 8.48,
            "eps_growth_yearly": 86.82
        },
        "20094": {
            "year_quarter": 20094,
            "year": 2009,
            "quarter": 4,
            "eps": 1.97,
            "eps_growth_year": 795.45,
            "eps_4q": 6.66,
            "eps_4q_growth_year": 118.12,
            "roe": 6.32,
            "roe_4q": 23.06,
            "gross_profit": 881910,
            "gross_margin": 9.59,
            "gross_margin_4q_avg": 9.14,
            "net_income": 484085,
            "revenue": 9192508,
            "common_shares": 1787765,
            "book_valuer_per_share": 34.09,
            "book_valuer_per_share_4q_avg": 32.46,
            "equity": 7929853,
            "current_ratio": 138.39,
            "debt_ratio": 61.09,
            "inventory_turnover_ratio": 4.69,
            "account_receivable_turnover_ratio": 1.58,
            "reinvestment_rate": 172.91,
            "research_to_sale_ratio": null,
            "price_fair": 236.95,
            "eps_avg_yearly": 6.77,
            "eps_latest_yearly": 7.88,
            "eps_growth_yearly": 83.1
        },
        "20101": {
            "year_quarter": 20101,
            "year": 2010,
            "quarter": 1,
            "eps": 1.85,
            "eps_growth_year": 189.06,
            "eps_4q": 7.47,
            "eps_4q_growth_year": 160.57,
            "roe": 5.63,
            "roe_4q": 26.689999999999998,
            "gross_profit": 897066,
            "gross_margin": 10.33,
            "gross_margin_4q_avg": 9.78,
            "net_income": 495560,
            "revenue": 8686596,
            "common_shares": 1987766,
            "book_valuer_per_share": 38.65,
            "book_valuer_per_share_4q_avg": 34.07,
            "equity": 9665366,
            "current_ratio": 148.16,
            "debt_ratio": 57,
            "inventory_turnover_ratio": 4.53,
            "account_receivable_turnover_ratio": 0.74,
            "reinvestment_rate": 189.44,
            "research_to_sale_ratio": 0.58,
            "price_fair": 233.19,
            "eps_avg_yearly": 6.66,
            "eps_latest_yearly": 7.4,
            "eps_growth_yearly": 82.32
        },
        "20102": {
            "year_quarter": 20102,
            "year": 2010,
            "quarter": 2,
            "eps": 2.32,
            "eps_growth_year": 2.78,
            "eps_4q": 7.27,
            "eps_4q_growth_year": 122.57,
            "roe": 6.91,
            "roe_4q": 26.169999999999998,
            "gross_profit": 1087501,
            "gross_margin": 10.5,
            "gross_margin_4q_avg": 10.08,
            "net_income": 674832,
            "revenue": 10359502,
            "common_shares": 2184442,
            "book_valuer_per_share": 35.63,
            "book_valuer_per_share_4q_avg": 34.96,
            "equity": 9855387,
            "current_ratio": 138,
            "debt_ratio": 59.93,
            "inventory_turnover_ratio": 4.59,
            "account_receivable_turnover_ratio": 0.86,
            "reinvestment_rate": 62.68,
            "research_to_sale_ratio": 0.51,
            "price_fair": 242.38,
            "eps_avg_yearly": 6.93,
            "eps_latest_yearly": 9.28,
            "eps_growth_yearly": 99.74
        },
        "20103": {
            "year_quarter": 20103,
            "year": 2010,
            "quarter": 3,
            "eps": 2.04,
            "eps_growth_year": -3.87,
            "eps_4q": 7.56,
            "eps_4q_growth_year": 106.43,
            "roe": 6.13,
            "roe_4q": 24.99,
            "gross_profit": 1109987,
            "gross_margin": 10.04,
            "gross_margin_4q_avg": 10.12,
            "net_income": 614715,
            "revenue": 11057984,
            "common_shares": 2184442,
            "book_valuer_per_share": 36.84,
            "book_valuer_per_share_4q_avg": 36.3,
            "equity": 10192124,
            "current_ratio": 137.92,
            "debt_ratio": 60.11,
            "inventory_turnover_ratio": 4.33,
            "account_receivable_turnover_ratio": 0.87,
            "reinvestment_rate": 64.49,
            "research_to_sale_ratio": 0.6,
            "price_fair": 240.63,
            "eps_avg_yearly": 6.88,
            "eps_latest_yearly": 8.16,
            "eps_growth_yearly": 77.63
        },
        "20104": {
            "year_quarter": 20104,
            "year": 2010,
            "quarter": 4,
            "eps": 1.5,
            "eps_growth_year": -23.78,
            "eps_4q": 7.44,
            "eps_4q_growth_year": 11.72,
            "roe": 4.8,
            "roe_4q": 23.47,
            "gross_profit": 995714,
            "gross_margin": 9.52,
            "gross_margin_4q_avg": 10.1,
            "net_income": 493441,
            "revenue": 10460727,
            "common_shares": 2184442,
            "book_valuer_per_share": 36.39,
            "book_valuer_per_share_4q_avg": 36.88,
            "equity": 10359305,
            "current_ratio": 143.84,
            "debt_ratio": 57.32,
            "inventory_turnover_ratio": 4.17,
            "account_receivable_turnover_ratio": 0.84,
            "reinvestment_rate": 60.31,
            "research_to_sale_ratio": 0.64,
            "price_fair": 233.89,
            "eps_avg_yearly": 6.68,
            "eps_latest_yearly": 6,
            "eps_growth_yearly": 70.68
        },
        "20111": {
            "year_quarter": 20111,
            "year": 2011,
            "quarter": 1,
            "eps": 1.59,
            "eps_growth_year": -14.05,
            "eps_4q": 7.42,
            "eps_4q_growth_year": -0.72,
            "roe": 4.79,
            "roe_4q": 22.63,
            "gross_profit": 952625,
            "gross_margin": 9.17,
            "gross_margin_4q_avg": 9.81,
            "net_income": 510707,
            "revenue": 10388304,
            "common_shares": 2184442,
            "book_valuer_per_share": 38.32,
            "book_valuer_per_share_4q_avg": 36.8,
            "equity": 10967637,
            "current_ratio": 137.3,
            "debt_ratio": 60.13,
            "inventory_turnover_ratio": 3.8,
            "account_receivable_turnover_ratio": 0.8,
            "reinvestment_rate": 69.71,
            "research_to_sale_ratio": 0.73,
            "price_fair": 232.84,
            "eps_avg_yearly": 6.65,
            "eps_latest_yearly": 6.36,
            "eps_growth_yearly": 78.35
        },
        "20112": {
            "year_quarter": 20112,
            "year": 2011,
            "quarter": 2,
            "eps": 1.56,
            "eps_growth_year": -32.97,
            "eps_4q": 6.21,
            "eps_4q_growth_year": -14.61,
            "roe": 5.28,
            "roe_4q": 21,
            "gross_profit": 1109310,
            "gross_margin": 8.91,
            "gross_margin_4q_avg": 9.41,
            "net_income": 569632,
            "revenue": 12452388,
            "common_shares": 2184442,
            "book_valuer_per_share": 36.57,
            "book_valuer_per_share_4q_avg": 37.03,
            "equity": 10588718,
            "current_ratio": 127.06,
            "debt_ratio": 64.18,
            "inventory_turnover_ratio": 3.76,
            "account_receivable_turnover_ratio": 0.85,
            "reinvestment_rate": 76.44,
            "research_to_sale_ratio": 0.64,
            "price_fair": 228.9,
            "eps_avg_yearly": 6.54,
            "eps_latest_yearly": 6.24,
            "eps_growth_yearly": 73.49
        },
        "20113": {
            "year_quarter": 20113,
            "year": 2011,
            "quarter": 3,
            "eps": 1.7,
            "eps_growth_year": -16.35,
            "eps_4q": 6.07,
            "eps_4q_growth_year": -19.72,
            "roe": 5.5,
            "roe_4q": 20.37,
            "gross_profit": 1108414,
            "gross_margin": 8.61,
            "gross_margin_4q_avg": 9.05,
            "net_income": 615947,
            "revenue": 12875704,
            "common_shares": 2402886,
            "book_valuer_per_share": 36.85,
            "book_valuer_per_share_4q_avg": 37.03,
            "equity": 11820431,
            "current_ratio": 131.01,
            "debt_ratio": 63.06,
            "inventory_turnover_ratio": 4.01,
            "account_receivable_turnover_ratio": 0.82,
            "reinvestment_rate": 77.56,
            "research_to_sale_ratio": 0.68,
            "price_fair": 228.46,
            "eps_avg_yearly": 6.53,
            "eps_latest_yearly": 6.8,
            "eps_growth_yearly": 78.97
        },
        "20114": {
            "year_quarter": 20114,
            "year": 2011,
            "quarter": 4,
            "eps": 0.77,
            "eps_growth_year": -48.61,
            "eps_4q": 5.48,
            "eps_4q_growth_year": -26.3,
            "roe": 2.53,
            "roe_4q": 18.099999999999998,
            "gross_profit": 739431,
            "gross_margin": 6.91,
            "gross_margin_4q_avg": 8.4,
            "net_income": 300902,
            "revenue": 10703003,
            "common_shares": 2402886,
            "book_valuer_per_share": 37.59,
            "book_valuer_per_share_4q_avg": 37.33,
            "equity": 11952242,
            "current_ratio": 138.73,
            "debt_ratio": 61.17,
            "inventory_turnover_ratio": 3.57,
            "account_receivable_turnover_ratio": 0.72,
            "reinvestment_rate": 76.6,
            "research_to_sale_ratio": 0.87,
            "price_fair": 220.06,
            "eps_avg_yearly": 6.29,
            "eps_latest_yearly": 3.08,
            "eps_growth_yearly": 65.58
        },
        "20121": {
            "year_quarter": 20121,
            "year": 2012,
            "quarter": 1,
            "eps": 0.96,
            "eps_growth_year": -39.62,
            "eps_4q": 4.99,
            "eps_4q_growth_year": -32.74,
            "roe": 3,
            "roe_4q": 16.31,
            "gross_profit": 874592,
            "gross_margin": 7.09,
            "gross_margin_4q_avg": 7.88,
            "net_income": 360170,
            "revenue": 12339376,
            "common_shares": 2402887,
            "book_valuer_per_share": 37.64,
            "book_valuer_per_share_4q_avg": 37.16,
            "equity": 12021544,
            "current_ratio": 139.5,
            "debt_ratio": 62.12,
            "inventory_turnover_ratio": 3.83,
            "account_receivable_turnover_ratio": 0.85,
            "reinvestment_rate": 74.88,
            "research_to_sale_ratio": 0.77,
            "price_fair": 213.5,
            "eps_avg_yearly": 6.1,
            "eps_latest_yearly": 3.84,
            "eps_growth_yearly": 72.03
        },
        "20122": {
            "year_quarter": 20122,
            "year": 2012,
            "quarter": 2,
            "eps": 0.92,
            "eps_growth_year": -40.78,
            "eps_4q": 4.13,
            "eps_4q_growth_year": -33.49,
            "roe": 3.06,
            "roe_4q": 14.09,
            "gross_profit": 914400,
            "gross_margin": 7.04,
            "gross_margin_4q_avg": 7.41,
            "net_income": 366527,
            "revenue": 12994106,
            "common_shares": 2402886,
            "book_valuer_per_share": 37.13,
            "book_valuer_per_share_4q_avg": 37.3,
            "equity": 11904139,
            "current_ratio": 133.11,
            "debt_ratio": 65.33,
            "inventory_turnover_ratio": 3.8,
            "account_receivable_turnover_ratio": 0.79,
            "reinvestment_rate": 79.39,
            "research_to_sale_ratio": 0.8,
            "price_fair": 207.9,
            "eps_avg_yearly": 5.94,
            "eps_latest_yearly": 3.68,
            "eps_growth_yearly": 73.19
        },
        "20123": {
            "year_quarter": 20123,
            "year": 2012,
            "quarter": 3,
            "eps": 1.06,
            "eps_growth_year": -37.73,
            "eps_4q": 3.6,
            "eps_4q_growth_year": -40.75,
            "roe": 3.21,
            "roe_4q": 11.799999999999999,
            "gross_profit": 904815,
            "gross_margin": 6.94,
            "gross_margin_4q_avg": 7,
            "net_income": 384441,
            "revenue": 13040178,
            "common_shares": 2571729,
            "book_valuer_per_share": 35.07,
            "book_valuer_per_share_4q_avg": 36.86,
            "equity": 12055835,
            "current_ratio": 133.44,
            "debt_ratio": 64.77,
            "inventory_turnover_ratio": 3.69,
            "account_receivable_turnover_ratio": 0.74,
            "reinvestment_rate": 79.99,
            "research_to_sale_ratio": 0.87,
            "price_fair": 205.45,
            "eps_avg_yearly": 5.87,
            "eps_latest_yearly": 4.24,
            "eps_growth_yearly": 80.52
        },
        "20124": {
            "year_quarter": 20124,
            "year": 2012,
            "quarter": 4,
            "eps": 1.12,
            "eps_growth_year": 45.15,
            "eps_4q": 4,
            "eps_4q_growth_year": -27.05,
            "roe": 3.32,
            "roe_4q": 12.59,
            "gross_profit": 888006,
            "gross_margin": 7.75,
            "gross_margin_4q_avg": 7.21,
            "net_income": 403099,
            "revenue": 11461210,
            "common_shares": 2571728,
            "book_valuer_per_share": 35.94,
            "book_valuer_per_share_4q_avg": 36.45,
            "equity": 12256048,
            "current_ratio": 140.51,
            "debt_ratio": 61.5,
            "inventory_turnover_ratio": 3.73,
            "account_receivable_turnover_ratio": 0.7,
            "reinvestment_rate": 81.41,
            "research_to_sale_ratio": 0.95,
            "price_fair": 213.33,
            "eps_avg_yearly": 6.1,
            "eps_latest_yearly": 4.48,
            "eps_growth_yearly": 102.83
        },
        "20131": {
            "year_quarter": 20131,
            "year": 2013,
            "quarter": 1,
            "eps": 1.23,
            "eps_growth_year": 28.12,
            "eps_4q": 4.34,
            "eps_4q_growth_year": -13.07,
            "roe": 3.46,
            "roe_4q": 13.049999999999999,
            "gross_profit": 931900,
            "gross_margin": 8.4,
            "gross_margin_4q_avg": 7.53,
            "net_income": 439265,
            "revenue": 11093341,
            "common_shares": 2571728,
            "book_valuer_per_share": 38.58,
            "book_valuer_per_share_4q_avg": 36.68,
            "equity": 13138013,
            "current_ratio": 148.08,
            "debt_ratio": 58.12,
            "inventory_turnover_ratio": 4.45,
            "account_receivable_turnover_ratio": 0.75,
            "reinvestment_rate": 80.79,
            "research_to_sale_ratio": 0.98,
            "price_fair": 218.49,
            "eps_avg_yearly": 6.24,
            "eps_latest_yearly": 4.92,
            "eps_growth_yearly": 57.55
        },
        "20132": {
            "year_quarter": 20132,
            "year": 2013,
            "quarter": 2,
            "eps": 0.97,
            "eps_growth_year": 5.2,
            "eps_4q": 4.22,
            "eps_4q_growth_year": 2.17,
            "roe": 2.74,
            "roe_4q": 12.73,
            "gross_profit": 866260,
            "gross_margin": 7.73,
            "gross_margin_4q_avg": 7.71,
            "net_income": 359044,
            "revenue": 11210429,
            "common_shares": 2571728,
            "book_valuer_per_share": 38.43,
            "book_valuer_per_share_4q_avg": 37.01,
            "equity": 13099891,
            "current_ratio": 142.3,
            "debt_ratio": 58.73,
            "inventory_turnover_ratio": 5.02,
            "account_receivable_turnover_ratio": 0.77,
            "reinvestment_rate": 83.83,
            "research_to_sale_ratio": 1.01,
            "price_fair": 17.76,
            "eps_avg_yearly": 5.92,
            "eps_latest_yearly": 3.88,
            "eps_growth_yearly": -11.01
        },
        "20133": {
            "year_quarter": 20133,
            "year": 2013,
            "quarter": 3,
            "eps": 1.12,
            "eps_growth_year": 5.51,
            "eps_4q": 4.33,
            "eps_4q_growth_year": 20.22,
            "roe": 3.11,
            "roe_4q": 12.629999999999999,
            "gross_profit": 897195,
            "gross_margin": 8.98,
            "gross_margin_4q_avg": 8.22,
            "net_income": 410632,
            "revenue": 9989635,
            "common_shares": 2700315,
            "book_valuer_per_share": 37.11,
            "book_valuer_per_share_4q_avg": 37.52,
            "equity": 13319635,
            "current_ratio": 148.69,
            "debt_ratio": 55.93,
            "inventory_turnover_ratio": 4.82,
            "account_receivable_turnover_ratio": 0.71,
            "reinvestment_rate": 87.6,
            "research_to_sale_ratio": 1.09,
            "price_fair": 17.01,
            "eps_avg_yearly": 5.67,
            "eps_latest_yearly": 4.48,
            "eps_growth_yearly": -5.6
        },
        "20134": {
            "year_quarter": 20134,
            "year": 2013,
            "quarter": 4,
            "eps": 1.21,
            "eps_growth_year": 7.79,
            "eps_4q": 4.47,
            "eps_4q_growth_year": 11.74,
            "roe": 3.16,
            "roe_4q": 12.469999999999999,
            "gross_profit": 899705,
            "gross_margin": 10.05,
            "gross_margin_4q_avg": 8.79,
            "net_income": 428614,
            "revenue": 8951931,
            "common_shares": 2700315,
            "book_valuer_per_share": 38.78,
            "book_valuer_per_share_4q_avg": 38.23,
            "equity": 13804886,
            "current_ratio": 151.18,
            "debt_ratio": 53.75,
            "inventory_turnover_ratio": 4.41,
            "account_receivable_turnover_ratio": 0.72,
            "reinvestment_rate": -22.38,
            "research_to_sale_ratio": 1.27,
            "price_fair": 16.44,
            "eps_avg_yearly": 5.48,
            "eps_latest_yearly": 4.84,
            "eps_growth_yearly": -1.82
        },
        "20141": {
            "year_quarter": 20141,
            "year": 2014,
            "quarter": 1,
            "eps": 0.39,
            "eps_growth_year": -68.29,
            "eps_4q": 3.68,
            "eps_4q_growth_year": -15.08,
            "roe": 0.92,
            "roe_4q": 9.93,
            "gross_profit": 716898,
            "gross_margin": 9.34,
            "gross_margin_4q_avg": 9.03,
            "net_income": 129156,
            "revenue": 7673696,
            "common_shares": 2700315,
            "book_valuer_per_share": 39.94,
            "book_valuer_per_share_4q_avg": 38.57,
            "equity": 14202590,
            "current_ratio": 155.92,
            "debt_ratio": 51.96,
            "inventory_turnover_ratio": 4.16,
            "account_receivable_turnover_ratio": 0.68,
            "reinvestment_rate": -41,
            "research_to_sale_ratio": 1.4,
            "price_fair": 15.35,
            "eps_avg_yearly": 5.12,
            "eps_latest_yearly": 1.56,
            "eps_growth_yearly": -17.24
        },
        "20142": {
            "year_quarter": 20142,
            "year": 2014,
            "quarter": 2,
            "eps": 0.87,
            "eps_growth_year": -10.31,
            "eps_4q": 3.49,
            "eps_4q_growth_year": -17.39,
            "roe": 2.49,
            "roe_4q": 9.68,
            "gross_profit": 871721,
            "gross_margin": 9.98,
            "gross_margin_4q_avg": 9.59,
            "net_income": 347363,
            "revenue": 8734558,
            "common_shares": 2700315,
            "book_valuer_per_share": 38.24,
            "book_valuer_per_share_4q_avg": 38.52,
            "equity": 13706962,
            "current_ratio": 145.8,
            "debt_ratio": 54.74,
            "inventory_turnover_ratio": 4.55,
            "account_receivable_turnover_ratio": 0.78,
            "reinvestment_rate": 65.51,
            "research_to_sale_ratio": 1.3,
            "price_fair": 81.65,
            "eps_avg_yearly": 4.75,
            "eps_latest_yearly": 3.48,
            "eps_growth_yearly": 7.18
        },
        "20143": {
            "year_quarter": 20143,
            "year": 2014,
            "quarter": 3,
            "eps": 1.21,
            "eps_growth_year": 8.04,
            "eps_4q": 3.62,
            "eps_4q_growth_year": -16.28,
            "roe": 3.09,
            "roe_4q": 9.66,
            "gross_profit": 799031,
            "gross_margin": 8.8,
            "gross_margin_4q_avg": 9.54,
            "net_income": 372926,
            "revenue": 9079059,
            "common_shares": 2813078,
            "book_valuer_per_share": 36.84,
            "book_valuer_per_share_4q_avg": 38.45,
            "equity": 10422309,
            "current_ratio": 124.34,
            "debt_ratio": 65.41,
            "inventory_turnover_ratio": 4.41,
            "account_receivable_turnover_ratio": 0.76,
            "reinvestment_rate": 67.43,
            "research_to_sale_ratio": 1.36,
            "price_fair": 136.2,
            "eps_avg_yearly": 4.55,
            "eps_latest_yearly": 4.84,
            "eps_growth_yearly": 19.97
        },
        "20144": {
            "year_quarter": 20144,
            "year": 2014,
            "quarter": 4,
            "eps": 1.31,
            "eps_growth_year": 8.65,
            "eps_4q": 3.77,
            "eps_4q_growth_year": -15.5,
            "roe": 3.46,
            "roe_4q": 9.959999999999999,
            "gross_profit": 875137,
            "gross_margin": 10.33,
            "gross_margin_4q_avg": 9.61,
            "net_income": 374602,
            "revenue": 8474299,
            "common_shares": 2813318,
            "book_valuer_per_share": 39.74,
            "book_valuer_per_share_4q_avg": 38.69,
            "equity": 11243685,
            "current_ratio": 135.75,
            "debt_ratio": 62.54,
            "inventory_turnover_ratio": 4.08,
            "account_receivable_turnover_ratio": 0.69,
            "reinvestment_rate": 66.61,
            "research_to_sale_ratio": 1.42,
            "price_fair": 157.41,
            "eps_avg_yearly": 4.5,
            "eps_latest_yearly": 5.24,
            "eps_growth_yearly": 28.65
        },
        "20151": {
            "year_quarter": 20151,
            "year": 2015,
            "quarter": 1,
            "eps": 0.92,
            "eps_growth_year": 135.9,
            "eps_4q": 4.32,
            "eps_4q_growth_year": 17.28,
            "roe": 2.28,
            "roe_4q": 11.32,
            "gross_profit": 542192,
            "gross_margin": 7.56,
            "gross_margin_4q_avg": 9.17,
            "net_income": 257184,
            "revenue": 7174700,
            "common_shares": 2813318,
            "book_valuer_per_share": 40.08,
            "book_valuer_per_share_4q_avg": 38.73,
            "equity": 11337169,
            "current_ratio": 142.21,
            "debt_ratio": 59.85,
            "inventory_turnover_ratio": 3.66,
            "account_receivable_turnover_ratio": 0.61,
            "reinvestment_rate": 49.88,
            "research_to_sale_ratio": 1.57,
            "price_fair": 128.64,
            "eps_avg_yearly": 4.33,
            "eps_latest_yearly": 3.68,
            "eps_growth_yearly": 19.71
        },
        "20152": {
            "year_quarter": 20152,
            "year": 2015,
            "quarter": 2,
            "eps": 0.66,
            "eps_growth_year": -24.14,
            "eps_4q": 3.95,
            "eps_4q_growth_year": 13.2,
            "roe": 1.71,
            "roe_4q": 10.54,
            "gross_profit": 640729,
            "gross_margin": 8.94,
            "gross_margin_4q_avg": 8.91,
            "net_income": 190619,
            "revenue": 7164889,
            "common_shares": 2813318,
            "book_valuer_per_share": 38.57,
            "book_valuer_per_share_4q_avg": 38.81,
            "equity": 10906269,
            "current_ratio": 145.51,
            "debt_ratio": 60.32,
            "inventory_turnover_ratio": 3.57,
            "account_receivable_turnover_ratio": 0.69,
            "reinvestment_rate": 31.29,
            "research_to_sale_ratio": 1.61,
            "price_fair": 94.89,
            "eps_avg_yearly": 4.11,
            "eps_latest_yearly": 2.64,
            "eps_growth_yearly": 13.11
        },
        "20153": {
            "year_quarter": 20153,
            "year": 2015,
            "quarter": 3,
            "eps": 0.78,
            "eps_growth_year": -35.54,
            "eps_4q": 3.6,
            "eps_4q_growth_year": -0.58,
            "roe": 1.96,
            "roe_4q": 9.41,
            "gross_profit": 792268,
            "gross_margin": 10.02,
            "gross_margin_4q_avg": 9.21,
            "net_income": 224143,
            "revenue": 7903835,
            "common_shares": 2953984,
            "book_valuer_per_share": 40.62,
            "book_valuer_per_share_4q_avg": 39.75,
            "equity": 11942977,
            "current_ratio": 140.7,
            "debt_ratio": 59.07,
            "inventory_turnover_ratio": 3.63,
            "account_receivable_turnover_ratio": 0.73,
            "reinvestment_rate": 24.04,
            "research_to_sale_ratio": 1.6,
            "price_fair": 98.49,
            "eps_avg_yearly": 3.88,
            "eps_latest_yearly": 3.12,
            "eps_growth_yearly": 15.42
        },
        "20154": {
            "year_quarter": 20154,
            "year": 2015,
            "quarter": 4,
            "eps": 0.73,
            "eps_growth_year": -44.44,
            "eps_4q": 3.07,
            "eps_4q_growth_year": -18.59,
            "roe": 1.65,
            "roe_4q": 7.6,
            "gross_profit": 724568,
            "gross_margin": 9.17,
            "gross_margin_4q_avg": 8.92,
            "net_income": 197192,
            "revenue": 7901745,
            "common_shares": 2953984,
            "book_valuer_per_share": 40.75,
            "book_valuer_per_share_4q_avg": 40.01,
            "equity": 11946359,
            "current_ratio": 140.61,
            "debt_ratio": 58.5,
            "inventory_turnover_ratio": 3.43,
            "account_receivable_turnover_ratio": 0.67,
            "reinvestment_rate": 18.24,
            "research_to_sale_ratio": 1.67,
            "price_fair": 135.28,
            "eps_avg_yearly": 3.87,
            "eps_latest_yearly": 2.92,
            "eps_growth_yearly": 27.49
        },
        "20161": {
            "year_quarter": 20161,
            "year": 2016,
            "quarter": 1,
            "eps": 0.71,
            "eps_growth_year": -22.83,
            "eps_4q": 2.9,
            "eps_4q_growth_year": -32.9,
            "roe": 1.71,
            "roe_4q": 7.03,
            "gross_profit": 654958,
            "gross_margin": 9.59,
            "gross_margin_4q_avg": 9.43,
            "net_income": 203064,
            "revenue": 6829218,
            "common_shares": 2953984,
            "book_valuer_per_share": 40.49,
            "book_valuer_per_share_4q_avg": 40.11,
            "equity": 11864042,
            "current_ratio": 142.23,
            "debt_ratio": 56.57,
            "inventory_turnover_ratio": 2.97,
            "account_receivable_turnover_ratio": 0.64,
            "reinvestment_rate": 15.39,
            "research_to_sale_ratio": 1.84,
            "price_fair": 116.5,
            "eps_avg_yearly": 3.8,
            "eps_latest_yearly": 2.84,
            "eps_growth_yearly": 20.64
        },
        "20162": {
            "year_quarter": 20162,
            "year": 2016,
            "quarter": 2,
            "eps": 0.14,
            "eps_growth_year": -78.79,
            "eps_4q": 2.37,
            "eps_4q_growth_year": -39.85,
            "roe": 0.27,
            "roe_4q": 5.59,
            "gross_profit": 522461,
            "gross_margin": 8.11,
            "gross_margin_4q_avg": 9.22,
            "net_income": 31793,
            "revenue": 6440279,
            "common_shares": 2953984,
            "book_valuer_per_share": 39.11,
            "book_valuer_per_share_4q_avg": 40.24,
            "equity": 11458105,
            "current_ratio": 138.83,
            "debt_ratio": 56.86,
            "inventory_turnover_ratio": 2.86,
            "account_receivable_turnover_ratio": 0.67,
            "reinvestment_rate": 9.12,
            "research_to_sale_ratio": 1.9,
            "price_fair": 41.88,
            "eps_avg_yearly": 3.61,
            "eps_latest_yearly": 0.56,
            "eps_growth_yearly": 1.61
        },
        "20163": {
            "year_quarter": 20163,
            "year": 2016,
            "quarter": 3,
            "eps": 0.62,
            "eps_growth_year": -20.51,
            "eps_4q": 2.21,
            "eps_4q_growth_year": -38.59,
            "roe": 1.52,
            "roe_4q": 5.15,
            "gross_profit": 769002,
            "gross_margin": 9.26,
            "gross_margin_4q_avg": 9.03,
            "net_income": 172529,
            "revenue": 8304281,
            "common_shares": 2953984,
            "book_valuer_per_share": 38.28,
            "book_valuer_per_share_4q_avg": 39.66,
            "equity": 11203055,
            "current_ratio": 134.69,
            "debt_ratio": 59.58,
            "inventory_turnover_ratio": 3.47,
            "account_receivable_turnover_ratio": 0.81,
            "reinvestment_rate": -7.1,
            "research_to_sale_ratio": 1.49,
            "price_fair": 122.41,
            "eps_avg_yearly": 3.5,
            "eps_latest_yearly": 2.48,
            "eps_growth_yearly": 83.52
        },
        "20164": {
            "year_quarter": 20164,
            "year": 2016,
            "quarter": 4,
            "eps": 0.47,
            "eps_growth_year": -35.33,
            "eps_4q": 1.95,
            "eps_4q_growth_year": -36.41,
            "roe": 1.17,
            "roe_4q": 4.67,
            "gross_profit": 744986,
            "gross_margin": 8.79,
            "gross_margin_4q_avg": 8.94,
            "net_income": 133819,
            "revenue": 8472519,
            "common_shares": 2953984,
            "book_valuer_per_share": 39.65,
            "book_valuer_per_share_4q_avg": 39.38,
            "equity": 11603840,
            "current_ratio": 133.42,
            "debt_ratio": 60.93,
            "inventory_turnover_ratio": 3.32,
            "account_receivable_turnover_ratio": 0.73,
            "reinvestment_rate": -13.37,
            "research_to_sale_ratio": 1.39,
            "price_fair": 116.73,
            "eps_avg_yearly": 3.34,
            "eps_latest_yearly": 1.88,
            "eps_growth_yearly": 76.05
        },
        "20171": {
            "year_quarter": 20171,
            "year": 2017,
            "quarter": 1,
            "eps": 0.29,
            "eps_growth_year": -59.15,
            "eps_4q": 1.53,
            "eps_4q_growth_year": -47.3,
            "roe": 0.73,
            "roe_4q": 3.69,
            "gross_profit": 533611,
            "gross_margin": 7.8,
            "gross_margin_4q_avg": 8.49,
            "net_income": 81401,
            "revenue": 6841705,
            "common_shares": 2953984,
            "book_valuer_per_share": 37.03,
            "book_valuer_per_share_4q_avg": 38.52,
            "equity": 10835659,
            "current_ratio": 141.14,
            "debt_ratio": 58.25,
            "inventory_turnover_ratio": 3,
            "account_receivable_turnover_ratio": 0.62,
            "reinvestment_rate": -35.94,
            "research_to_sale_ratio": 1.68,
            "price_fair": 108.5,
            "eps_avg_yearly": 3.1,
            "eps_latest_yearly": 1.16,
            "eps_growth_yearly": 64.02
        },
        "20172": {
            "year_quarter": 20172,
            "year": 2017,
            "quarter": 2,
            "eps": 0.66,
            "eps_growth_year": 371.43,
            "eps_4q": 2.04,
            "eps_4q_growth_year": -14.11,
            "roe": 1.77,
            "roe_4q": 5.1899999999999995,
            "gross_profit": 547076,
            "gross_margin": 8.38,
            "gross_margin_4q_avg": 8.56,
            "net_income": 191171,
            "revenue": 6529309,
            "common_shares": 2953984,
            "book_valuer_per_share": 36.92,
            "book_valuer_per_share_4q_avg": 37.97,
            "equity": 10802885,
            "current_ratio": 145.4,
            "debt_ratio": 57.66,
            "inventory_turnover_ratio": 3.3,
            "account_receivable_turnover_ratio": 0.68,
            "reinvestment_rate": -44.17,
            "research_to_sale_ratio": 1.82,
            "price_fair": 105.79,
            "eps_avg_yearly": 3.02,
            "eps_latest_yearly": 2.64,
            "eps_growth_yearly": 101.21
        },
        "20173": {
            "year_quarter": 20173,
            "year": 2017,
            "quarter": 3,
            "eps": 1.03,
            "eps_growth_year": 66.13,
            "eps_4q": 2.44,
            "eps_4q_growth_year": 10.43,
            "roe": 2.74,
            "roe_4q": 6.41,
            "gross_profit": 534285,
            "gross_margin": 8.09,
            "gross_margin_4q_avg": 8.27,
            "net_income": 299320,
            "revenue": 6608299,
            "common_shares": 2953984,
            "book_valuer_per_share": 37.76,
            "book_valuer_per_share_4q_avg": 37.84,
            "equity": 11062718,
            "current_ratio": 149.6,
            "debt_ratio": 57.45,
            "inventory_turnover_ratio": 3.26,
            "account_receivable_turnover_ratio": 0.69,
            "reinvestment_rate": -50.51,
            "research_to_sale_ratio": 1.81,
            "price_fair": 105,
            "eps_avg_yearly": 3,
            "eps_latest_yearly": 4.12,
            "eps_growth_yearly": 111.35
        },
        "20174": {
            "year_quarter": 20174,
            "year": 2017,
            "quarter": 4,
            "eps": 0.67,
            "eps_growth_year": 41.34,
            "eps_4q": 2.64,
            "eps_4q_growth_year": 34.95,
            "roe": 1.69,
            "roe_4q": 6.93,
            "gross_profit": 497921,
            "gross_margin": 7.84,
            "gross_margin_4q_avg": 8.03,
            "net_income": 186222,
            "revenue": 6350721,
            "common_shares": 2953984,
            "book_valuer_per_share": 37.56,
            "book_valuer_per_share_4q_avg": 37.32,
            "equity": 11025968,
            "current_ratio": 150.12,
            "debt_ratio": 57.88,
            "inventory_turnover_ratio": 2.94,
            "account_receivable_turnover_ratio": 0.67,
            "reinvestment_rate": -64.8,
            "research_to_sale_ratio": 2.14,
            "price_fair": 100.28,
            "eps_avg_yearly": 2.87,
            "eps_latest_yearly": 2.68,
            "eps_growth_yearly": 100.61
        },
        "20181": {
            "year_quarter": 20181,
            "year": 2018,
            "quarter": 1,
            "eps": 0.43,
            "eps_growth_year": 48.28,
            "eps_4q": 2.78,
            "eps_4q_growth_year": 81.82,
            "roe": 1.1,
            "roe_4q": 7.300000000000001,
            "gross_profit": 430062,
            "gross_margin": 7.14,
            "gross_margin_4q_avg": 7.86,
            "net_income": 120500,
            "revenue": 6023923,
            "common_shares": 2953984,
            "book_valuer_per_share": 37.19,
            "book_valuer_per_share_4q_avg": 37.36,
            "equity": 10914350,
            "current_ratio": 150.74,
            "debt_ratio": 56.54,
            "inventory_turnover_ratio": 2.62,
            "account_receivable_turnover_ratio": 0.68,
            "reinvestment_rate": -77.07,
            "research_to_sale_ratio": 2.3,
            "price_fair": 100.63,
            "eps_avg_yearly": 2.88,
            "eps_latest_yearly": 1.72,
            "eps_growth_yearly": 108.6
        },
        "20182": {
            "year_quarter": 20182,
            "year": 2018,
            "quarter": 2,
            "eps": 0.03,
            "eps_growth_year": -95.45,
            "eps_4q": 2.15,
            "eps_4q_growth_year": 5.44,
            "roe": 0.04,
            "roe_4q": 5.57,
            "gross_profit": 691188,
            "gross_margin": 10.11,
            "gross_margin_4q_avg": 8.3,
            "net_income": 4673,
            "revenue": 6839198,
            "common_shares": 2953984,
            "book_valuer_per_share": 37.58,
            "book_valuer_per_share_4q_avg": 37.52,
            "equity": 11033353,
            "current_ratio": 143.97,
            "debt_ratio": 57.81,
            "inventory_turnover_ratio": 2.66,
            "account_receivable_turnover_ratio": 0.75,
            "reinvestment_rate": -72.98,
            "research_to_sale_ratio": 2.28,
            "price_fair": 93.28,
            "eps_avg_yearly": 2.67,
            "eps_latest_yearly": 0.12,
            "eps_growth_yearly": 54.57
        },
        "20183": {
            "year_quarter": 20183,
            "year": 2018,
            "quarter": 3,
            "eps": 0.77,
            "eps_growth_year": -25.24,
            "eps_4q": 1.89,
            "eps_4q_growth_year": -22.59,
            "roe": 1.91,
            "roe_4q": 4.74,
            "gross_profit": 1088945,
            "gross_margin": 12.47,
            "gross_margin_4q_avg": 9.39,
            "net_income": 212338,
            "revenue": 8729144,
            "common_shares": 2953984,
            "book_valuer_per_share": 38.25,
            "book_valuer_per_share_4q_avg": 37.65,
            "equity": 11217089,
            "current_ratio": 136.59,
            "debt_ratio": 60.72,
            "inventory_turnover_ratio": 2.9,
            "account_receivable_turnover_ratio": 0.79,
            "reinvestment_rate": -72.96,
            "research_to_sale_ratio": 1.96,
            "price_fair": 89.43,
            "eps_avg_yearly": 2.56,
            "eps_latest_yearly": 3.08,
            "eps_growth_yearly": 661.47
        },
        "20184": {
            "year_quarter": 20184,
            "year": 2018,
            "quarter": 4,
            "eps": 1.46,
            "eps_growth_year": 119.3,
            "eps_4q": 2.68,
            "eps_4q_growth_year": 1.83,
            "roe": 3.67,
            "roe_4q": 6.720000000000001,
            "gross_profit": 1167603,
            "gross_margin": 12.91,
            "gross_margin_4q_avg": 10.66,
            "net_income": 418164,
            "revenue": 9041823,
            "common_shares": 2923984,
            "book_valuer_per_share": 39.61,
            "book_valuer_per_share_4q_avg": 38.16,
            "equity": 11600843,
            "current_ratio": 137.02,
            "debt_ratio": 60.92,
            "inventory_turnover_ratio": 2.78,
            "account_receivable_turnover_ratio": 0.74,
            "reinvestment_rate": -61.99,
            "research_to_sale_ratio": 1.85,
            "price_fair": 90.74,
            "eps_avg_yearly": 2.59,
            "eps_latest_yearly": 5.84,
            "eps_growth_yearly": 681.8
        },
        "20191": {
            "year_quarter": 20191,
            "year": 2019,
            "quarter": 1,
            "eps": 1.64,
            "eps_growth_year": 281.4,
            "eps_4q": 3.9,
            "eps_4q_growth_year": 40.3,
            "roe": 4.05,
            "roe_4q": 9.669999999999998,
            "gross_profit": 930443,
            "gross_margin": 11.01,
            "gross_margin_4q_avg": 11.63,
            "net_income": 480621,
            "revenue": 8448489,
            "common_shares": 2923984,
            "book_valuer_per_share": 41.51,
            "book_valuer_per_share_4q_avg": 39.24,
            "equity": 12159307,
            "current_ratio": 145.15,
            "debt_ratio": 58.58,
            "inventory_turnover_ratio": 2.81,
            "account_receivable_turnover_ratio": 0.71,
            "reinvestment_rate": -42.04,
            "research_to_sale_ratio": 1.85,
            "price_fair": 97.04,
            "eps_avg_yearly": 2.77,
            "eps_latest_yearly": 6.56,
            "eps_growth_yearly": 692.33
        },
        "20192": {
            "year_quarter": 20192,
            "year": 2019,
            "quarter": 2,
            "eps": 1.59,
            "eps_growth_year": 5200,
            "eps_4q": 5.46,
            "eps_4q_growth_year": 154.16,
            "roe": 3.79,
            "roe_4q": 13.42,
            "gross_profit": 1197662,
            "gross_margin": 12.56,
            "gross_margin_4q_avg": 12.24,
            "net_income": 463504,
            "revenue": 9537962,
            "common_shares": 2923984,
            "book_valuer_per_share": 42.05,
            "book_valuer_per_share_4q_avg": 40.36,
            "equity": 12312710,
            "current_ratio": 141.13,
            "debt_ratio": 61.33,
            "inventory_turnover_ratio": 3.2,
            "account_receivable_turnover_ratio": 0.8,
            "reinvestment_rate": -37.12,
            "research_to_sale_ratio": 1.63,
            "price_fair": 105.18,
            "eps_avg_yearly": 3.01,
            "eps_latest_yearly": 6.36,
            "eps_growth_yearly": 698.63
        },
        "20193": {
            "year_quarter": 20193,
            "year": 2019,
            "quarter": 3,
            "eps": 1.59,
            "eps_growth_year": 106.49,
            "eps_4q": 6.28,
            "eps_4q_growth_year": 232.34,
            "roe": 3.69,
            "roe_4q": 15.200000000000001,
            "gross_profit": 1383833,
            "gross_margin": 13.58,
            "gross_margin_4q_avg": 12.52,
            "net_income": 460963,
            "revenue": 10192317,
            "common_shares": 2923984,
            "book_valuer_per_share": 43.25,
            "book_valuer_per_share_4q_avg": 41.61,
            "equity": 12659243,
            "current_ratio": 142.53,
            "debt_ratio": 61.67,
            "inventory_turnover_ratio": 2.99,
            "account_receivable_turnover_ratio": 0.81,
            "reinvestment_rate": -34.82,
            "research_to_sale_ratio": 1.63,
            "price_fair": 112.26,
            "eps_avg_yearly": 3.21,
            "eps_latest_yearly": 6.36,
            "eps_growth_yearly": 694.09
        },
        "20194": {
            "year_quarter": 20194,
            "year": 2019,
            "quarter": 4,
            "eps": 2.14,
            "eps_growth_year": 46.48,
            "eps_4q": 6.96,
            "eps_4q_growth_year": 159.26,
            "roe": 4.92,
            "roe_4q": 16.45,
            "gross_profit": 1217787,
            "gross_margin": 12.52,
            "gross_margin_4q_avg": 12.42,
            "net_income": 624490,
            "revenue": 9727605,
            "common_shares": 2923984,
            "book_valuer_per_share": 43.54,
            "book_valuer_per_share_4q_avg": 42.59,
            "equity": 12742412,
            "current_ratio": 142.56,
            "debt_ratio": 61.58,
            "inventory_turnover_ratio": 2.74,
            "account_receivable_turnover_ratio": 0.77,
            "reinvestment_rate": -29.46,
            "research_to_sale_ratio": 1.72,
            "price_fair": 124.6,
            "eps_avg_yearly": 3.56,
            "eps_latest_yearly": 8.56,
            "eps_growth_yearly": 704.34
        },
        "20201": {
            "year_quarter": 20201,
            "year": 2020,
            "quarter": 1,
            "eps": 0.55,
            "eps_growth_year": -66.46,
            "eps_4q": 5.87,
            "eps_4q_growth_year": 50.61,
            "roe": 1.28,
            "roe_4q": 13.68,
            "gross_profit": 830364,
            "gross_margin": 9.95,
            "gross_margin_4q_avg": 12.15,
            "net_income": 163144,
            "revenue": 8347795,
            "common_shares": 2923984,
            "book_valuer_per_share": 43.82,
            "book_valuer_per_share_4q_avg": 43.17,
            "equity": 12827179,
            "current_ratio": 148.45,
            "debt_ratio": 58.9,
            "inventory_turnover_ratio": 2.41,
            "account_receivable_turnover_ratio": 0.75,
            "reinvestment_rate": -17.1,
            "research_to_sale_ratio": 1.92,
            "price_fair": 123.2,
            "eps_avg_yearly": 3.52,
            "eps_latest_yearly": 2.2,
            "eps_growth_yearly": 686.45
        },
        "20202": {
            "year_quarter": 20202,
            "year": 2020,
            "quarter": 2,
            "eps": 1.77,
            "eps_growth_year": 11.32,
            "eps_4q": 6.05,
            "eps_4q_growth_year": 10.66,
            "roe": 4.09,
            "roe_4q": 13.979999999999999,
            "gross_profit": 1287064,
            "gross_margin": 13.42,
            "gross_margin_4q_avg": 12.37,
            "net_income": 515876,
            "revenue": 9590528,
            "common_shares": 2923984,
            "book_valuer_per_share": 42.36,
            "book_valuer_per_share_4q_avg": 43.24,
            "equity": 12396690,
            "current_ratio": 143.34,
            "debt_ratio": 62.72,
            "inventory_turnover_ratio": 2.58,
            "account_receivable_turnover_ratio": 0.9,
            "reinvestment_rate": -12.28,
            "research_to_sale_ratio": 2.6,
            "price_fair": 137.46,
            "eps_avg_yearly": 3.93,
            "eps_latest_yearly": 7.08,
            "eps_growth_yearly": 761.97
        },
        "20203": {
            "year_quarter": 20203,
            "year": 2020,
            "quarter": 3,
            "eps": 2.65,
            "eps_growth_year": 66.67,
            "eps_4q": 7.11,
            "eps_4q_growth_year": 13.22,
            "roe": 6.1,
            "roe_4q": 16.39,
            "gross_profit": 1387988,
            "gross_margin": 12.09,
            "gross_margin_4q_avg": 12,
            "net_income": 773929,
            "revenue": 11479029,
            "common_shares": 2923984,
            "book_valuer_per_share": 44.39,
            "book_valuer_per_share_4q_avg": 43.53,
            "equity": 12988265,
            "current_ratio": 140.25,
            "debt_ratio": 62.15,
            "inventory_turnover_ratio": 3.22,
            "account_receivable_turnover_ratio": 0.95,
            "reinvestment_rate": -0.13,
            "research_to_sale_ratio": 2.22,
            "price_fair": 155.23,
            "eps_avg_yearly": 4.44,
            "eps_latest_yearly": 10.6,
            "eps_growth_yearly": 688.69
        },
        "20204": {
            "year_quarter": 20204,
            "year": 2020,
            "quarter": 4,
            "eps": 2.53,
            "eps_growth_year": 18.26,
            "eps_4q": 7.5,
            "eps_4q_growth_year": 7.79,
            "roe": 5.55,
            "roe_4q": 17.02,
            "gross_profit": 1503933,
            "gross_margin": 12.54,
            "gross_margin_4q_avg": 12,
            "net_income": 735300,
            "revenue": 11988406,
            "common_shares": 2923984,
            "book_valuer_per_share": 46.14,
            "book_valuer_per_share_4q_avg": 44.18,
            "equity": 13495354,
            "current_ratio": 131.11,
            "debt_ratio": 64.51,
            "inventory_turnover_ratio": 3.31,
            "account_receivable_turnover_ratio": 0.94,
            "reinvestment_rate": 25.67,
            "research_to_sale_ratio": 3.12,
            "price_fair": 173.25,
            "eps_avg_yearly": 4.95,
            "eps_latest_yearly": 10.12,
            "eps_growth_yearly": 693.6
        },
        "20211": {
            "year_quarter": 20211,
            "year": 2021,
            "quarter": 1,
            "eps": 1.37,
            "eps_growth_year": 149.09,
            "eps_4q": 8.32,
            "eps_4q_growth_year": 41.83,
            "roe": 2.9,
            "roe_4q": 18.64,
            "gross_profit": 1404257,
            "gross_margin": 12.2,
            "gross_margin_4q_avg": 12.56,
            "net_income": 397530,
            "revenue": 11511764,
            "common_shares": 2923984,
            "book_valuer_per_share": 47.51,
            "book_valuer_per_share_4q_avg": 45.1,
            "equity": 13894203,
            "current_ratio": 123.63,
            "debt_ratio": 65.28,
            "inventory_turnover_ratio": 2.73,
            "account_receivable_turnover_ratio": 0.88,
            "reinvestment_rate": 37.29,
            "research_to_sale_ratio": 4.64,
            "price_fair": 182.7,
            "eps_avg_yearly": 5.22,
            "eps_latest_yearly": 5.48,
            "eps_growth_yearly": 691.71
        },
        "20212": {
            "year_quarter": 20212,
            "year": 2021,
            "quarter": 2,
            "eps": 3,
            "eps_growth_year": 69.49,
            "eps_4q": 9.55,
            "eps_4q_growth_year": 58.03,
            "roe": 6.15,
            "roe_4q": 20.700000000000003,
            "gross_profit": 1668492,
            "gross_margin": 10.59,
            "gross_margin_4q_avg": 11.86,
            "net_income": 871009,
            "revenue": 15754972,
            "common_shares": 2923984,
            "book_valuer_per_share": 49.43,
            "book_valuer_per_share_4q_avg": 46.87,
            "equity": 14450841,
            "current_ratio": 116.12,
            "debt_ratio": 68.11,
            "inventory_turnover_ratio": 3.04,
            "account_receivable_turnover_ratio": 1.04,
            "reinvestment_rate": 45.46,
            "research_to_sale_ratio": 1.8,
            "price_fair": 203.18,
            "eps_avg_yearly": 5.81,
            "eps_latest_yearly": 12,
            "eps_growth_yearly": 689.56
        },
        "20213": {
            "year_quarter": 20213,
            "year": 2021,
            "quarter": 3,
            "eps": 3.83,
            "eps_growth_year": 44.53,
            "eps_4q": 10.73,
            "eps_4q_growth_year": 50.84,
            "roe": 7.66,
            "roe_4q": 22.26,
            "gross_profit": 2444980,
            "gross_margin": 13.04,
            "gross_margin_4q_avg": 12.09,
            "net_income": 1114306,
            "revenue": 18746657,
            "common_shares": 2923984,
            "book_valuer_per_share": 50.08,
            "book_valuer_per_share_4q_avg": 48.29,
            "equity": 14636108,
            "current_ratio": 109.9,
            "debt_ratio": 72.24,
            "inventory_turnover_ratio": 2.88,
            "account_receivable_turnover_ratio": 0.99,
            "reinvestment_rate": 79.11,
            "research_to_sale_ratio": 1.93,
            "price_fair": 227.68,
            "eps_avg_yearly": 6.51,
            "eps_latest_yearly": 15.32,
            "eps_growth_yearly": 682.46
        },
        "20214": {
            "year_quarter": 20214,
            "year": 2021,
            "quarter": 4,
            "eps": 4.5,
            "eps_growth_year": 77.92,
            "eps_4q": 12.7,
            "eps_4q_growth_year": 69.26,
            "roe": 8.64,
            "roe_4q": 25.35,
            "gross_profit": 2585868,
            "gross_margin": 13.12,
            "gross_margin_4q_avg": 12.24,
            "net_income": 1317305,
            "revenue": 19707099,
            "common_shares": 2923984,
            "book_valuer_per_share": 54.24,
            "book_valuer_per_share_4q_avg": 50.32,
            "equity": 15853048,
            "current_ratio": 110.62,
            "debt_ratio": 71.41,
            "inventory_turnover_ratio": 2.84,
            "account_receivable_turnover_ratio": 0.91,
            "reinvestment_rate": 73.91,
            "research_to_sale_ratio": 1.37,
            "price_fair": 261.19,
            "eps_avg_yearly": 7.46,
            "eps_latest_yearly": 18,
            "eps_growth_yearly": 695.58
        },
        "20221": {
            "year_quarter": 20221,
            "year": 2022,
            "quarter": 1,
            "eps": 4.18,
            "eps_growth_year": 205.11,
            "eps_4q": 15.51,
            "eps_4q_growth_year": 86.34,
            "roe": 7.33,
            "roe_4q": 29.78,
            "gross_profit": 2306285,
            "gross_margin": 12.72,
            "gross_margin_4q_avg": 12.37,
            "net_income": 1228075,
            "revenue": 18130525,
            "common_shares": 2923984,
            "book_valuer_per_share": 60.44,
            "book_valuer_per_share_4q_avg": 53.55,
            "equity": 17670232,
            "current_ratio": 119.35,
            "debt_ratio": 68.99,
            "inventory_turnover_ratio": 2.28,
            "account_receivable_turnover_ratio": 0.85,
            "reinvestment_rate": 73.79,
            "research_to_sale_ratio": 1.26,
            "price_fair": 294,
            "eps_avg_yearly": 8.4,
            "eps_latest_yearly": 16.72,
            "eps_growth_yearly": 702.75
        },
        "20222": {
            "year_quarter": 20222,
            "year": 2022,
            "quarter": 2,
            "eps": 2.87,
            "eps_growth_year": -4.33,
            "eps_4q": 15.38,
            "eps_4q_growth_year": 61.02,
            "roe": 4.83,
            "roe_4q": 28.46,
            "gross_profit": 1817110,
            "gross_margin": 11.81,
            "gross_margin_4q_avg": 12.67,
            "net_income": 841278,
            "revenue": 15380173,
            "common_shares": 2923984,
            "book_valuer_per_share": 58.76,
            "book_valuer_per_share_4q_avg": 55.88,
            "equity": 17181666,
            "current_ratio": 122.16,
            "debt_ratio": 67.7,
            "inventory_turnover_ratio": 1.84,
            "account_receivable_turnover_ratio": 0.77,
            "reinvestment_rate": 67.7,
            "research_to_sale_ratio": 1.28,
            "price_fair": 318.85,
            "eps_avg_yearly": 9.11,
            "eps_latest_yearly": 11.48,
            "eps_growth_yearly": 718.17
        },
        "20223": {
            "year_quarter": 20223,
            "year": 2022,
            "quarter": 3,
            "eps": 3.63,
            "eps_growth_year": -5.22,
            "eps_4q": 15.18,
            "eps_4q_growth_year": 41.51,
            "roe": 5.81,
            "roe_4q": 26.61,
            "gross_profit": 2340744,
            "gross_margin": 13.49,
            "gross_margin_4q_avg": 12.79,
            "net_income": 1061114,
            "revenue": 17347079,
            "common_shares": 2923984,
            "book_valuer_per_share": 66.05,
            "book_valuer_per_share_4q_avg": 59.87,
            "equity": 19325241,
            "current_ratio": 126.81,
            "debt_ratio": 65.18,
            "inventory_turnover_ratio": 2.44,
            "account_receivable_turnover_ratio": 0.9,
            "reinvestment_rate": 62.23,
            "research_to_sale_ratio": 1.12,
            "price_fair": 343.88,
            "eps_avg_yearly": 9.83,
            "eps_latest_yearly": 14.52,
            "eps_growth_yearly": 108.13
        },
        "20224": {
            "year_quarter": 20224,
            "year": 2022,
            "quarter": 4,
            "eps": 3.15,
            "eps_growth_year": -30.13,
            "eps_4q": 13.82,
            "eps_4q_growth_year": 8.85,
            "roe": 4.73,
            "roe_4q": 22.7,
            "gross_profit": 2366817,
            "gross_margin": 13.45,
            "gross_margin_4q_avg": 12.87,
            "net_income": 921875,
            "revenue": 17596818,
            "common_shares": 2923984,
            "book_valuer_per_share": 67.09,
            "book_valuer_per_share_4q_avg": 63.09,
            "equity": 19629656,
            "current_ratio": 133.61,
            "debt_ratio": 64.42,
            "inventory_turnover_ratio": 3.04,
            "account_receivable_turnover_ratio": 0.94,
            "reinvestment_rate": 51.32,
            "research_to_sale_ratio": 1.38,
            "price_fair": 358.66,
            "eps_avg_yearly": 10.25,
            "eps_latest_yearly": 12.6,
            "eps_growth_yearly": 82.42
        },
        "20231": {
            "year_quarter": 20231,
            "year": 2023,
            "quarter": 1,
            "eps": 0.97,
            "eps_growth_year": -76.79,
            "eps_4q": 10.61,
            "eps_4q_growth_year": -31.57,
            "roe": 1.53,
            "roe_4q": 16.9,
            "gross_profit": 885789,
            "gross_margin": 9.41,
            "gross_margin_4q_avg": 12.04,
            "net_income": 285702,
            "revenue": 9412468,
            "common_shares": 2923984,
            "book_valuer_per_share": 60.67,
            "book_valuer_per_share_4q_avg": 63.14,
            "equity": 17753393,
            "current_ratio": 134.87,
            "debt_ratio": 62.08,
            "inventory_turnover_ratio": 2.08,
            "account_receivable_turnover_ratio": 0.61,
            "reinvestment_rate": 46.37,
            "research_to_sale_ratio": 2.06,
            "price_fair": 352.8,
            "eps_avg_yearly": 10.08,
            "eps_latest_yearly": 3.88,
            "eps_growth_yearly": 62.03
        }
    },
    "months": {
        "2003-09": {
            "month": "2003-09",
            "price": "21.50",
            "revenue": 323804
        },
        "2003-10": {
            "month": "2003-10",
            "price": "21.57",
            "revenue": 351438
        },
        "2003-11": {
            "month": "2003-11",
            "price": "24.72",
            "revenue": 364972
        },
        "2003-12": {
            "month": "2003-12",
            "price": "25.08",
            "revenue": 312323
        },
        "2004-01": {
            "month": "2004-01",
            "price": "25.70",
            "revenue": 243392
        },
        "2004-02": {
            "month": "2004-02",
            "price": "25.90",
            "revenue": 356576
        },
        "2004-03": {
            "month": "2004-03",
            "price": "26.56",
            "revenue": 287726
        },
        "2004-04": {
            "month": "2004-04",
            "price": "25.30",
            "revenue": 359119
        },
        "2004-05": {
            "month": "2004-05",
            "price": "21.43",
            "revenue": 411288
        },
        "2004-06": {
            "month": "2004-06",
            "price": "20.55",
            "revenue": 390821
        },
        "2004-07": {
            "month": "2004-07",
            "price": "16.60",
            "revenue": 482056
        },
        "2004-08": {
            "month": "2004-08",
            "price": "15.64",
            "revenue": 423309
        },
        "2004-09": {
            "month": "2004-09",
            "price": "17.03",
            "revenue": 543411
        },
        "2004-10": {
            "month": "2004-10",
            "price": "16.92",
            "revenue": 530506
        },
        "2004-11": {
            "month": "2004-11",
            "price": "16.44",
            "revenue": 611150
        },
        "2004-12": {
            "month": "2004-12",
            "price": "16.48",
            "revenue": 617592
        },
        "2005-01": {
            "month": "2005-01",
            "price": "16.43",
            "revenue": 336086
        },
        "2005-02": {
            "month": "2005-02",
            "price": "16.99",
            "revenue": 297669
        },
        "2005-03": {
            "month": "2005-03",
            "price": "16.95",
            "revenue": 382692
        },
        "2005-04": {
            "month": "2005-04",
            "price": "16.54",
            "revenue": 348454
        },
        "2005-05": {
            "month": "2005-05",
            "price": "16.19",
            "revenue": 346762
        },
        "2005-06": {
            "month": "2005-06",
            "price": "21.60",
            "revenue": 385661
        },
        "2005-07": {
            "month": "2005-07",
            "price": "35.57",
            "revenue": 840180
        },
        "2005-08": {
            "month": "2005-08",
            "price": "46.75",
            "revenue": 1002893
        },
        "2005-09": {
            "month": "2005-09",
            "price": "51.17",
            "revenue": 1138508
        },
        "2005-10": {
            "month": "2005-10",
            "price": "49.18",
            "revenue": 1174553
        },
        "2005-11": {
            "month": "2005-11",
            "price": "51.65",
            "revenue": 1252787
        },
        "2005-12": {
            "month": "2005-12",
            "price": "65.36",
            "revenue": 1097463
        },
        "2006-01": {
            "month": "2006-01",
            "price": "69.80",
            "revenue": 1100291
        },
        "2006-02": {
            "month": "2006-02",
            "price": "73.51",
            "revenue": 1115018
        },
        "2006-03": {
            "month": "2006-03",
            "price": "80.51",
            "revenue": 1154155
        },
        "2006-04": {
            "month": "2006-04",
            "price": "79.27",
            "revenue": 1212657
        },
        "2006-05": {
            "month": "2006-05",
            "price": "87.86",
            "revenue": 976786
        },
        "2006-06": {
            "month": "2006-06",
            "price": "69.05",
            "revenue": 630150
        },
        "2006-07": {
            "month": "2006-07",
            "price": "69.42",
            "revenue": 984871
        },
        "2006-08": {
            "month": "2006-08",
            "price": "77.34",
            "revenue": 1235837
        },
        "2006-09": {
            "month": "2006-09",
            "price": "73.65",
            "revenue": 1440054
        },
        "2006-10": {
            "month": "2006-10",
            "price": "69.26",
            "revenue": 1578896
        },
        "2006-11": {
            "month": "2006-11",
            "price": "65.57",
            "revenue": 1592132
        },
        "2006-12": {
            "month": "2006-12",
            "price": "65.72",
            "revenue": 930213
        },
        "2007-01": {
            "month": "2007-01",
            "price": "71.95",
            "revenue": 1403899
        },
        "2007-02": {
            "month": "2007-02",
            "price": "76.72",
            "revenue": 1042902
        },
        "2007-03": {
            "month": "2007-03",
            "price": "83.44",
            "revenue": 1250628
        },
        "2007-04": {
            "month": "2007-04",
            "price": "87.23",
            "revenue": 1407988
        },
        "2007-05": {
            "month": "2007-05",
            "price": "87.66",
            "revenue": 1625875
        },
        "2007-06": {
            "month": "2007-06",
            "price": "87.52",
            "revenue": 1653606
        },
        "2007-07": {
            "month": "2007-07",
            "price": "84.30",
            "revenue": 1839958
        },
        "2007-08": {
            "month": "2007-08",
            "price": "76.28",
            "revenue": 1821336
        },
        "2007-09": {
            "month": "2007-09",
            "price": "73.19",
            "revenue": 1745681
        },
        "2007-10": {
            "month": "2007-10",
            "price": "78.16",
            "revenue": 1902483
        },
        "2007-11": {
            "month": "2007-11",
            "price": "67.65",
            "revenue": 1907471
        },
        "2007-12": {
            "month": "2007-12",
            "price": "58.03",
            "revenue": 1712390
        },
        "2008-01": {
            "month": "2008-01",
            "price": "48.42",
            "revenue": 1929150
        },
        "2008-02": {
            "month": "2008-02",
            "price": "49.24",
            "revenue": 1648118
        },
        "2008-03": {
            "month": "2008-03",
            "price": "59.84",
            "revenue": 1767530
        },
        "2008-04": {
            "month": "2008-04",
            "price": "63.24",
            "revenue": 1726611
        },
        "2008-05": {
            "month": "2008-05",
            "price": "66.08",
            "revenue": 1685641
        },
        "2008-06": {
            "month": "2008-06",
            "price": "54.94",
            "revenue": 1629559
        },
        "2008-07": {
            "month": "2008-07",
            "price": "47.20",
            "revenue": 1647684
        },
        "2008-08": {
            "month": "2008-08",
            "price": "43.60",
            "revenue": 1491598
        },
        "2008-09": {
            "month": "2008-09",
            "price": "39.97",
            "revenue": 1649497
        },
        "2008-10": {
            "month": "2008-10",
            "price": "29.08",
            "revenue": 1656051
        },
        "2008-11": {
            "month": "2008-11",
            "price": "23.18",
            "revenue": 1153749
        },
        "2008-12": {
            "month": "2008-12",
            "price": "21.73",
            "revenue": 811119
        },
        "2009-01": {
            "month": "2009-01",
            "price": "24.48",
            "revenue": 933583
        },
        "2009-02": {
            "month": "2009-02",
            "price": "28.62",
            "revenue": 1096887
        },
        "2009-03": {
            "month": "2009-03",
            "price": "31.07",
            "revenue": 1754047
        },
        "2009-04": {
            "month": "2009-04",
            "price": "43.72",
            "revenue": 2243412
        },
        "2009-05": {
            "month": "2009-05",
            "price": "58.97",
            "revenue": 2601026
        },
        "2009-06": {
            "month": "2009-06",
            "price": "55.13",
            "revenue": 2643305
        },
        "2009-07": {
            "month": "2009-07",
            "price": "61.75",
            "revenue": 2826560
        },
        "2009-08": {
            "month": "2009-08",
            "price": "66.24",
            "revenue": 2976388
        },
        "2009-09": {
            "month": "2009-09",
            "price": "75.88",
            "revenue": 3229252
        },
        "2009-10": {
            "month": "2009-10",
            "price": "76.90",
            "revenue": 3082891
        },
        "2009-11": {
            "month": "2009-11",
            "price": "71.00",
            "revenue": 3100863
        },
        "2009-12": {
            "month": "2009-12",
            "price": "80.33",
            "revenue": 3020576
        },
        "2010-01": {
            "month": "2010-01",
            "price": "77.92",
            "revenue": 3039208
        },
        "2010-02": {
            "month": "2010-02",
            "price": "67.27",
            "revenue": 2602245
        },
        "2010-03": {
            "month": "2010-03",
            "price": "69.79",
            "revenue": 3041976
        },
        "2010-04": {
            "month": "2010-04",
            "price": "72.36",
            "revenue": 3356845
        },
        "2010-05": {
            "month": "2010-05",
            "price": "66.90",
            "revenue": 3477260
        },
        "2010-06": {
            "month": "2010-06",
            "price": "65.70",
            "revenue": 3516221
        },
        "2010-07": {
            "month": "2010-07",
            "price": "62.30",
            "revenue": 3653277
        },
        "2010-08": {
            "month": "2010-08",
            "price": "64.75",
            "revenue": 3703215
        },
        "2010-09": {
            "month": "2010-09",
            "price": "67.59",
            "revenue": 3710845
        },
        "2010-10": {
            "month": "2010-10",
            "price": "68.84",
            "revenue": 3339475
        },
        "2010-11": {
            "month": "2010-11",
            "price": "65.49",
            "revenue": 3668296
        },
        "2010-12": {
            "month": "2010-12",
            "price": "68.12",
            "revenue": 3456173
        },
        "2011-01": {
            "month": "2011-01",
            "price": "73.34",
            "revenue": 3438041
        },
        "2011-02": {
            "month": "2011-02",
            "price": "72.61",
            "revenue": 3004421
        },
        "2011-03": {
            "month": "2011-03",
            "price": "71.53",
            "revenue": 3946027
        },
        "2011-04": {
            "month": "2011-04",
            "price": "73.27",
            "revenue": 4065855
        },
        "2011-05": {
            "month": "2011-05",
            "price": "75.40",
            "revenue": 4164460
        },
        "2011-06": {
            "month": "2011-06",
            "price": "86.59",
            "revenue": 4210734
        },
        "2011-07": {
            "month": "2011-07",
            "price": "86.95",
            "revenue": 4310881
        },
        "2011-08": {
            "month": "2011-08",
            "price": "66.67",
            "revenue": 4314566
        },
        "2011-09": {
            "month": "2011-09",
            "price": "63.12",
            "revenue": 4259549
        },
        "2011-10": {
            "month": "2011-10",
            "price": "66.08",
            "revenue": 3698793
        },
        "2011-11": {
            "month": "2011-11",
            "price": "63.68",
            "revenue": 3533678
        },
        "2011-12": {
            "month": "2011-12",
            "price": "55.90",
            "revenue": 3472049
        },
        "2012-01": {
            "month": "2012-01",
            "price": "60.81",
            "revenue": 3953221
        },
        "2012-02": {
            "month": "2012-02",
            "price": "74.19",
            "revenue": 4002558
        },
        "2012-03": {
            "month": "2012-03",
            "price": "73.48",
            "revenue": 4383151
        },
        "2012-04": {
            "month": "2012-04",
            "price": "66.70",
            "revenue": 4478921
        },
        "2012-05": {
            "month": "2012-05",
            "price": "60.60",
            "revenue": 4320805
        },
        "2012-06": {
            "month": "2012-06",
            "price": "57.63",
            "revenue": 4194826
        },
        "2012-07": {
            "month": "2012-07",
            "price": "53.42",
            "revenue": 4035236
        },
        "2012-08": {
            "month": "2012-08",
            "price": "49.69",
            "revenue": 4343669
        },
        "2012-09": {
            "month": "2012-09",
            "price": "51.36",
            "revenue": 4661273
        },
        "2012-10": {
            "month": "2012-10",
            "price": "49.58",
            "revenue": 4217928
        },
        "2012-11": {
            "month": "2012-11",
            "price": "42.89",
            "revenue": 3898280
        },
        "2012-12": {
            "month": "2012-12",
            "price": "44.25",
            "revenue": 3345017
        },
        "2013-01": {
            "month": "2013-01",
            "price": "45.39",
            "revenue": 3921506
        },
        "2013-02": {
            "month": "2013-02",
            "price": "42.75",
            "revenue": 3050152
        },
        "2013-03": {
            "month": "2013-03",
            "price": "45.55",
            "revenue": 4121683
        },
        "2013-04": {
            "month": "2013-04",
            "price": "47.25",
            "revenue": 3850582
        },
        "2013-05": {
            "month": "2013-05",
            "price": "49.54",
            "revenue": 3966378
        },
        "2013-06": {
            "month": "2013-06",
            "price": "46.63",
            "revenue": 3394228
        },
        "2013-07": {
            "month": "2013-07",
            "price": "43.22",
            "revenue": 3363510
        },
        "2013-08": {
            "month": "2013-08",
            "price": "42.30",
            "revenue": 3620851
        },
        "2013-09": {
            "month": "2013-09",
            "price": "43.93",
            "revenue": 3004515
        },
        "2013-10": {
            "month": "2013-10",
            "price": "41.30",
            "revenue": 2962779
        },
        "2013-11": {
            "month": "2013-11",
            "price": "41.51",
            "revenue": 3014342
        },
        "2013-12": {
            "month": "2013-12",
            "price": "43.85",
            "revenue": 2974810
        },
        "2014-01": {
            "month": "2014-01",
            "price": "45.85",
            "revenue": 2787863
        },
        "2014-02": {
            "month": "2014-02",
            "price": "44.76",
            "revenue": 2043479
        },
        "2014-03": {
            "month": "2014-03",
            "price": "44.82",
            "revenue": 2842354
        },
        "2014-04": {
            "month": "2014-04",
            "price": "47.52",
            "revenue": 2873372
        },
        "2014-05": {
            "month": "2014-05",
            "price": "43.12",
            "revenue": 2913048
        },
        "2014-06": {
            "month": "2014-06",
            "price": "44.00",
            "revenue": 2948138
        },
        "2014-07": {
            "month": "2014-07",
            "price": "45.22",
            "revenue": 3050607
        },
        "2014-08": {
            "month": "2014-08",
            "price": "45.25",
            "revenue": 2883483
        },
        "2014-09": {
            "month": "2014-09",
            "price": "46.10",
            "revenue": 3144969
        },
        "2014-10": {
            "month": "2014-10",
            "price": "42.76",
            "revenue": 2847848
        },
        "2014-11": {
            "month": "2014-11",
            "price": "42.10",
            "revenue": 2794312
        },
        "2014-12": {
            "month": "2014-12",
            "price": "41.76",
            "revenue": 2832139
        },
        "2015-01": {
            "month": "2015-01",
            "price": "41.39",
            "revenue": 2562651
        },
        "2015-02": {
            "month": "2015-02",
            "price": "41.04",
            "revenue": 2007211
        },
        "2015-03": {
            "month": "2015-03",
            "price": "40.33",
            "revenue": 2604838
        },
        "2015-04": {
            "month": "2015-04",
            "price": "40.05",
            "revenue": 2461578
        },
        "2015-05": {
            "month": "2015-05",
            "price": "38.39",
            "revenue": 2378987
        },
        "2015-06": {
            "month": "2015-06",
            "price": "36.49",
            "revenue": 2324324
        },
        "2015-07": {
            "month": "2015-07",
            "price": "32.12",
            "revenue": 2546438
        },
        "2015-08": {
            "month": "2015-08",
            "price": "27.23",
            "revenue": 2618372
        },
        "2015-09": {
            "month": "2015-09",
            "price": "29.30",
            "revenue": 2739025
        },
        "2015-10": {
            "month": "2015-10",
            "price": "31.52",
            "revenue": 2529873
        },
        "2015-11": {
            "month": "2015-11",
            "price": "30.92",
            "revenue": 2589973
        },
        "2015-12": {
            "month": "2015-12",
            "price": "30.65",
            "revenue": 2781899
        },
        "2016-01": {
            "month": "2016-01",
            "price": "27.84",
            "revenue": 2646218
        },
        "2016-02": {
            "month": "2016-02",
            "price": "28.84",
            "revenue": 1850568
        },
        "2016-03": {
            "month": "2016-03",
            "price": "29.79",
            "revenue": 2332432
        },
        "2016-04": {
            "month": "2016-04",
            "price": "27.62",
            "revenue": 2264752
        },
        "2016-05": {
            "month": "2016-05",
            "price": "27.15",
            "revenue": 2164079
        },
        "2016-06": {
            "month": "2016-06",
            "price": "27.76",
            "revenue": 2011448
        },
        "2016-07": {
            "month": "2016-07",
            "price": "26.64",
            "revenue": 2736151
        },
        "2016-08": {
            "month": "2016-08",
            "price": "26.81",
            "revenue": 2765449
        },
        "2016-09": {
            "month": "2016-09",
            "price": "26.69",
            "revenue": 2802681
        },
        "2016-10": {
            "month": "2016-10",
            "price": "26.82",
            "revenue": 2799716
        },
        "2016-11": {
            "month": "2016-11",
            "price": "25.82",
            "revenue": 2840094
        },
        "2016-12": {
            "month": "2016-12",
            "price": "26.38",
            "revenue": 2832709
        },
        "2017-01": {
            "month": "2017-01",
            "price": "26.27",
            "revenue": 2513269
        },
        "2017-02": {
            "month": "2017-02",
            "price": "27.37",
            "revenue": 2026831
        },
        "2017-03": {
            "month": "2017-03",
            "price": "28.49",
            "revenue": 2301605
        },
        "2017-04": {
            "month": "2017-04",
            "price": "26.81",
            "revenue": 2043749
        },
        "2017-05": {
            "month": "2017-05",
            "price": "25.44",
            "revenue": 2112909
        },
        "2017-06": {
            "month": "2017-06",
            "price": "25.20",
            "revenue": 2372651
        },
        "2017-07": {
            "month": "2017-07",
            "price": "24.55",
            "revenue": 2156008
        },
        "2017-08": {
            "month": "2017-08",
            "price": "24.61",
            "revenue": 2228121
        },
        "2017-09": {
            "month": "2017-09",
            "price": "26.17",
            "revenue": 2224170
        },
        "2017-10": {
            "month": "2017-10",
            "price": "27.26",
            "revenue": 2019931
        },
        "2017-11": {
            "month": "2017-11",
            "price": "29.72",
            "revenue": 2220376
        },
        "2017-12": {
            "month": "2017-12",
            "price": "34.77",
            "revenue": 2110414
        },
        "2018-01": {
            "month": "2018-01",
            "price": "32.24",
            "revenue": 2310006
        },
        "2018-02": {
            "month": "2018-02",
            "price": "29.07",
            "revenue": 1660014
        },
        "2018-03": {
            "month": "2018-03",
            "price": "28.68",
            "revenue": 2043961
        },
        "2018-04": {
            "month": "2018-04",
            "price": "26.58",
            "revenue": 2051758
        },
        "2018-05": {
            "month": "2018-05",
            "price": "25.96",
            "revenue": 2344868
        },
        "2018-06": {
            "month": "2018-06",
            "price": "27.28",
            "revenue": 2452514
        },
        "2018-07": {
            "month": "2018-07",
            "price": "26.03",
            "revenue": 2730351
        },
        "2018-08": {
            "month": "2018-08",
            "price": "26.48",
            "revenue": 2917566
        },
        "2018-09": {
            "month": "2018-09",
            "price": "35.62",
            "revenue": 3081227
        },
        "2018-10": {
            "month": "2018-10",
            "price": "35.35",
            "revenue": 2964361
        },
        "2018-11": {
            "month": "2018-11",
            "price": "35.82",
            "revenue": 3043580
        },
        "2018-12": {
            "month": "2018-12",
            "price": "37.19",
            "revenue": 3033882
        },
        "2019-01": {
            "month": "2019-01",
            "price": "39.75",
            "revenue": 3342939
        },
        "2019-02": {
            "month": "2019-02",
            "price": "49.73",
            "revenue": 2340948
        },
        "2019-03": {
            "month": "2019-03",
            "price": "50.76",
            "revenue": 2764602
        },
        "2019-04": {
            "month": "2019-04",
            "price": "55.88",
            "revenue": 3005272
        },
        "2019-05": {
            "month": "2019-05",
            "price": "57.21",
            "revenue": 3084151
        },
        "2019-06": {
            "month": "2019-06",
            "price": "53.91",
            "revenue": 3448539
        },
        "2019-07": {
            "month": "2019-07",
            "price": "69.45",
            "revenue": 3522947
        },
        "2019-08": {
            "month": "2019-08",
            "price": "76.26",
            "revenue": 3335158
        },
        "2019-09": {
            "month": "2019-09",
            "price": "76.06",
            "revenue": 3334212
        },
        "2019-10": {
            "month": "2019-10",
            "price": "80.78",
            "revenue": 3411907
        },
        "2019-11": {
            "month": "2019-11",
            "price": "101.00",
            "revenue": 3274345
        },
        "2019-12": {
            "month": "2019-12",
            "price": "111.93",
            "revenue": 3041353
        },
        "2020-01": {
            "month": "2020-01",
            "price": "113.45",
            "revenue": 2810024
        },
        "2020-02": {
            "month": "2020-02",
            "price": "101.04",
            "revenue": 2426084
        },
        "2020-03": {
            "month": "2020-03",
            "price": "75.64",
            "revenue": 3111687
        },
        "2020-04": {
            "month": "2020-04",
            "price": "84.12",
            "revenue": 3189283
        },
        "2020-05": {
            "month": "2020-05",
            "price": "106.76",
            "revenue": 3115601
        },
        "2020-06": {
            "month": "2020-06",
            "price": "120.20",
            "revenue": 3285644
        },
        "2020-07": {
            "month": "2020-07",
            "price": "136.74",
            "revenue": 3775631
        },
        "2020-08": {
            "month": "2020-08",
            "price": "128.76",
            "revenue": 3884816
        },
        "2020-09": {
            "month": "2020-09",
            "price": "115.70",
            "revenue": 3818582
        },
        "2020-10": {
            "month": "2020-10",
            "price": "102.46",
            "revenue": 3701620
        },
        "2020-11": {
            "month": "2020-11",
            "price": "113.98",
            "revenue": 4232088
        },
        "2020-12": {
            "month": "2020-12",
            "price": "125.46",
            "revenue": 4054698
        },
        "2021-01": {
            "month": "2021-01",
            "price": "125.85",
            "revenue": 3741820
        },
        "2021-02": {
            "month": "2021-02",
            "price": "121.00",
            "revenue": 3346160
        },
        "2021-03": {
            "month": "2021-03",
            "price": "114.41",
            "revenue": 4423784
        },
        "2021-04": {
            "month": "2021-04",
            "price": "118.34",
            "revenue": 4945016
        },
        "2021-05": {
            "month": "2021-05",
            "price": "108.25",
            "revenue": 5297090
        },
        "2021-06": {
            "month": "2021-06",
            "price": "124.14",
            "revenue": 5512866
        },
        "2021-07": {
            "month": "2021-07",
            "price": "122.91",
            "revenue": 5925520
        },
        "2021-08": {
            "month": "2021-08",
            "price": "113.09",
            "revenue": 6342367
        },
        "2021-09": {
            "month": "2021-09",
            "price": "106.65",
            "revenue": 6478770
        },
        "2021-10": {
            "month": "2021-10",
            "price": "104.81",
            "revenue": 6216048
        },
        "2021-11": {
            "month": "2021-11",
            "price": "117.70",
            "revenue": 6765341
        },
        "2021-12": {
            "month": "2021-12",
            "price": "118.55",
            "revenue": 6725710
        },
        "2022-01": {
            "month": "2022-01",
            "price": "133.22",
            "revenue": 6303295
        },
        "2022-02": {
            "month": "2022-02",
            "price": "127.83",
            "revenue": 5809067
        },
        "2022-03": {
            "month": "2022-03",
            "price": "116.13",
            "revenue": 6018163
        },
        "2022-04": {
            "month": "2022-04",
            "price": "109.95",
            "revenue": 4560277
        },
        "2022-05": {
            "month": "2022-05",
            "price": "105.17",
            "revenue": 4973438
        },
        "2022-06": {
            "month": "2022-06",
            "price": "105.93",
            "revenue": 5846458
        },
        "2022-07": {
            "month": "2022-07",
            "price": "83.00",
            "revenue": 6109530
        },
        "2022-08": {
            "month": "2022-08",
            "price": "97.45",
            "revenue": 5858946
        },
        "2022-09": {
            "month": "2022-09",
            "price": "89.42",
            "revenue": 5378603
        },
        "2022-10": {
            "month": "2022-10",
            "price": "80.94",
            "revenue": 6128435
        },
        "2022-11": {
            "month": "2022-11",
            "price": "91.34",
            "revenue": 6136458
        },
        "2022-12": {
            "month": "2022-12",
            "price": "94.79",
            "revenue": 5331925
        },
        "2023-01": {
            "month": "2023-01",
            "price": "89.63",
            "revenue": 2525994
        },
        "2023-02": {
            "month": "2023-02",
            "price": "88.84",
            "revenue": 2941770
        },
        "2023-03": {
            "month": "2023-03",
            "price": "92.83",
            "revenue": 3944704
        },
        "2023-04": {
            "month": "2023-04",
            "price": "99.81",
            "revenue": 3916464
        },
        "2023-05": {
            "month": "2023-05",
            "price": "97.83",
            "revenue": 4114272
        }
    }
}
