{
    "summary": {
        "stock_name": "胡連",
        "stock_id": "6279",
        "category": "電子零組件",
        "main_business": "電子零件(端子)五金機械配件等製造加工及買賣(模具端子壓著機)<br>塑膠件<br>模具製造,電子零組件製造業(端子)及電子材料,模具批發零售",
        "website_url": "http://www.hulane.com",
        "ceo": "胡盛清",
        "pe_ratio": 14,
        "report_year_from": 2001,
        "report_year_to": 2023,
        "age": 22,
        "eps_negative_percentage": 0,
        "eps_growth_avg": {
            "last_all": 9.47,
            "last_2y": 28.4,
            "last_4y": 4.97,
            "last_8y": 7.49,
            "last_12y": 9.6,
            "last_16y": 9.75,
            "last_20y": null,
            "at_2006_last_3y": null,
            "at_2007_last_3y": 4.75,
            "at_2008_last_3y": -10.44,
            "at_2009_last_3y": 10.25,
            "at_2010_last_3y": 20.09,
            "at_2011_last_3y": 12.35,
            "at_2012_last_3y": 20.68,
            "at_2013_last_3y": 14.34,
            "at_2014_last_3y": 11.8,
            "at_2015_last_3y": 16.62,
            "at_2016_last_3y": 18.76,
            "at_2017_last_3y": 10.64,
            "at_2018_last_3y": -4.14,
            "at_2019_last_3y": -10.04,
            "at_2020_last_3y": -8.75,
            "at_2021_last_3y": -0.49,
            "at_2022_last_3y": 16.19,
            "at_2023_last_3y": 16.19,
            "at_2006_last_all": 1.4,
            "at_2007_last_all": 4.75,
            "at_2008_last_all": -2.18,
            "at_2009_last_all": 9.19,
            "at_2010_last_all": 12.08,
            "at_2011_last_all": 8.55,
            "at_2012_last_all": 7.98,
            "at_2013_last_all": 11.25,
            "at_2014_last_all": 11.98,
            "at_2015_last_all": 11.24,
            "at_2016_last_all": 11.3,
            "at_2017_last_all": 11.08,
            "at_2018_last_all": 7.68,
            "at_2019_last_all": 5.92,
            "at_2020_last_all": 6.58,
            "at_2021_last_all": 8.51,
            "at_2022_last_all": 9.47,
            "at_2023_last_all": 9.47
        },
        "latest_eps": 10.19,
        "latest_price": 144,
        "latest_roe": 18.29,
        "latest_gross_margin": 31.82,
        "latest_equity": 5816280,
        "latest_revenue": 1610813,
        "latest_gross_profit": 512573,
        "latest_net_income": 223850,
        "latest_debt_ratio": 45.57,
        "latest_current_ratio": 136.24,
        "latest_account_receivable_turnover_ratio": 0.56,
        "latest_inventory_turnover_ratio": 0.61,
        "latest_reinvestment_rate": 42.73,
        "latest_research_to_sale_ratio": 5.06
    },
    "eps_dividends": {
        "2001": {
            "cash": 0,
            "stock": 0,
            "eps": 0
        },
        "2002": {
            "cash": 1,
            "stock": 2,
            "eps": 0
        },
        "2003": {
            "cash": 1,
            "stock": 3,
            "eps": 3.24
        },
        "2004": {
            "cash": 2,
            "stock": 1,
            "eps": 4.24
        },
        "2005": {
            "cash": 2,
            "stock": 1,
            "eps": 3.53
        },
        "2006": {
            "cash": 3,
            "stock": 0,
            "eps": 3.18
        },
        "2007": {
            "cash": 2,
            "stock": 0,
            "eps": 3.65
        },
        "2008": {
            "cash": 3,
            "stock": 0,
            "eps": 2.56
        },
        "2009": {
            "cash": 2,
            "stock": 1,
            "eps": 4.25
        },
        "2010": {
            "cash": 4,
            "stock": 0,
            "eps": 5.5
        },
        "2011": {
            "cash": 3,
            "stock": 1,
            "eps": 4.61
        },
        "2012": {
            "cash": 3,
            "stock": 0,
            "eps": 4.77
        },
        "2013": {
            "cash": 3,
            "stock": 0,
            "eps": 6.71
        },
        "2014": {
            "cash": 6,
            "stock": 0,
            "eps": 8
        },
        "2015": {
            "cash": 6,
            "stock": 0,
            "eps": 8.25
        },
        "2016": {
            "cash": 6,
            "stock": 0,
            "eps": 9.24
        },
        "2017": {
            "cash": 6,
            "stock": 0,
            "eps": 10
        },
        "2018": {
            "cash": 8,
            "stock": 0,
            "eps": 6.01
        },
        "2019": {
            "cash": 4,
            "stock": 0,
            "eps": 4.78
        },
        "2020": {
            "cash": 3,
            "stock": 0,
            "eps": 5.6
        },
        "2021": {
            "cash": 4,
            "stock": 0,
            "eps": 7.91
        },
        "2022": {
            "cash": 5,
            "stock": 0,
            "eps": 10.03
        },
        "2023": {
            "cash": 6,
            "stock": 0,
            "eps": 2.23
        }
    },
    "dividends": {
        "2002-04-16": {
            "cash": 0.5,
            "stock": 2
        },
        "2003-06-05": {
            "cash": 0.5,
            "stock": 2.5
        },
        "2004-04-12": {
            "cash": 1.9,
            "stock": 0.8
        },
        "2005-03-21": {
            "cash": 1.6,
            "stock": 1.4
        },
        "2006-03-17": {
            "cash": 2.8,
            "stock": 0
        },
        "2007-03-22": {
            "cash": 2.2,
            "stock": 0.4
        },
        "2008-04-28": {
            "cash": 2.5,
            "stock": 0.4
        },
        "2009-04-27": {
            "cash": 1.5,
            "stock": 0.5
        },
        "2010-04-27": {
            "cash": 3.5,
            "stock": 0
        },
        "2011-04-27": {
            "cash": 3.49,
            "stock": 0.5
        },
        "2012-06-28": {
            "cash": 2.9,
            "stock": 0.2
        },
        "2013-06-28": {
            "cash": 3.3,
            "stock": 0
        },
        "2014-06-18": {
            "cash": 6,
            "stock": 0
        },
        "2015-09-10": {
            "cash": 5.6,
            "stock": 0
        },
        "2016-10-07": {
            "cash": 5.6,
            "stock": 0
        },
        "2017-09-20": {
            "cash": 6,
            "stock": 0
        },
        "2018-09-28": {
            "cash": 8,
            "stock": 0
        },
        "2019-09-20": {
            "cash": 4,
            "stock": 0
        },
        "2020-09-28": {
            "cash": 3,
            "stock": 0.25
        },
        "2021-09-17": {
            "cash": 4,
            "stock": 0
        },
        "2022-09-30": {
            "cash": 5,
            "stock": 0
        },
        "2023-05-08": {
            "cash": 5.6,
            "stock": 0
        }
    },
    "prices": {
        "200101": "無",
        "200102": "無",
        "200103": "無",
        "200104": "無",
        "200105": "無",
        "200106": "無",
        "200107": "無",
        "200108": "無",
        "200109": "無",
        "200110": "無",
        "200111": "無",
        "200112": "無",
        "200201": "無",
        "200202": "無",
        "200203": "無",
        "200204": "無",
        "200205": "無",
        "200206": "無",
        "200207": "無",
        "200208": "無",
        "200209": "無",
        "200210": "無",
        "200211": "無",
        "200212": "無",
        "200301": "無",
        "200302": "無",
        "200303": "無",
        "200304": "無",
        "200305": "無",
        "200306": "無",
        "200307": "無",
        "200308": "無",
        "200309": "無",
        "200310": "49.25",
        "200311": "39.67",
        "200312": "41.67",
        "200401": "40.99",
        "200402": "41.70",
        "200403": "42.59",
        "200404": "43.01",
        "200405": "41.65",
        "200406": "41.72",
        "200407": "40.48",
        "200408": "39.81",
        "200409": "39.24",
        "200410": "38.78",
        "200411": "38.99",
        "200412": "37.14",
        "200501": "36.75",
        "200502": "37.17",
        "200503": "38.54",
        "200504": "37.82",
        "200505": "37.93",
        "200506": "38.46",
        "200507": "37.68",
        "200508": "33.63",
        "200509": "32.53",
        "200510": "30.69",
        "200511": "29.99",
        "200512": "32.18",
        "200601": "33.91",
        "200602": "33.56",
        "200603": "33.19",
        "200604": "38.26",
        "200605": "38.71",
        "200606": "36.70",
        "200607": "35.54",
        "200608": "35.22",
        "200609": "34.57",
        "200610": "36.42",
        "200611": "37.04",
        "200612": "37.61",
        "200701": "39.11",
        "200702": "38.76",
        "200703": "38.98",
        "200704": "40.28",
        "200705": "41.25",
        "200706": "49.29",
        "200707": "58.51",
        "200708": "54.70",
        "200709": "49.45",
        "200710": "49.97",
        "200711": "40.69",
        "200712": "37.59",
        "200801": "35.85",
        "200802": "36.46",
        "200803": "37.35",
        "200804": "40.05",
        "200805": "41.42",
        "200806": "38.01",
        "200807": "34.84",
        "200808": "35.44",
        "200809": "31.93",
        "200810": "27.95",
        "200811": "24.60",
        "200812": "21.38",
        "200901": "20.58",
        "200902": "20.79",
        "200903": "25.09",
        "200904": "29.94",
        "200905": "33.72",
        "200906": "43.19",
        "200907": "55.72",
        "200908": "53.60",
        "200909": "65.64",
        "200910": "69.54",
        "200911": "68.59",
        "200912": "69.53",
        "201001": "65.96",
        "201002": "61.80",
        "201003": "78.31",
        "201004": "92.26",
        "201005": "89.11",
        "201006": "83.85",
        "201007": "81.27",
        "201008": "77.73",
        "201009": "77.88",
        "201010": "83.59",
        "201011": "77.31",
        "201012": "77.39",
        "201101": "70.26",
        "201102": "71.64",
        "201103": "70.63",
        "201104": "72.97",
        "201105": "79.11",
        "201106": "73.71",
        "201107": "69.88",
        "201108": "54.14",
        "201109": "44.25",
        "201110": "43.73",
        "201111": "46.61",
        "201112": "48.10",
        "201201": "47.44",
        "201202": "56.64",
        "201203": "55.20",
        "201204": "56.32",
        "201205": "51.02",
        "201206": "48.53",
        "201207": "50.23",
        "201208": "52.59",
        "201209": "50.00",
        "201210": "48.82",
        "201211": "46.43",
        "201212": "46.90",
        "201301": "47.51",
        "201302": "52.12",
        "201303": "56.81",
        "201304": "63.94",
        "201305": "68.84",
        "201306": "69.73",
        "201307": "77.59",
        "201308": "86.61",
        "201309": "91.58",
        "201310": "96.30",
        "201311": "90.90",
        "201312": "92.58",
        "201401": "85.17",
        "201402": "90.57",
        "201403": "92.85",
        "201404": "105.75",
        "201405": "103.58",
        "201406": "111.42",
        "201407": "113.55",
        "201408": "117.93",
        "201409": "120.48",
        "201410": "110.34",
        "201411": "114.45",
        "201412": "114.42",
        "201501": "113.65",
        "201502": "122.19",
        "201503": "133.68",
        "201504": "147.75",
        "201505": "147.98",
        "201506": "145.48",
        "201507": "125.82",
        "201508": "116.36",
        "201509": "115.08",
        "201510": "141.86",
        "201511": "144.07",
        "201512": "137.78",
        "201601": "130.02",
        "201602": "145.46",
        "201603": "152.76",
        "201604": "155.32",
        "201605": "136.48",
        "201606": "135.31",
        "201607": "140.35",
        "201608": "154.22",
        "201609": "152.76",
        "201610": "149.25",
        "201611": "139.80",
        "201612": "143.89",
        "201701": "144.59",
        "201702": "151.42",
        "201703": "155.02",
        "201704": "148.64",
        "201705": "169.68",
        "201706": "175.04",
        "201707": "177.90",
        "201708": "169.13",
        "201709": "170.05",
        "201710": "175.16",
        "201711": "160.80",
        "201712": "150.40",
        "201801": "155.45",
        "201802": "143.65",
        "201803": "143.65",
        "201804": "147.14",
        "201805": "141.77",
        "201806": "142.48",
        "201807": "134.02",
        "201808": "123.09",
        "201809": "97.84",
        "201810": "82.41",
        "201811": "75.42",
        "201812": "83.33",
        "201901": "87.88",
        "201902": "94.28",
        "201903": "89.80",
        "201904": "88.70",
        "201905": "75.85",
        "201906": "74.53",
        "201907": "78.41",
        "201908": "74.30",
        "201909": "73.59",
        "201910": "74.03",
        "201911": "75.28",
        "201912": "80.23",
        "202001": "93.48",
        "202002": "88.82",
        "202003": "67.03",
        "202004": "66.28",
        "202005": "81.06",
        "202006": "87.04",
        "202007": "80.20",
        "202008": "75.25",
        "202009": "74.51",
        "202010": "82.71",
        "202011": "95.21",
        "202012": "111.43",
        "202101": "116.32",
        "202102": "114.50",
        "202103": "113.70",
        "202104": "116.24",
        "202105": "102.09",
        "202106": "115.26",
        "202107": "141.98",
        "202108": "124.70",
        "202109": "116.18",
        "202110": "117.65",
        "202111": "132.18",
        "202112": "136.61",
        "202201": "133.08",
        "202202": "127.50",
        "202203": "119.85",
        "202204": "114.18",
        "202205": "113.05",
        "202206": "129.00",
        "202207": "145.38",
        "202208": "153.85",
        "202209": "168.17",
        "202210": "156.10",
        "202211": "152.32",
        "202212": "153.59",
        "202301": "144.31",
        "202302": "156.89",
        "202303": "148.46",
        "202304": "141.65",
        "202305": "140.31"
    },
    "quarters": {
        "20011": {
            "year_quarter": 20011,
            "year": 2001,
            "quarter": 1,
            "eps": null,
            "eps_growth_year": null,
            "eps_4q": null,
            "eps_4q_growth_year": null,
            "roe": null,
            "roe_4q": 0,
            "gross_profit": null,
            "gross_margin": null,
            "gross_margin_4q_avg": 0,
            "net_income": null,
            "revenue": null,
            "common_shares": null,
            "book_valuer_per_share": null,
            "book_valuer_per_share_4q_avg": 0,
            "equity": null,
            "current_ratio": null,
            "debt_ratio": null,
            "inventory_turnover_ratio": null,
            "account_receivable_turnover_ratio": null,
            "reinvestment_rate": null,
            "research_to_sale_ratio": null,
            "price_fair": 0,
            "eps_avg_yearly": 0,
            "eps_latest_yearly": 0,
            "eps_growth_yearly": 0
        },
        "20012": {
            "year_quarter": 20012,
            "year": 2001,
            "quarter": 2,
            "eps": null,
            "eps_growth_year": null,
            "eps_4q": null,
            "eps_4q_growth_year": null,
            "roe": null,
            "roe_4q": 0,
            "gross_profit": null,
            "gross_margin": null,
            "gross_margin_4q_avg": 0,
            "net_income": null,
            "revenue": null,
            "common_shares": null,
            "book_valuer_per_share": null,
            "book_valuer_per_share_4q_avg": 0,
            "equity": null,
            "current_ratio": null,
            "debt_ratio": null,
            "inventory_turnover_ratio": null,
            "account_receivable_turnover_ratio": null,
            "reinvestment_rate": null,
            "research_to_sale_ratio": null,
            "price_fair": 0,
            "eps_avg_yearly": 0,
            "eps_latest_yearly": 0,
            "eps_growth_yearly": 0
        },
        "20013": {
            "year_quarter": 20013,
            "year": 2001,
            "quarter": 3,
            "eps": null,
            "eps_growth_year": null,
            "eps_4q": null,
            "eps_4q_growth_year": null,
            "roe": null,
            "roe_4q": 0,
            "gross_profit": null,
            "gross_margin": null,
            "gross_margin_4q_avg": 0,
            "net_income": null,
            "revenue": null,
            "common_shares": null,
            "book_valuer_per_share": null,
            "book_valuer_per_share_4q_avg": 0,
            "equity": null,
            "current_ratio": null,
            "debt_ratio": null,
            "inventory_turnover_ratio": null,
            "account_receivable_turnover_ratio": null,
            "reinvestment_rate": null,
            "research_to_sale_ratio": null,
            "price_fair": 0,
            "eps_avg_yearly": 0,
            "eps_latest_yearly": 0,
            "eps_growth_yearly": 0
        },
        "20014": {
            "year_quarter": 20014,
            "year": 2001,
            "quarter": 4,
            "eps": null,
            "eps_growth_year": null,
            "eps_4q": null,
            "eps_4q_growth_year": null,
            "roe": null,
            "roe_4q": 0,
            "gross_profit": null,
            "gross_margin": null,
            "gross_margin_4q_avg": 0,
            "net_income": null,
            "revenue": null,
            "common_shares": 253500,
            "book_valuer_per_share": 14.99,
            "book_valuer_per_share_4q_avg": 3.75,
            "equity": 379914,
            "current_ratio": 178.85,
            "debt_ratio": 46.7,
            "inventory_turnover_ratio": null,
            "account_receivable_turnover_ratio": null,
            "reinvestment_rate": null,
            "research_to_sale_ratio": null,
            "price_fair": 0,
            "eps_avg_yearly": 0,
            "eps_latest_yearly": 0,
            "eps_growth_yearly": 0
        },
        "20021": {
            "year_quarter": 20021,
            "year": 2002,
            "quarter": 1,
            "eps": null,
            "eps_growth_year": null,
            "eps_4q": null,
            "eps_4q_growth_year": null,
            "roe": null,
            "roe_4q": 0,
            "gross_profit": null,
            "gross_margin": null,
            "gross_margin_4q_avg": 0,
            "net_income": null,
            "revenue": null,
            "common_shares": null,
            "book_valuer_per_share": null,
            "book_valuer_per_share_4q_avg": 3.75,
            "equity": null,
            "current_ratio": null,
            "debt_ratio": null,
            "inventory_turnover_ratio": null,
            "account_receivable_turnover_ratio": null,
            "reinvestment_rate": null,
            "research_to_sale_ratio": null,
            "price_fair": 0,
            "eps_avg_yearly": 0,
            "eps_latest_yearly": 0,
            "eps_growth_yearly": 0
        },
        "20022": {
            "year_quarter": 20022,
            "year": 2002,
            "quarter": 2,
            "eps": null,
            "eps_growth_year": null,
            "eps_4q": null,
            "eps_4q_growth_year": null,
            "roe": null,
            "roe_4q": 0,
            "gross_profit": null,
            "gross_margin": null,
            "gross_margin_4q_avg": 0,
            "net_income": null,
            "revenue": null,
            "common_shares": null,
            "book_valuer_per_share": null,
            "book_valuer_per_share_4q_avg": 3.75,
            "equity": null,
            "current_ratio": null,
            "debt_ratio": null,
            "inventory_turnover_ratio": null,
            "account_receivable_turnover_ratio": null,
            "reinvestment_rate": null,
            "research_to_sale_ratio": null,
            "price_fair": 0,
            "eps_avg_yearly": 0,
            "eps_latest_yearly": 0,
            "eps_growth_yearly": 0
        },
        "20023": {
            "year_quarter": 20023,
            "year": 2002,
            "quarter": 3,
            "eps": null,
            "eps_growth_year": null,
            "eps_4q": null,
            "eps_4q_growth_year": null,
            "roe": null,
            "roe_4q": 0,
            "gross_profit": null,
            "gross_margin": null,
            "gross_margin_4q_avg": 0,
            "net_income": null,
            "revenue": null,
            "common_shares": null,
            "book_valuer_per_share": null,
            "book_valuer_per_share_4q_avg": 3.75,
            "equity": null,
            "current_ratio": null,
            "debt_ratio": null,
            "inventory_turnover_ratio": null,
            "account_receivable_turnover_ratio": null,
            "reinvestment_rate": null,
            "research_to_sale_ratio": null,
            "price_fair": 0,
            "eps_avg_yearly": 0,
            "eps_latest_yearly": 0,
            "eps_growth_yearly": 0
        },
        "20024": {
            "year_quarter": 20024,
            "year": 2002,
            "quarter": 4,
            "eps": null,
            "eps_growth_year": null,
            "eps_4q": null,
            "eps_4q_growth_year": null,
            "roe": null,
            "roe_4q": 0,
            "gross_profit": null,
            "gross_margin": null,
            "gross_margin_4q_avg": 0,
            "net_income": null,
            "revenue": null,
            "common_shares": 304200,
            "book_valuer_per_share": 15.4,
            "book_valuer_per_share_4q_avg": 3.85,
            "equity": 468443,
            "current_ratio": 189.18,
            "debt_ratio": 44.4,
            "inventory_turnover_ratio": null,
            "account_receivable_turnover_ratio": null,
            "reinvestment_rate": null,
            "research_to_sale_ratio": null,
            "price_fair": 0,
            "eps_avg_yearly": 0,
            "eps_latest_yearly": 0,
            "eps_growth_yearly": 0
        },
        "20031": {
            "year_quarter": 20031,
            "year": 2003,
            "quarter": 1,
            "eps": 0.94,
            "eps_growth_year": null,
            "eps_4q": null,
            "eps_4q_growth_year": null,
            "roe": 5.93,
            "roe_4q": 5.93,
            "gross_profit": 61289,
            "gross_margin": 33.98,
            "gross_margin_4q_avg": 8.5,
            "net_income": 28601,
            "revenue": 180374,
            "common_shares": 304200,
            "book_valuer_per_share": 16.33,
            "book_valuer_per_share_4q_avg": 7.93,
            "equity": 496729,
            "current_ratio": 200.52,
            "debt_ratio": 38.36,
            "inventory_turnover_ratio": 1.95,
            "account_receivable_turnover_ratio": null,
            "reinvestment_rate": null,
            "research_to_sale_ratio": null,
            "price_fair": 0,
            "eps_avg_yearly": 0,
            "eps_latest_yearly": 0,
            "eps_growth_yearly": 0
        },
        "20032": {
            "year_quarter": 20032,
            "year": 2003,
            "quarter": 2,
            "eps": 0.83,
            "eps_growth_year": null,
            "eps_4q": null,
            "eps_4q_growth_year": null,
            "roe": 6.18,
            "roe_4q": 12.11,
            "gross_profit": 61793,
            "gross_margin": 35.42,
            "gross_margin_4q_avg": 17.35,
            "net_income": 31637,
            "revenue": 174455,
            "common_shares": 304200,
            "book_valuer_per_share": 17.34,
            "book_valuer_per_share_4q_avg": 12.27,
            "equity": 527496,
            "current_ratio": 218.48,
            "debt_ratio": 35.91,
            "inventory_turnover_ratio": 2.03,
            "account_receivable_turnover_ratio": null,
            "reinvestment_rate": null,
            "research_to_sale_ratio": null,
            "price_fair": 9.96,
            "eps_avg_yearly": 3.32,
            "eps_latest_yearly": 3.32,
            "eps_growth_yearly": -46.81
        },
        "20033": {
            "year_quarter": 20033,
            "year": 2003,
            "quarter": 3,
            "eps": 1.6,
            "eps_growth_year": null,
            "eps_4q": null,
            "eps_4q_growth_year": null,
            "roe": 12.99,
            "roe_4q": 25.1,
            "gross_profit": 142495,
            "gross_margin": 43.77,
            "gross_margin_4q_avg": 28.29,
            "net_income": 78271,
            "revenue": 325522,
            "common_shares": 489964,
            "book_valuer_per_share": 13.84,
            "book_valuer_per_share_4q_avg": 15.73,
            "equity": 677968,
            "current_ratio": 235.59,
            "debt_ratio": 33.33,
            "inventory_turnover_ratio": 2.83,
            "account_receivable_turnover_ratio": null,
            "reinvestment_rate": null,
            "research_to_sale_ratio": null,
            "price_fair": 170.1,
            "eps_avg_yearly": 4.86,
            "eps_latest_yearly": 6.4,
            "eps_growth_yearly": 162.14
        },
        "20034": {
            "year_quarter": 20034,
            "year": 2003,
            "quarter": 4,
            "eps": -0.13,
            "eps_growth_year": null,
            "eps_4q": 2.72,
            "eps_4q_growth_year": null,
            "roe": -0.72,
            "roe_4q": 24.38,
            "gross_profit": -14370,
            "gross_margin": -12.29,
            "gross_margin_4q_avg": 25.22,
            "net_income": -5125,
            "revenue": 116959,
            "common_shares": 489965,
            "book_valuer_per_share": 15.23,
            "book_valuer_per_share_4q_avg": 15.69,
            "equity": 746172,
            "current_ratio": 249.04,
            "debt_ratio": 36.72,
            "inventory_turnover_ratio": 1.67,
            "account_receivable_turnover_ratio": null,
            "reinvestment_rate": null,
            "research_to_sale_ratio": null,
            "price_fair": 170.1,
            "eps_avg_yearly": 4.86,
            "eps_latest_yearly": 6.4,
            "eps_growth_yearly": 162.14
        },
        "20041": {
            "year_quarter": 20041,
            "year": 2004,
            "quarter": 1,
            "eps": 0.9,
            "eps_growth_year": -4.26,
            "eps_4q": 3.66,
            "eps_4q_growth_year": null,
            "roe": 5.07,
            "roe_4q": 23.52,
            "gross_profit": 61424,
            "gross_margin": 28.22,
            "gross_margin_4q_avg": 23.78,
            "net_income": 34125,
            "revenue": 217630,
            "common_shares": 380250,
            "book_valuer_per_share": 15.79,
            "book_valuer_per_share_4q_avg": 15.55,
            "equity": 600335,
            "current_ratio": 233.94,
            "debt_ratio": 33.8,
            "inventory_turnover_ratio": 1.93,
            "account_receivable_turnover_ratio": null,
            "reinvestment_rate": null,
            "research_to_sale_ratio": null,
            "price_fair": 170.1,
            "eps_avg_yearly": 4.86,
            "eps_latest_yearly": 6.4,
            "eps_growth_yearly": 162.14
        },
        "20042": {
            "year_quarter": 20042,
            "year": 2004,
            "quarter": 2,
            "eps": 1.03,
            "eps_growth_year": 24.1,
            "eps_4q": 3.59,
            "eps_4q_growth_year": null,
            "roe": 6.88,
            "roe_4q": 24.22,
            "gross_profit": 73210,
            "gross_margin": 31.99,
            "gross_margin_4q_avg": 22.92,
            "net_income": 43089,
            "revenue": 228883,
            "common_shares": 380250,
            "book_valuer_per_share": 17.15,
            "book_valuer_per_share_4q_avg": 15.5,
            "equity": 652234,
            "current_ratio": 247.88,
            "debt_ratio": 32.35,
            "inventory_turnover_ratio": 1.89,
            "account_receivable_turnover_ratio": null,
            "reinvestment_rate": null,
            "research_to_sale_ratio": null,
            "price_fair": 161.47,
            "eps_avg_yearly": 4.61,
            "eps_latest_yearly": 4.12,
            "eps_growth_yearly": 127.35
        },
        "20043": {
            "year_quarter": 20043,
            "year": 2004,
            "quarter": 3,
            "eps": 1.65,
            "eps_growth_year": 3.12,
            "eps_4q": 3.01,
            "eps_4q_growth_year": null,
            "roe": 11.22,
            "roe_4q": 22.450000000000003,
            "gross_profit": 165076,
            "gross_margin": 47.69,
            "gross_margin_4q_avg": 23.9,
            "net_income": 87544,
            "revenue": 346151,
            "common_shares": 489964,
            "book_valuer_per_share": 18.55,
            "book_valuer_per_share_4q_avg": 16.68,
            "equity": 908684,
            "current_ratio": 318.29,
            "debt_ratio": 27.62,
            "inventory_turnover_ratio": 1.86,
            "account_receivable_turnover_ratio": null,
            "reinvestment_rate": null,
            "research_to_sale_ratio": null,
            "price_fair": 178.85,
            "eps_avg_yearly": 5.11,
            "eps_latest_yearly": 6.6,
            "eps_growth_yearly": 155.71
        },
        "20044": {
            "year_quarter": 20044,
            "year": 2004,
            "quarter": 4,
            "eps": 0.66,
            "eps_growth_year": null,
            "eps_4q": 3.79,
            "eps_4q_growth_year": 39.36,
            "roe": 4.01,
            "roe_4q": 27.18,
            "gross_profit": 85798,
            "gross_margin": 35.21,
            "gross_margin_4q_avg": 35.78,
            "net_income": 34755,
            "revenue": 243661,
            "common_shares": 529162,
            "book_valuer_per_share": 15.58,
            "book_valuer_per_share_4q_avg": 16.77,
            "equity": 824632,
            "current_ratio": 222.05,
            "debt_ratio": 36.72,
            "inventory_turnover_ratio": 1.41,
            "account_receivable_turnover_ratio": null,
            "reinvestment_rate": null,
            "research_to_sale_ratio": null,
            "price_fair": 161.56,
            "eps_avg_yearly": 4.62,
            "eps_latest_yearly": 2.64,
            "eps_growth_yearly": 76.57
        },
        "20051": {
            "year_quarter": 20051,
            "year": 2005,
            "quarter": 1,
            "eps": 1.04,
            "eps_growth_year": 15.56,
            "eps_4q": 4.16,
            "eps_4q_growth_year": 13.61,
            "roe": 6.5,
            "roe_4q": 28.61,
            "gross_profit": 91346,
            "gross_margin": 35.55,
            "gross_margin_4q_avg": 37.61,
            "net_income": 55095,
            "revenue": 256927,
            "common_shares": 529162,
            "book_valuer_per_share": 16.47,
            "book_valuer_per_share_4q_avg": 16.94,
            "equity": 871673,
            "current_ratio": 251.03,
            "debt_ratio": 28.48,
            "inventory_turnover_ratio": 1.54,
            "account_receivable_turnover_ratio": null,
            "reinvestment_rate": null,
            "research_to_sale_ratio": null,
            "price_fair": 158.9,
            "eps_avg_yearly": 4.54,
            "eps_latest_yearly": 4.16,
            "eps_growth_yearly": 102.19
        },
        "20052": {
            "year_quarter": 20052,
            "year": 2005,
            "quarter": 2,
            "eps": 0.73,
            "eps_growth_year": -29.13,
            "eps_4q": 3.66,
            "eps_4q_growth_year": 1.84,
            "roe": 5.19,
            "roe_4q": 26.92,
            "gross_profit": 95371,
            "gross_margin": 35.06,
            "gross_margin_4q_avg": 38.38,
            "net_income": 44194,
            "revenue": 272029,
            "common_shares": 529162,
            "book_valuer_per_share": 15.74,
            "book_valuer_per_share_4q_avg": 16.59,
            "equity": 832698,
            "current_ratio": 196.16,
            "debt_ratio": 34.02,
            "inventory_turnover_ratio": 1.85,
            "account_receivable_turnover_ratio": null,
            "reinvestment_rate": null,
            "research_to_sale_ratio": null,
            "price_fair": 150.8,
            "eps_avg_yearly": 4.31,
            "eps_latest_yearly": 2.92,
            "eps_growth_yearly": 70.56
        },
        "20053": {
            "year_quarter": 20053,
            "year": 2005,
            "quarter": 3,
            "eps": 0.94,
            "eps_growth_year": -43.03,
            "eps_4q": 3.17,
            "eps_4q_growth_year": 5.21,
            "roe": 6.48,
            "roe_4q": 22.18,
            "gross_profit": 85618,
            "gross_margin": 33.92,
            "gross_margin_4q_avg": 34.94,
            "net_income": 56621,
            "revenue": 252449,
            "common_shares": 603244,
            "book_valuer_per_share": 15.16,
            "book_valuer_per_share_4q_avg": 15.74,
            "equity": 914807,
            "current_ratio": 240.99,
            "debt_ratio": 28.6,
            "inventory_turnover_ratio": 1.7,
            "account_receivable_turnover_ratio": null,
            "reinvestment_rate": null,
            "research_to_sale_ratio": null,
            "price_fair": 148.4,
            "eps_avg_yearly": 4.24,
            "eps_latest_yearly": 3.76,
            "eps_growth_yearly": 76.12
        },
        "20054": {
            "year_quarter": 20054,
            "year": 2005,
            "quarter": 4,
            "eps": 0.82,
            "eps_growth_year": 24.24,
            "eps_4q": 3.42,
            "eps_4q_growth_year": -9.79,
            "roe": 5.27,
            "roe_4q": 23.44,
            "gross_profit": 90140,
            "gross_margin": 33.44,
            "gross_margin_4q_avg": 34.49,
            "net_income": 49211,
            "revenue": 269596,
            "common_shares": 603244,
            "book_valuer_per_share": 15.78,
            "book_valuer_per_share_4q_avg": 15.79,
            "equity": 951707,
            "current_ratio": 331.1,
            "debt_ratio": 27.03,
            "inventory_turnover_ratio": 1.45,
            "account_receivable_turnover_ratio": null,
            "reinvestment_rate": null,
            "research_to_sale_ratio": null,
            "price_fair": 144.67,
            "eps_avg_yearly": 4.13,
            "eps_latest_yearly": 3.28,
            "eps_growth_yearly": 61.99
        },
        "20061": {
            "year_quarter": 20061,
            "year": 2006,
            "quarter": 1,
            "eps": 0.85,
            "eps_growth_year": -18.27,
            "eps_4q": 3.32,
            "eps_4q_growth_year": -20.13,
            "roe": 5.27,
            "roe_4q": 22.21,
            "gross_profit": 84779,
            "gross_margin": 31.93,
            "gross_margin_4q_avg": 33.59,
            "net_income": 51541,
            "revenue": 265529,
            "common_shares": 603244,
            "book_valuer_per_share": 16.62,
            "book_valuer_per_share_4q_avg": 15.83,
            "equity": 1002673,
            "current_ratio": 237.86,
            "debt_ratio": 27.89,
            "inventory_turnover_ratio": 1.48,
            "account_receivable_turnover_ratio": null,
            "reinvestment_rate": null,
            "research_to_sale_ratio": null,
            "price_fair": 142.1,
            "eps_avg_yearly": 4.06,
            "eps_latest_yearly": 3.4,
            "eps_growth_yearly": 57.25
        },
        "20062": {
            "year_quarter": 20062,
            "year": 2006,
            "quarter": 2,
            "eps": 0.95,
            "eps_growth_year": 30.14,
            "eps_4q": 3.57,
            "eps_4q_growth_year": -2.43,
            "roe": 6.07,
            "roe_4q": 23.09,
            "gross_profit": 90340,
            "gross_margin": 30.95,
            "gross_margin_4q_avg": 32.56,
            "net_income": 57037,
            "revenue": 291857,
            "common_shares": 603245,
            "book_valuer_per_share": 14.54,
            "book_valuer_per_share_4q_avg": 15.53,
            "equity": 876907,
            "current_ratio": 152.59,
            "debt_ratio": 40.38,
            "inventory_turnover_ratio": 1.86,
            "account_receivable_turnover_ratio": null,
            "reinvestment_rate": null,
            "research_to_sale_ratio": null,
            "price_fair": 141.27,
            "eps_avg_yearly": 4.04,
            "eps_latest_yearly": 3.8,
            "eps_growth_yearly": 56.33
        },
        "20063": {
            "year_quarter": 20063,
            "year": 2006,
            "quarter": 3,
            "eps": 0.87,
            "eps_growth_year": -7.45,
            "eps_4q": 3.5,
            "eps_4q_growth_year": 10.43,
            "roe": 5.73,
            "roe_4q": 22.34,
            "gross_profit": 99622,
            "gross_margin": 36.19,
            "gross_margin_4q_avg": 33.13,
            "net_income": 52285,
            "revenue": 275265,
            "common_shares": 603244,
            "book_valuer_per_share": 15.7,
            "book_valuer_per_share_4q_avg": 15.66,
            "equity": 946986,
            "current_ratio": 159.81,
            "debt_ratio": 36.88,
            "inventory_turnover_ratio": 1.5,
            "account_receivable_turnover_ratio": null,
            "reinvestment_rate": null,
            "research_to_sale_ratio": null,
            "price_fair": 139.65,
            "eps_avg_yearly": 3.99,
            "eps_latest_yearly": 3.48,
            "eps_growth_yearly": 48.83
        },
        "20064": {
            "year_quarter": 20064,
            "year": 2006,
            "quarter": 4,
            "eps": 0.51,
            "eps_growth_year": -37.8,
            "eps_4q": 3.14,
            "eps_4q_growth_year": -8.16,
            "roe": 3.09,
            "roe_4q": 20.16,
            "gross_profit": 85352,
            "gross_margin": 32.06,
            "gross_margin_4q_avg": 32.78,
            "net_income": 31204,
            "revenue": 266242,
            "common_shares": 633244,
            "book_valuer_per_share": 16.91,
            "book_valuer_per_share_4q_avg": 15.94,
            "equity": 1070732,
            "current_ratio": 338.42,
            "debt_ratio": 24.65,
            "inventory_turnover_ratio": 1.24,
            "account_receivable_turnover_ratio": null,
            "reinvestment_rate": 43,
            "research_to_sale_ratio": null,
            "price_fair": 134.4,
            "eps_avg_yearly": 3.84,
            "eps_latest_yearly": 2.04,
            "eps_growth_yearly": 32.34
        },
        "20071": {
            "year_quarter": 20071,
            "year": 2007,
            "quarter": 1,
            "eps": 0.87,
            "eps_growth_year": 2.35,
            "eps_4q": 3.1,
            "eps_4q_growth_year": -6.7,
            "roe": 4.94,
            "roe_4q": 19.830000000000002,
            "gross_profit": 92028,
            "gross_margin": 31.39,
            "gross_margin_4q_avg": 32.65,
            "net_income": 54787,
            "revenue": 293220,
            "common_shares": 633244,
            "book_valuer_per_share": 18.14,
            "book_valuer_per_share_4q_avg": 16.32,
            "equity": 1148393,
            "current_ratio": 250.65,
            "debt_ratio": 25.14,
            "inventory_turnover_ratio": 1.4,
            "account_receivable_turnover_ratio": null,
            "reinvestment_rate": 13.71,
            "research_to_sale_ratio": null,
            "price_fair": 133.5,
            "eps_avg_yearly": 3.81,
            "eps_latest_yearly": 3.48,
            "eps_growth_yearly": 50.2
        },
        "20072": {
            "year_quarter": 20072,
            "year": 2007,
            "quarter": 2,
            "eps": 1.1,
            "eps_growth_year": 15.79,
            "eps_4q": 3.28,
            "eps_4q_growth_year": -8.19,
            "roe": 6.3,
            "roe_4q": 20.060000000000002,
            "gross_profit": 119150,
            "gross_margin": 33.96,
            "gross_margin_4q_avg": 33.4,
            "net_income": 69813,
            "revenue": 350853,
            "common_shares": 633244,
            "book_valuer_per_share": 16.88,
            "book_valuer_per_share_4q_avg": 16.91,
            "equity": 1069197,
            "current_ratio": 181.71,
            "debt_ratio": 32.25,
            "inventory_turnover_ratio": 2.09,
            "account_receivable_turnover_ratio": null,
            "reinvestment_rate": 10.85,
            "research_to_sale_ratio": null,
            "price_fair": 136.2,
            "eps_avg_yearly": 3.89,
            "eps_latest_yearly": 4.4,
            "eps_growth_yearly": 61.09
        },
        "20073": {
            "year_quarter": 20073,
            "year": 2007,
            "quarter": 3,
            "eps": 0.83,
            "eps_growth_year": -4.6,
            "eps_4q": 3.26,
            "eps_4q_growth_year": -6.76,
            "roe": 4.84,
            "roe_4q": 19.17,
            "gross_profit": 110645,
            "gross_margin": 33.04,
            "gross_margin_4q_avg": 32.61,
            "net_income": 53235,
            "revenue": 334930,
            "common_shares": 664624,
            "book_valuer_per_share": 17.03,
            "book_valuer_per_share_4q_avg": 17.24,
            "equity": 1132032,
            "current_ratio": 187.18,
            "debt_ratio": 32.65,
            "inventory_turnover_ratio": 1.94,
            "account_receivable_turnover_ratio": null,
            "reinvestment_rate": 0.07,
            "research_to_sale_ratio": null,
            "price_fair": 128.5,
            "eps_avg_yearly": 3.67,
            "eps_latest_yearly": 3.32,
            "eps_growth_yearly": 27.57
        },
        "20074": {
            "year_quarter": 20074,
            "year": 2007,
            "quarter": 4,
            "eps": 0.85,
            "eps_growth_year": 66.67,
            "eps_4q": 3.52,
            "eps_4q_growth_year": 12.27,
            "roe": 4.92,
            "roe_4q": 21,
            "gross_profit": 120991,
            "gross_margin": 33.9,
            "gross_margin_4q_avg": 33.07,
            "net_income": 56521,
            "revenue": 356896,
            "common_shares": 664624,
            "book_valuer_per_share": 17.55,
            "book_valuer_per_share_4q_avg": 17.4,
            "equity": 1166194,
            "current_ratio": 266.45,
            "debt_ratio": 28.22,
            "inventory_turnover_ratio": 1.29,
            "account_receivable_turnover_ratio": null,
            "reinvestment_rate": 37.03,
            "research_to_sale_ratio": null,
            "price_fair": 127.87,
            "eps_avg_yearly": 3.65,
            "eps_latest_yearly": 3.4,
            "eps_growth_yearly": 26.38
        },
        "20081": {
            "year_quarter": 20081,
            "year": 2008,
            "quarter": 1,
            "eps": 0.54,
            "eps_growth_year": -37.93,
            "eps_4q": 3.25,
            "eps_4q_growth_year": 4.72,
            "roe": 3.07,
            "roe_4q": 19.13,
            "gross_profit": 115425,
            "gross_margin": 31.77,
            "gross_margin_4q_avg": 33.17,
            "net_income": 35811,
            "revenue": 363342,
            "common_shares": 664624,
            "book_valuer_per_share": 17.53,
            "book_valuer_per_share_4q_avg": 17.25,
            "equity": 1165003,
            "current_ratio": 231.36,
            "debt_ratio": 32.25,
            "inventory_turnover_ratio": 1.02,
            "account_receivable_turnover_ratio": null,
            "reinvestment_rate": 46.36,
            "research_to_sale_ratio": null,
            "price_fair": 91.18,
            "eps_avg_yearly": 3.56,
            "eps_latest_yearly": 2.16,
            "eps_growth_yearly": 15.61
        },
        "20082": {
            "year_quarter": 20082,
            "year": 2008,
            "quarter": 2,
            "eps": 1.5,
            "eps_growth_year": 36.36,
            "eps_4q": 3.58,
            "eps_4q_growth_year": 9.1,
            "roe": 9.19,
            "roe_4q": 22.02,
            "gross_profit": 164677,
            "gross_margin": 40,
            "gross_margin_4q_avg": 34.68,
            "net_income": 105122,
            "revenue": 411676,
            "common_shares": 664624,
            "book_valuer_per_share": 16.91,
            "book_valuer_per_share_4q_avg": 17.26,
            "equity": 1123742,
            "current_ratio": 188.95,
            "debt_ratio": 39.55,
            "inventory_turnover_ratio": 0.96,
            "account_receivable_turnover_ratio": null,
            "reinvestment_rate": 48.09,
            "research_to_sale_ratio": null,
            "price_fair": 128.71,
            "eps_avg_yearly": 3.68,
            "eps_latest_yearly": 6,
            "eps_growth_yearly": 56.45
        },
        "20083": {
            "year_quarter": 20083,
            "year": 2008,
            "quarter": 3,
            "eps": 0.97,
            "eps_growth_year": 16.87,
            "eps_4q": 3.79,
            "eps_4q_growth_year": 16.3,
            "roe": 5.75,
            "roe_4q": 22.93,
            "gross_profit": 144204,
            "gross_margin": 35.21,
            "gross_margin_4q_avg": 35.22,
            "net_income": 67911,
            "revenue": 409545,
            "common_shares": 701755,
            "book_valuer_per_share": 17.66,
            "book_valuer_per_share_4q_avg": 17.41,
            "equity": 1239537,
            "current_ratio": 195.94,
            "debt_ratio": 38.49,
            "inventory_turnover_ratio": 0.9,
            "account_receivable_turnover_ratio": null,
            "reinvestment_rate": 44.1,
            "research_to_sale_ratio": null,
            "price_fair": 122.76,
            "eps_avg_yearly": 3.51,
            "eps_latest_yearly": 3.88,
            "eps_growth_yearly": 32.56
        },
        "20084": {
            "year_quarter": 20084,
            "year": 2008,
            "quarter": 4,
            "eps": -0.45,
            "eps_growth_year": -152.94,
            "eps_4q": 2.53,
            "eps_4q_growth_year": -28.21,
            "roe": -2.55,
            "roe_4q": 15.46,
            "gross_profit": 42863,
            "gross_margin": 14.84,
            "gross_margin_4q_avg": 30.46,
            "net_income": -31465,
            "revenue": 288794,
            "common_shares": 701755,
            "book_valuer_per_share": 17.55,
            "book_valuer_per_share_4q_avg": 17.41,
            "equity": 1231292,
            "current_ratio": 269.37,
            "debt_ratio": 28.46,
            "inventory_turnover_ratio": 0.86,
            "account_receivable_turnover_ratio": 1.76,
            "reinvestment_rate": 45.87,
            "research_to_sale_ratio": null,
            "price_fair": 124.79,
            "eps_avg_yearly": 3.57,
            "eps_latest_yearly": 3.88,
            "eps_growth_yearly": 50.73
        },
        "20091": {
            "year_quarter": 20091,
            "year": 2009,
            "quarter": 1,
            "eps": 0.59,
            "eps_growth_year": 9.26,
            "eps_4q": 2.6,
            "eps_4q_growth_year": -19.84,
            "roe": 3.29,
            "roe_4q": 15.68,
            "gross_profit": 100041,
            "gross_margin": 32.03,
            "gross_margin_4q_avg": 30.52,
            "net_income": 41485,
            "revenue": 312369,
            "common_shares": 701755,
            "book_valuer_per_share": 18.39,
            "book_valuer_per_share_4q_avg": 17.63,
            "equity": 1290407,
            "current_ratio": 266.57,
            "debt_ratio": 28.11,
            "inventory_turnover_ratio": 0.85,
            "account_receivable_turnover_ratio": 0.85,
            "reinvestment_rate": 49.93,
            "research_to_sale_ratio": null,
            "price_fair": 123.3,
            "eps_avg_yearly": 3.52,
            "eps_latest_yearly": 3.88,
            "eps_growth_yearly": 37.91
        },
        "20092": {
            "year_quarter": 20092,
            "year": 2009,
            "quarter": 2,
            "eps": 1.07,
            "eps_growth_year": -28.67,
            "eps_4q": 2.18,
            "eps_4q_growth_year": -38.95,
            "roe": 5.91,
            "roe_4q": 12.399999999999999,
            "gross_profit": 178693,
            "gross_margin": 43.89,
            "gross_margin_4q_avg": 31.49,
            "net_income": 74857,
            "revenue": 407159,
            "common_shares": 701755,
            "book_valuer_per_share": 17.72,
            "book_valuer_per_share_4q_avg": 17.83,
            "equity": 1243219,
            "current_ratio": 214.5,
            "debt_ratio": 33.59,
            "inventory_turnover_ratio": 0.96,
            "account_receivable_turnover_ratio": 0.86,
            "reinvestment_rate": 46.48,
            "research_to_sale_ratio": null,
            "price_fair": 126.7,
            "eps_avg_yearly": 3.62,
            "eps_latest_yearly": 4.28,
            "eps_growth_yearly": 69.67
        },
        "20093": {
            "year_quarter": 20093,
            "year": 2009,
            "quarter": 3,
            "eps": 1.23,
            "eps_growth_year": 26.8,
            "eps_4q": 2.38,
            "eps_4q_growth_year": -37.1,
            "roe": 7.06,
            "roe_4q": 13.709999999999997,
            "gross_profit": 168677,
            "gross_margin": 40.8,
            "gross_margin_4q_avg": 32.89,
            "net_income": 90468,
            "revenue": 413466,
            "common_shares": 736843,
            "book_valuer_per_share": 17.89,
            "book_valuer_per_share_4q_avg": 17.89,
            "equity": 1317996,
            "current_ratio": 222.99,
            "debt_ratio": 32.69,
            "inventory_turnover_ratio": 1.06,
            "account_receivable_turnover_ratio": 0.72,
            "reinvestment_rate": 45.17,
            "research_to_sale_ratio": null,
            "price_fair": 129.6,
            "eps_avg_yearly": 3.7,
            "eps_latest_yearly": 4.92,
            "eps_growth_yearly": 65.72
        },
        "20094": {
            "year_quarter": 20094,
            "year": 2009,
            "quarter": 4,
            "eps": 1.36,
            "eps_growth_year": null,
            "eps_4q": 4.17,
            "eps_4q_growth_year": 64.76,
            "roe": 7.32,
            "roe_4q": 23.58,
            "gross_profit": 202253,
            "gross_margin": 40.59,
            "gross_margin_4q_avg": 39.33,
            "net_income": 100342,
            "revenue": 498226,
            "common_shares": 736843,
            "book_valuer_per_share": 19.31,
            "book_valuer_per_share_4q_avg": 18.33,
            "equity": 1422812,
            "current_ratio": 228.5,
            "debt_ratio": 32.01,
            "inventory_turnover_ratio": 1.23,
            "account_receivable_turnover_ratio": 1.61,
            "reinvestment_rate": 28.62,
            "research_to_sale_ratio": null,
            "price_fair": 135,
            "eps_avg_yearly": 3.86,
            "eps_latest_yearly": 5.44,
            "eps_growth_yearly": 72.39
        },
        "20101": {
            "year_quarter": 20101,
            "year": 2010,
            "quarter": 1,
            "eps": 1.91,
            "eps_growth_year": 223.73,
            "eps_4q": 5.52,
            "eps_4q_growth_year": 111.86,
            "roe": 9.48,
            "roe_4q": 29.77,
            "gross_profit": 249662,
            "gross_margin": 40.98,
            "gross_margin_4q_avg": 41.57,
            "net_income": 140750,
            "revenue": 609290,
            "common_shares": 736843,
            "book_valuer_per_share": 21,
            "book_valuer_per_share_4q_avg": 18.98,
            "equity": 1547378,
            "current_ratio": 208.9,
            "debt_ratio": 35.2,
            "inventory_turnover_ratio": 1.31,
            "account_receivable_turnover_ratio": 0.83,
            "reinvestment_rate": 47.19,
            "research_to_sale_ratio": 1.7,
            "price_fair": 145.6,
            "eps_avg_yearly": 4.16,
            "eps_latest_yearly": 7.64,
            "eps_growth_yearly": 82.9
        },
        "20102": {
            "year_quarter": 20102,
            "year": 2010,
            "quarter": 2,
            "eps": 1.3,
            "eps_growth_year": 21.52,
            "eps_4q": 5.8,
            "eps_4q_growth_year": 165.58,
            "roe": 6.47,
            "roe_4q": 30.33,
            "gross_profit": 213655,
            "gross_margin": 37.87,
            "gross_margin_4q_avg": 40.06,
            "net_income": 95809,
            "revenue": 564142,
            "common_shares": 736843,
            "book_valuer_per_share": 19.21,
            "book_valuer_per_share_4q_avg": 19.35,
            "equity": 1415710,
            "current_ratio": 166.56,
            "debt_ratio": 42.34,
            "inventory_turnover_ratio": 1.18,
            "account_receivable_turnover_ratio": 0.68,
            "reinvestment_rate": 49.71,
            "research_to_sale_ratio": 2.02,
            "price_fair": 149.1,
            "eps_avg_yearly": 4.26,
            "eps_latest_yearly": 5.2,
            "eps_growth_yearly": 70.41
        },
        "20103": {
            "year_quarter": 20103,
            "year": 2010,
            "quarter": 3,
            "eps": 1.3,
            "eps_growth_year": 5.86,
            "eps_4q": 5.41,
            "eps_4q_growth_year": 126.8,
            "roe": 6.08,
            "roe_4q": 29.35,
            "gross_profit": 205812,
            "gross_margin": 38.36,
            "gross_margin_4q_avg": 39.45,
            "net_income": 106868,
            "revenue": 536536,
            "common_shares": 820743,
            "book_valuer_per_share": 25.62,
            "book_valuer_per_share_4q_avg": 21.29,
            "equity": 2102373,
            "current_ratio": 342.31,
            "debt_ratio": 24.27,
            "inventory_turnover_ratio": 1.09,
            "account_receivable_turnover_ratio": 0.66,
            "reinvestment_rate": 47.85,
            "research_to_sale_ratio": 2,
            "price_fair": 153.4,
            "eps_avg_yearly": 4.38,
            "eps_latest_yearly": 5.2,
            "eps_growth_yearly": 72.82
        },
        "20104": {
            "year_quarter": 20104,
            "year": 2010,
            "quarter": 4,
            "eps": 0.99,
            "eps_growth_year": -26.91,
            "eps_4q": 5.18,
            "eps_4q_growth_year": 24.23,
            "roe": 3.86,
            "roe_4q": 25.89,
            "gross_profit": 229437,
            "gross_margin": 38.4,
            "gross_margin_4q_avg": 38.9,
            "net_income": 81589,
            "revenue": 597563,
            "common_shares": 820743,
            "book_valuer_per_share": 25.84,
            "book_valuer_per_share_4q_avg": 22.92,
            "equity": 2120948,
            "current_ratio": 365.59,
            "debt_ratio": 23.13,
            "inventory_turnover_ratio": 1.18,
            "account_receivable_turnover_ratio": 0.75,
            "reinvestment_rate": 24.64,
            "research_to_sale_ratio": 2.13,
            "price_fair": 158.2,
            "eps_avg_yearly": 4.52,
            "eps_latest_yearly": 3.96,
            "eps_growth_yearly": 77.83
        },
        "20111": {
            "year_quarter": 20111,
            "year": 2011,
            "quarter": 1,
            "eps": 1.25,
            "eps_growth_year": -34.56,
            "eps_4q": 4.7,
            "eps_4q_growth_year": -14.73,
            "roe": 4.72,
            "roe_4q": 21.13,
            "gross_profit": 206007,
            "gross_margin": 35.67,
            "gross_margin_4q_avg": 37.58,
            "net_income": 102959,
            "revenue": 577564,
            "common_shares": 820743,
            "book_valuer_per_share": 27.31,
            "book_valuer_per_share_4q_avg": 24.5,
            "equity": 2241202,
            "current_ratio": 338.88,
            "debt_ratio": 24.58,
            "inventory_turnover_ratio": 1.08,
            "account_receivable_turnover_ratio": 0.67,
            "reinvestment_rate": 45.33,
            "research_to_sale_ratio": 1.76,
            "price_fair": 162,
            "eps_avg_yearly": 4.63,
            "eps_latest_yearly": 5,
            "eps_growth_yearly": 65.16
        },
        "20112": {
            "year_quarter": 20112,
            "year": 2011,
            "quarter": 2,
            "eps": 0.8,
            "eps_growth_year": -38.74,
            "eps_4q": 4.15,
            "eps_4q_growth_year": -28.43,
            "roe": 3.25,
            "roe_4q": 17.91,
            "gross_profit": 193891,
            "gross_margin": 30.99,
            "gross_margin_4q_avg": 35.86,
            "net_income": 69195,
            "revenue": 625680,
            "common_shares": 820743,
            "book_valuer_per_share": 24.63,
            "book_valuer_per_share_4q_avg": 25.85,
            "equity": 2021646,
            "current_ratio": 215.46,
            "debt_ratio": 35.95,
            "inventory_turnover_ratio": 1.16,
            "account_receivable_turnover_ratio": 0.64,
            "reinvestment_rate": 51.5,
            "research_to_sale_ratio": 1.61,
            "price_fair": 159,
            "eps_avg_yearly": 4.54,
            "eps_latest_yearly": 3.2,
            "eps_growth_yearly": 47.32
        },
        "20113": {
            "year_quarter": 20113,
            "year": 2011,
            "quarter": 3,
            "eps": 0.85,
            "eps_growth_year": -34.65,
            "eps_4q": 3.78,
            "eps_4q_growth_year": -30,
            "roe": 3.51,
            "roe_4q": 15.34,
            "gross_profit": 157568,
            "gross_margin": 30.78,
            "gross_margin_4q_avg": 33.96,
            "net_income": 73591,
            "revenue": 511998,
            "common_shares": 864910,
            "book_valuer_per_share": 25.04,
            "book_valuer_per_share_4q_avg": 25.71,
            "equity": 2165748,
            "current_ratio": 207.57,
            "debt_ratio": 37.51,
            "inventory_turnover_ratio": 0.88,
            "account_receivable_turnover_ratio": 0.52,
            "reinvestment_rate": 55.29,
            "research_to_sale_ratio": 2.01,
            "price_fair": 159.2,
            "eps_avg_yearly": 4.55,
            "eps_latest_yearly": 3.4,
            "eps_growth_yearly": 56.12
        },
        "20114": {
            "year_quarter": 20114,
            "year": 2011,
            "quarter": 4,
            "eps": 1.71,
            "eps_growth_year": 72.14,
            "eps_4q": 4.55,
            "eps_4q_growth_year": -12.1,
            "roe": 6.61,
            "roe_4q": 18.09,
            "gross_profit": 282290,
            "gross_margin": 37.96,
            "gross_margin_4q_avg": 33.85,
            "net_income": 148035,
            "revenue": 743582,
            "common_shares": 864910,
            "book_valuer_per_share": 26.72,
            "book_valuer_per_share_4q_avg": 25.93,
            "equity": 2311076,
            "current_ratio": 264.38,
            "debt_ratio": 29.1,
            "inventory_turnover_ratio": 1.1,
            "account_receivable_turnover_ratio": 0.73,
            "reinvestment_rate": 25.69,
            "research_to_sale_ratio": 1.42,
            "price_fair": 167.8,
            "eps_avg_yearly": 4.79,
            "eps_latest_yearly": 6.84,
            "eps_growth_yearly": 84.34
        },
        "20121": {
            "year_quarter": 20121,
            "year": 2012,
            "quarter": 1,
            "eps": 1.27,
            "eps_growth_year": 1.6,
            "eps_4q": 4.64,
            "eps_4q_growth_year": -1.44,
            "roe": 4.69,
            "roe_4q": 18.060000000000002,
            "gross_profit": 211572,
            "gross_margin": 35.99,
            "gross_margin_4q_avg": 33.93,
            "net_income": 110237,
            "revenue": 587916,
            "common_shares": 864910,
            "book_valuer_per_share": 27.65,
            "book_valuer_per_share_4q_avg": 26.01,
            "equity": 2391980,
            "current_ratio": 295.24,
            "debt_ratio": 26.59,
            "inventory_turnover_ratio": 0.91,
            "account_receivable_turnover_ratio": 0.54,
            "reinvestment_rate": 21.58,
            "research_to_sale_ratio": 1.62,
            "price_fair": 175.1,
            "eps_avg_yearly": 5,
            "eps_latest_yearly": 5.08,
            "eps_growth_yearly": 87.41
        },
        "20122": {
            "year_quarter": 20122,
            "year": 2012,
            "quarter": 2,
            "eps": 0.91,
            "eps_growth_year": 13.77,
            "eps_4q": 4.65,
            "eps_4q_growth_year": 12.07,
            "roe": 3.47,
            "roe_4q": 18.28,
            "gross_profit": 189374,
            "gross_margin": 32.23,
            "gross_margin_4q_avg": 34.24,
            "net_income": 80288,
            "revenue": 587640,
            "common_shares": 865022,
            "book_valuer_per_share": 25.76,
            "book_valuer_per_share_4q_avg": 26.29,
            "equity": 2232988,
            "current_ratio": 250.67,
            "debt_ratio": 30.65,
            "inventory_turnover_ratio": 1,
            "account_receivable_turnover_ratio": 0.55,
            "reinvestment_rate": 18.59,
            "research_to_sale_ratio": 1.75,
            "price_fair": 169.2,
            "eps_avg_yearly": 4.83,
            "eps_latest_yearly": 3.64,
            "eps_growth_yearly": 28.52
        },
        "20123": {
            "year_quarter": 20123,
            "year": 2012,
            "quarter": 3,
            "eps": 0.87,
            "eps_growth_year": 2.81,
            "eps_4q": 4.7,
            "eps_4q_growth_year": 24.28,
            "roe": 3.41,
            "roe_4q": 18.18,
            "gross_profit": 203037,
            "gross_margin": 36.26,
            "gross_margin_4q_avg": 35.61,
            "net_income": 77349,
            "revenue": 559936,
            "common_shares": 884051,
            "book_valuer_per_share": 26.1,
            "book_valuer_per_share_4q_avg": 26.56,
            "equity": 2307288,
            "current_ratio": 256.57,
            "debt_ratio": 30.19,
            "inventory_turnover_ratio": 0.95,
            "account_receivable_turnover_ratio": 0.54,
            "reinvestment_rate": 14.41,
            "research_to_sale_ratio": 2.34,
            "price_fair": 168.2,
            "eps_avg_yearly": 4.81,
            "eps_latest_yearly": 3.48,
            "eps_growth_yearly": 37.36
        },
        "20124": {
            "year_quarter": 20124,
            "year": 2012,
            "quarter": 4,
            "eps": 1.72,
            "eps_growth_year": 0.36,
            "eps_4q": 4.75,
            "eps_4q_growth_year": 4.27,
            "roe": 6.38,
            "roe_4q": 17.95,
            "gross_profit": 245392,
            "gross_margin": 35.35,
            "gross_margin_4q_avg": 34.96,
            "net_income": 151880,
            "revenue": 694128,
            "common_shares": 884051,
            "book_valuer_per_share": 27.72,
            "book_valuer_per_share_4q_avg": 26.81,
            "equity": 2450671,
            "current_ratio": 345.01,
            "debt_ratio": 23.39,
            "inventory_turnover_ratio": 1.23,
            "account_receivable_turnover_ratio": 0.74,
            "reinvestment_rate": 12.91,
            "research_to_sale_ratio": 1.71,
            "price_fair": 173.04,
            "eps_avg_yearly": 4.94,
            "eps_latest_yearly": 6.88,
            "eps_growth_yearly": 60.92
        },
        "20131": {
            "year_quarter": 20131,
            "year": 2013,
            "quarter": 1,
            "eps": 1.88,
            "eps_growth_year": 48.03,
            "eps_4q": 5.38,
            "eps_4q_growth_year": 15.99,
            "roe": 6.54,
            "roe_4q": 19.799999999999997,
            "gross_profit": 265419,
            "gross_margin": 39.84,
            "gross_margin_4q_avg": 35.92,
            "net_income": 166053,
            "revenue": 666151,
            "common_shares": 884051,
            "book_valuer_per_share": 29.7,
            "book_valuer_per_share_4q_avg": 27.32,
            "equity": 2626563,
            "current_ratio": 388.13,
            "debt_ratio": 22.12,
            "inventory_turnover_ratio": 1.1,
            "account_receivable_turnover_ratio": 0.69,
            "reinvestment_rate": 10.58,
            "research_to_sale_ratio": 2.31,
            "price_fair": 178.68,
            "eps_avg_yearly": 5.11,
            "eps_latest_yearly": 7.52,
            "eps_growth_yearly": 59.44
        },
        "20132": {
            "year_quarter": 20132,
            "year": 2013,
            "quarter": 2,
            "eps": 1.57,
            "eps_growth_year": 73.24,
            "eps_4q": 6.03,
            "eps_4q_growth_year": 29.72,
            "roe": 5.44,
            "roe_4q": 21.77,
            "gross_profit": 276758,
            "gross_margin": 39.93,
            "gross_margin_4q_avg": 37.85,
            "net_income": 139294,
            "revenue": 693174,
            "common_shares": 885858,
            "book_valuer_per_share": 28.17,
            "book_valuer_per_share_4q_avg": 27.92,
            "equity": 2495888,
            "current_ratio": 266.46,
            "debt_ratio": 30.33,
            "inventory_turnover_ratio": 1.07,
            "account_receivable_turnover_ratio": 0.67,
            "reinvestment_rate": 11.77,
            "research_to_sale_ratio": 2.4,
            "price_fair": 183.05,
            "eps_avg_yearly": 5.23,
            "eps_latest_yearly": 6.28,
            "eps_growth_yearly": 34.98
        },
        "20133": {
            "year_quarter": 20133,
            "year": 2013,
            "quarter": 3,
            "eps": 1.11,
            "eps_growth_year": 26.89,
            "eps_4q": 6.27,
            "eps_4q_growth_year": 33.27,
            "roe": 3.87,
            "roe_4q": 22.23,
            "gross_profit": 224238,
            "gross_margin": 37.2,
            "gross_margin_4q_avg": 38.08,
            "net_income": 98265,
            "revenue": 602770,
            "common_shares": 885858,
            "book_valuer_per_share": 29.09,
            "book_valuer_per_share_4q_avg": 28.67,
            "equity": 2577876,
            "current_ratio": 156.53,
            "debt_ratio": 40.81,
            "inventory_turnover_ratio": 0.87,
            "account_receivable_turnover_ratio": 0.63,
            "reinvestment_rate": 60.91,
            "research_to_sale_ratio": 2.52,
            "price_fair": 176.36,
            "eps_avg_yearly": 5.2,
            "eps_latest_yearly": 4.44,
            "eps_growth_yearly": 23.91
        },
        "20134": {
            "year_quarter": 20134,
            "year": 2013,
            "quarter": 4,
            "eps": 2.15,
            "eps_growth_year": 25.32,
            "eps_4q": 6.31,
            "eps_4q_growth_year": 32.92,
            "roe": 6.86,
            "roe_4q": 22.71,
            "gross_profit": 323537,
            "gross_margin": 39.29,
            "gross_margin_4q_avg": 39.07,
            "net_income": 208996,
            "revenue": 823373,
            "common_shares": 971068,
            "book_valuer_per_share": 36.18,
            "book_valuer_per_share_4q_avg": 30.79,
            "equity": 3513533,
            "current_ratio": 246.77,
            "debt_ratio": 29.58,
            "inventory_turnover_ratio": 1.08,
            "account_receivable_turnover_ratio": 0.81,
            "reinvestment_rate": 57.3,
            "research_to_sale_ratio": 2.47,
            "price_fair": 188.91,
            "eps_avg_yearly": 5.4,
            "eps_latest_yearly": 8.6,
            "eps_growth_yearly": 44.7
        },
        "20141": {
            "year_quarter": 20141,
            "year": 2014,
            "quarter": 1,
            "eps": 2.05,
            "eps_growth_year": 9.04,
            "eps_4q": 6.64,
            "eps_4q_growth_year": 23.57,
            "roe": 5.5,
            "roe_4q": 21.67,
            "gross_profit": 319345,
            "gross_margin": 42.32,
            "gross_margin_4q_avg": 39.69,
            "net_income": 198646,
            "revenue": 754653,
            "common_shares": 971068,
            "book_valuer_per_share": 38.2,
            "book_valuer_per_share_4q_avg": 32.91,
            "equity": 3709600,
            "current_ratio": 371.71,
            "debt_ratio": 20.97,
            "inventory_turnover_ratio": 0.9,
            "account_receivable_turnover_ratio": 0.62,
            "reinvestment_rate": 54.23,
            "research_to_sale_ratio": 2.28,
            "price_fair": 190.14,
            "eps_avg_yearly": 5.43,
            "eps_latest_yearly": 8.2,
            "eps_growth_yearly": 33.42
        },
        "20142": {
            "year_quarter": 20142,
            "year": 2014,
            "quarter": 2,
            "eps": 1.6,
            "eps_growth_year": 1.91,
            "eps_4q": 6.81,
            "eps_4q_growth_year": 12.89,
            "roe": 4.47,
            "roe_4q": 20.7,
            "gross_profit": 318466,
            "gross_margin": 40.83,
            "gross_margin_4q_avg": 39.91,
            "net_income": 155741,
            "revenue": 779892,
            "common_shares": 971244,
            "book_valuer_per_share": 33.52,
            "book_valuer_per_share_4q_avg": 34.25,
            "equity": 3255784,
            "current_ratio": 213.37,
            "debt_ratio": 32.92,
            "inventory_turnover_ratio": 0.91,
            "account_receivable_turnover_ratio": 0.62,
            "reinvestment_rate": 49.42,
            "research_to_sale_ratio": 2.41,
            "price_fair": 192.76,
            "eps_avg_yearly": 5.51,
            "eps_latest_yearly": 6.4,
            "eps_growth_yearly": 35.92
        },
        "20143": {
            "year_quarter": 20143,
            "year": 2014,
            "quarter": 3,
            "eps": 1.7,
            "eps_growth_year": 53.15,
            "eps_4q": 7.5,
            "eps_4q_growth_year": 19.63,
            "roe": 4.92,
            "roe_4q": 21.75,
            "gross_profit": 304030,
            "gross_margin": 39.91,
            "gross_margin_4q_avg": 40.59,
            "net_income": 165159,
            "revenue": 761751,
            "common_shares": 971244,
            "book_valuer_per_share": 35.63,
            "book_valuer_per_share_4q_avg": 35.88,
            "equity": 3460857,
            "current_ratio": 234.42,
            "debt_ratio": 30.28,
            "inventory_turnover_ratio": 0.86,
            "account_receivable_turnover_ratio": 0.61,
            "reinvestment_rate": 49.97,
            "research_to_sale_ratio": 2.36,
            "price_fair": 196.26,
            "eps_avg_yearly": 5.61,
            "eps_latest_yearly": 6.8,
            "eps_growth_yearly": 37.48
        },
        "20144": {
            "year_quarter": 20144,
            "year": 2014,
            "quarter": 4,
            "eps": 2.65,
            "eps_growth_year": 23.17,
            "eps_4q": 8,
            "eps_4q_growth_year": 26.8,
            "roe": 7.11,
            "roe_4q": 22,
            "gross_profit": 420055,
            "gross_margin": 44.93,
            "gross_margin_4q_avg": 42,
            "net_income": 257509,
            "revenue": 934953,
            "common_shares": 971426,
            "book_valuer_per_share": 38.95,
            "book_valuer_per_share_4q_avg": 36.58,
            "equity": 3784006,
            "current_ratio": 275.11,
            "debt_ratio": 26.29,
            "inventory_turnover_ratio": 0.9,
            "account_receivable_turnover_ratio": 0.73,
            "reinvestment_rate": 50.04,
            "research_to_sale_ratio": 2.25,
            "price_fair": 210.79,
            "eps_avg_yearly": 6.02,
            "eps_latest_yearly": 10.6,
            "eps_growth_yearly": 57.41
        },
        "20151": {
            "year_quarter": 20151,
            "year": 2015,
            "quarter": 1,
            "eps": 1.9,
            "eps_growth_year": -7.32,
            "eps_4q": 7.85,
            "eps_4q_growth_year": 18.22,
            "roe": 4.78,
            "roe_4q": 21.28,
            "gross_profit": 367131,
            "gross_margin": 43.52,
            "gross_margin_4q_avg": 42.3,
            "net_income": 184783,
            "revenue": 843576,
            "common_shares": 971426,
            "book_valuer_per_share": 40.63,
            "book_valuer_per_share_4q_avg": 37.18,
            "equity": 3947288,
            "current_ratio": 304.43,
            "debt_ratio": 24.32,
            "inventory_turnover_ratio": 0.79,
            "account_receivable_turnover_ratio": 0.6,
            "reinvestment_rate": 47.66,
            "research_to_sale_ratio": 2.26,
            "price_fair": 216.48,
            "eps_avg_yearly": 6.19,
            "eps_latest_yearly": 7.6,
            "eps_growth_yearly": 43.77
        },
        "20152": {
            "year_quarter": 20152,
            "year": 2015,
            "quarter": 2,
            "eps": 2.16,
            "eps_growth_year": 35,
            "eps_4q": 8.41,
            "eps_4q_growth_year": 23.44,
            "roe": 5.57,
            "roe_4q": 22.380000000000003,
            "gross_profit": 368760,
            "gross_margin": 43.85,
            "gross_margin_4q_avg": 43.05,
            "net_income": 209543,
            "revenue": 841026,
            "common_shares": 971532,
            "book_valuer_per_share": 36.81,
            "book_valuer_per_share_4q_avg": 38.01,
            "equity": 3576384,
            "current_ratio": 207.63,
            "debt_ratio": 33.95,
            "inventory_turnover_ratio": 0.77,
            "account_receivable_turnover_ratio": 0.54,
            "reinvestment_rate": 41.91,
            "research_to_sale_ratio": 2.21,
            "price_fair": 228.38,
            "eps_avg_yearly": 6.53,
            "eps_latest_yearly": 8.64,
            "eps_growth_yearly": 56.19
        },
        "20153": {
            "year_quarter": 20153,
            "year": 2015,
            "quarter": 3,
            "eps": 2.03,
            "eps_growth_year": 19.41,
            "eps_4q": 8.74,
            "eps_4q_growth_year": 16.51,
            "roe": 5.3,
            "roe_4q": 22.76,
            "gross_profit": 289591,
            "gross_margin": 38.95,
            "gross_margin_4q_avg": 42.81,
            "net_income": 196921,
            "revenue": 743451,
            "common_shares": 971532,
            "book_valuer_per_share": 39.69,
            "book_valuer_per_share_4q_avg": 39.02,
            "equity": 3856172,
            "current_ratio": 238.95,
            "debt_ratio": 29.52,
            "inventory_turnover_ratio": 0.71,
            "account_receivable_turnover_ratio": 0.46,
            "reinvestment_rate": 41.2,
            "research_to_sale_ratio": 2.53,
            "price_fair": 238.7,
            "eps_avg_yearly": 6.82,
            "eps_latest_yearly": 8.12,
            "eps_growth_yearly": 53.13
        },
        "20154": {
            "year_quarter": 20154,
            "year": 2015,
            "quarter": 4,
            "eps": 2.16,
            "eps_growth_year": -18.48,
            "eps_4q": 8.25,
            "eps_4q_growth_year": 3.1,
            "roe": 5.33,
            "roe_4q": 20.98,
            "gross_profit": 468215,
            "gross_margin": 48.37,
            "gross_margin_4q_avg": 43.67,
            "net_income": 209951,
            "revenue": 968023,
            "common_shares": 971532,
            "book_valuer_per_share": 41.38,
            "book_valuer_per_share_4q_avg": 39.63,
            "equity": 4020383,
            "current_ratio": 238.11,
            "debt_ratio": 29.66,
            "inventory_turnover_ratio": 0.72,
            "account_receivable_turnover_ratio": 0.6,
            "reinvestment_rate": 43.33,
            "research_to_sale_ratio": 2.19,
            "price_fair": 242.64,
            "eps_avg_yearly": 6.93,
            "eps_latest_yearly": 8.64,
            "eps_growth_yearly": 29.43
        },
        "20161": {
            "year_quarter": 20161,
            "year": 2016,
            "quarter": 1,
            "eps": 1.78,
            "eps_growth_year": -6.32,
            "eps_4q": 8.12,
            "eps_4q_growth_year": 3.39,
            "roe": 4.22,
            "roe_4q": 20.42,
            "gross_profit": 381321,
            "gross_margin": 41.83,
            "gross_margin_4q_avg": 43.25,
            "net_income": 172621,
            "revenue": 911562,
            "common_shares": 971532,
            "book_valuer_per_share": 42.74,
            "book_valuer_per_share_4q_avg": 40.16,
            "equity": 4152394,
            "current_ratio": 260.76,
            "debt_ratio": 26.66,
            "inventory_turnover_ratio": 0.77,
            "account_receivable_turnover_ratio": 0.55,
            "reinvestment_rate": 44.01,
            "research_to_sale_ratio": 2.52,
            "price_fair": 247.1,
            "eps_avg_yearly": 7.06,
            "eps_latest_yearly": 7.12,
            "eps_growth_yearly": 31.47
        },
        "20162": {
            "year_quarter": 20162,
            "year": 2016,
            "quarter": 2,
            "eps": 1.79,
            "eps_growth_year": -17.13,
            "eps_4q": 7.75,
            "eps_4q_growth_year": -7.81,
            "roe": 4.4,
            "roe_4q": 19.25,
            "gross_profit": 407474,
            "gross_margin": 45.08,
            "gross_margin_4q_avg": 43.56,
            "net_income": 173796,
            "revenue": 903989,
            "common_shares": 971532,
            "book_valuer_per_share": 38.57,
            "book_valuer_per_share_4q_avg": 40.6,
            "equity": 3747156,
            "current_ratio": 191.24,
            "debt_ratio": 35.1,
            "inventory_turnover_ratio": 0.78,
            "account_receivable_turnover_ratio": 0.52,
            "reinvestment_rate": 43.02,
            "research_to_sale_ratio": 2.58,
            "price_fair": 254.8,
            "eps_avg_yearly": 7.28,
            "eps_latest_yearly": 7.16,
            "eps_growth_yearly": 38.69
        },
        "20163": {
            "year_quarter": 20163,
            "year": 2016,
            "quarter": 3,
            "eps": 2.09,
            "eps_growth_year": 2.96,
            "eps_4q": 7.82,
            "eps_4q_growth_year": -10.5,
            "roe": 5.33,
            "roe_4q": 19.28,
            "gross_profit": 436239,
            "gross_margin": 47.75,
            "gross_margin_4q_avg": 45.76,
            "net_income": 203458,
            "revenue": 913540,
            "common_shares": 971580,
            "book_valuer_per_share": 39.96,
            "book_valuer_per_share_4q_avg": 40.66,
            "equity": 3883143,
            "current_ratio": 209.62,
            "debt_ratio": 32.24,
            "inventory_turnover_ratio": 0.77,
            "account_receivable_turnover_ratio": 0.52,
            "reinvestment_rate": 41.39,
            "research_to_sale_ratio": 2.77,
            "price_fair": 265.48,
            "eps_avg_yearly": 7.59,
            "eps_latest_yearly": 8.36,
            "eps_growth_yearly": 43.98
        },
        "20164": {
            "year_quarter": 20164,
            "year": 2016,
            "quarter": 4,
            "eps": 3.58,
            "eps_growth_year": 65.62,
            "eps_4q": 9.24,
            "eps_4q_growth_year": 12,
            "roe": 8.61,
            "roe_4q": 22.56,
            "gross_profit": 597132,
            "gross_margin": 47.64,
            "gross_margin_4q_avg": 45.58,
            "net_income": 347846,
            "revenue": 1253375,
            "common_shares": 971580,
            "book_valuer_per_share": 43.19,
            "book_valuer_per_share_4q_avg": 41.12,
            "equity": 4197070,
            "current_ratio": 237.14,
            "debt_ratio": 29.26,
            "inventory_turnover_ratio": 1.04,
            "account_receivable_turnover_ratio": 0.67,
            "reinvestment_rate": 36.29,
            "research_to_sale_ratio": 2.61,
            "price_fair": 281.75,
            "eps_avg_yearly": 8.05,
            "eps_latest_yearly": 14.32,
            "eps_growth_yearly": 37.38
        },
        "20171": {
            "year_quarter": 20171,
            "year": 2017,
            "quarter": 1,
            "eps": 2.78,
            "eps_growth_year": 56.18,
            "eps_4q": 10.24,
            "eps_4q_growth_year": 26.1,
            "roe": 6.3,
            "roe_4q": 24.64,
            "gross_profit": 555906,
            "gross_margin": 53.55,
            "gross_margin_4q_avg": 48.51,
            "net_income": 270049,
            "revenue": 1038170,
            "common_shares": 971817,
            "book_valuer_per_share": 45.09,
            "book_valuer_per_share_4q_avg": 41.7,
            "equity": 4381745,
            "current_ratio": 263.67,
            "debt_ratio": 26.71,
            "inventory_turnover_ratio": 0.7,
            "account_receivable_turnover_ratio": 0.51,
            "reinvestment_rate": 36.99,
            "research_to_sale_ratio": 2.19,
            "price_fair": 289.63,
            "eps_avg_yearly": 8.28,
            "eps_latest_yearly": 11.12,
            "eps_growth_yearly": 29.47
        },
        "20172": {
            "year_quarter": 20172,
            "year": 2017,
            "quarter": 2,
            "eps": 2.26,
            "eps_growth_year": 26.26,
            "eps_4q": 10.71,
            "eps_4q_growth_year": 38.13,
            "roe": 5.2,
            "roe_4q": 25.439999999999998,
            "gross_profit": 390820,
            "gross_margin": 42.83,
            "gross_margin_4q_avg": 47.94,
            "net_income": 219411,
            "revenue": 912586,
            "common_shares": 971817,
            "book_valuer_per_share": 41.76,
            "book_valuer_per_share_4q_avg": 42.5,
            "equity": 4058038,
            "current_ratio": 185.36,
            "debt_ratio": 36.69,
            "inventory_turnover_ratio": 0.67,
            "account_receivable_turnover_ratio": 0.46,
            "reinvestment_rate": 38.83,
            "research_to_sale_ratio": 2.9,
            "price_fair": 295.66,
            "eps_avg_yearly": 8.45,
            "eps_latest_yearly": 9.04,
            "eps_growth_yearly": 28.92
        },
        "20173": {
            "year_quarter": 20173,
            "year": 2017,
            "quarter": 3,
            "eps": 2.17,
            "eps_growth_year": 3.83,
            "eps_4q": 10.79,
            "eps_4q_growth_year": 37.98,
            "roe": 5.07,
            "roe_4q": 25.18,
            "gross_profit": 344467,
            "gross_margin": 39.13,
            "gross_margin_4q_avg": 45.79,
            "net_income": 211153,
            "revenue": 880310,
            "common_shares": 971817,
            "book_valuer_per_share": 43.91,
            "book_valuer_per_share_4q_avg": 43.49,
            "equity": 4267034,
            "current_ratio": 193.32,
            "debt_ratio": 34.94,
            "inventory_turnover_ratio": 0.61,
            "account_receivable_turnover_ratio": 0.48,
            "reinvestment_rate": 13.18,
            "research_to_sale_ratio": 3.39,
            "price_fair": 304.94,
            "eps_avg_yearly": 8.71,
            "eps_latest_yearly": 8.68,
            "eps_growth_yearly": 35.24
        },
        "20174": {
            "year_quarter": 20174,
            "year": 2017,
            "quarter": 4,
            "eps": 2.79,
            "eps_growth_year": -22.05,
            "eps_4q": 10,
            "eps_4q_growth_year": 8.22,
            "roe": 6.16,
            "roe_4q": 22.73,
            "gross_profit": 537674,
            "gross_margin": 43.17,
            "gross_margin_4q_avg": 44.67,
            "net_income": 271253,
            "revenue": 1245557,
            "common_shares": 971817,
            "book_valuer_per_share": 46.68,
            "book_valuer_per_share_4q_avg": 44.36,
            "equity": 4541752,
            "current_ratio": 194.75,
            "debt_ratio": 34.88,
            "inventory_turnover_ratio": 0.74,
            "account_receivable_turnover_ratio": 0.65,
            "reinvestment_rate": 16.88,
            "research_to_sale_ratio": 2.38,
            "price_fair": 256.98,
            "eps_avg_yearly": 8.87,
            "eps_latest_yearly": 11.16,
            "eps_growth_yearly": 18.96
        },
        "20181": {
            "year_quarter": 20181,
            "year": 2018,
            "quarter": 1,
            "eps": 2.34,
            "eps_growth_year": -15.83,
            "eps_4q": 9.55,
            "eps_4q_growth_year": -6.7,
            "roe": 4.86,
            "roe_4q": 21.29,
            "gross_profit": 401362,
            "gross_margin": 36.17,
            "gross_margin_4q_avg": 40.33,
            "net_income": 227145,
            "revenue": 1109520,
            "common_shares": 972223,
            "book_valuer_per_share": 49.34,
            "book_valuer_per_share_4q_avg": 45.42,
            "equity": 4800291,
            "current_ratio": 213.83,
            "debt_ratio": 31.67,
            "inventory_turnover_ratio": 0.72,
            "account_receivable_turnover_ratio": 0.54,
            "reinvestment_rate": 18.02,
            "research_to_sale_ratio": 2.43,
            "price_fair": 233.42,
            "eps_avg_yearly": 8.95,
            "eps_latest_yearly": 9.36,
            "eps_growth_yearly": 16.09
        },
        "20182": {
            "year_quarter": 20182,
            "year": 2018,
            "quarter": 2,
            "eps": 1.34,
            "eps_growth_year": -40.71,
            "eps_4q": 8.64,
            "eps_4q_growth_year": -19.37,
            "roe": 2.91,
            "roe_4q": 19,
            "gross_profit": 340919,
            "gross_margin": 32.97,
            "gross_margin_4q_avg": 37.86,
            "net_income": 129869,
            "revenue": 1034061,
            "common_shares": 972223,
            "book_valuer_per_share": 42.46,
            "book_valuer_per_share_4q_avg": 45.6,
            "equity": 4131369,
            "current_ratio": 156.43,
            "debt_ratio": 40.19,
            "inventory_turnover_ratio": 0.7,
            "account_receivable_turnover_ratio": 0.52,
            "reinvestment_rate": 23.49,
            "research_to_sale_ratio": 3.22,
            "price_fair": 185.58,
            "eps_avg_yearly": 8.88,
            "eps_latest_yearly": 5.36,
            "eps_growth_yearly": 10.9
        },
        "20183": {
            "year_quarter": 20183,
            "year": 2018,
            "quarter": 3,
            "eps": 0.55,
            "eps_growth_year": -74.65,
            "eps_4q": 7.01,
            "eps_4q_growth_year": -35.02,
            "roe": 1.27,
            "roe_4q": 15.2,
            "gross_profit": 290475,
            "gross_margin": 31.41,
            "gross_margin_4q_avg": 35.93,
            "net_income": 52468,
            "revenue": 924754,
            "common_shares": 972223,
            "book_valuer_per_share": 42.27,
            "book_valuer_per_share_4q_avg": 45.19,
            "equity": 4112244,
            "current_ratio": 160.91,
            "debt_ratio": 37.76,
            "inventory_turnover_ratio": 0.67,
            "account_receivable_turnover_ratio": 0.54,
            "reinvestment_rate": 24.3,
            "research_to_sale_ratio": 4.52,
            "price_fair": 25.78,
            "eps_avg_yearly": 8.59,
            "eps_latest_yearly": 2.2,
            "eps_growth_yearly": -5.4
        },
        "20184": {
            "year_quarter": 20184,
            "year": 2018,
            "quarter": 4,
            "eps": 1.78,
            "eps_growth_year": -36.24,
            "eps_4q": 6,
            "eps_4q_growth_year": -39.98,
            "roe": 4.1,
            "roe_4q": 13.14,
            "gross_profit": 377534,
            "gross_margin": 37.33,
            "gross_margin_4q_avg": 34.47,
            "net_income": 172413,
            "revenue": 1011446,
            "common_shares": 972241,
            "book_valuer_per_share": 44.25,
            "book_valuer_per_share_4q_avg": 44.58,
            "equity": 4304040,
            "current_ratio": 162.51,
            "debt_ratio": 36.51,
            "inventory_turnover_ratio": 0.69,
            "account_receivable_turnover_ratio": 0.64,
            "reinvestment_rate": 27.58,
            "research_to_sale_ratio": 4.64,
            "price_fair": 293.13,
            "eps_avg_yearly": 8.38,
            "eps_latest_yearly": 7.12,
            "eps_growth_yearly": 36.54
        },
        "20191": {
            "year_quarter": 20191,
            "year": 2019,
            "quarter": 1,
            "eps": 1.2,
            "eps_growth_year": -48.72,
            "eps_4q": 4.86,
            "eps_4q_growth_year": -49.11,
            "roe": 2.64,
            "roe_4q": 10.92,
            "gross_profit": 236526,
            "gross_margin": 27.02,
            "gross_margin_4q_avg": 32.18,
            "net_income": 115830,
            "revenue": 875494,
            "common_shares": 972241,
            "book_valuer_per_share": 45.99,
            "book_valuer_per_share_4q_avg": 43.74,
            "equity": 4473158,
            "current_ratio": 168.36,
            "debt_ratio": 34.96,
            "inventory_turnover_ratio": 0.73,
            "account_receivable_turnover_ratio": 0.54,
            "reinvestment_rate": 30.03,
            "research_to_sale_ratio": 4.86,
            "price_fair": 287,
            "eps_avg_yearly": 8.2,
            "eps_latest_yearly": 4.8,
            "eps_growth_yearly": 35.47
        },
        "20192": {
            "year_quarter": 20192,
            "year": 2019,
            "quarter": 2,
            "eps": 0.45,
            "eps_growth_year": -66.42,
            "eps_4q": 3.97,
            "eps_4q_growth_year": -54,
            "roe": 1.02,
            "roe_4q": 9.03,
            "gross_profit": 236272,
            "gross_margin": 28.08,
            "gross_margin_4q_avg": 30.96,
            "net_income": 43883,
            "revenue": 841509,
            "common_shares": 972241,
            "book_valuer_per_share": 42.14,
            "book_valuer_per_share_4q_avg": 43.66,
            "equity": 4099050,
            "current_ratio": 147.38,
            "debt_ratio": 38.51,
            "inventory_turnover_ratio": 0.75,
            "account_receivable_turnover_ratio": 0.53,
            "reinvestment_rate": 32.12,
            "research_to_sale_ratio": 5.73,
            "price_fair": 205.34,
            "eps_avg_yearly": 7.77,
            "eps_latest_yearly": 1.8,
            "eps_growth_yearly": 16.42
        },
        "20193": {
            "year_quarter": 20193,
            "year": 2019,
            "quarter": 3,
            "eps": 0.96,
            "eps_growth_year": 74.55,
            "eps_4q": 4.39,
            "eps_4q_growth_year": -37.41,
            "roe": 2.28,
            "roe_4q": 10.04,
            "gross_profit": 297897,
            "gross_margin": 31.94,
            "gross_margin_4q_avg": 31.09,
            "net_income": 93756,
            "revenue": 932782,
            "common_shares": 972241,
            "book_valuer_per_share": 42.31,
            "book_valuer_per_share_4q_avg": 43.67,
            "equity": 4115574,
            "current_ratio": 153.07,
            "debt_ratio": 35.93,
            "inventory_turnover_ratio": 0.83,
            "account_receivable_turnover_ratio": 0.65,
            "reinvestment_rate": 31.14,
            "research_to_sale_ratio": 5.06,
            "price_fair": 262.68,
            "eps_avg_yearly": 7.51,
            "eps_latest_yearly": 3.84,
            "eps_growth_yearly": 46.26
        },
        "20194": {
            "year_quarter": 20194,
            "year": 2019,
            "quarter": 4,
            "eps": 2.17,
            "eps_growth_year": 21.75,
            "eps_4q": 4.78,
            "eps_4q_growth_year": -20.41,
            "roe": 4.99,
            "roe_4q": 10.93,
            "gross_profit": 459804,
            "gross_margin": 40.28,
            "gross_margin_4q_avg": 31.83,
            "net_income": 210404,
            "revenue": 1141494,
            "common_shares": 972241,
            "book_valuer_per_share": 44.35,
            "book_valuer_per_share_4q_avg": 43.7,
            "equity": 4314055,
            "current_ratio": 155.57,
            "debt_ratio": 36.73,
            "inventory_turnover_ratio": 0.88,
            "account_receivable_turnover_ratio": 0.76,
            "reinvestment_rate": 30.91,
            "research_to_sale_ratio": 4.16,
            "price_fair": 262.76,
            "eps_avg_yearly": 7.51,
            "eps_latest_yearly": 8.68,
            "eps_growth_yearly": 76.17
        },
        "20201": {
            "year_quarter": 20201,
            "year": 2020,
            "quarter": 1,
            "eps": 0.59,
            "eps_growth_year": -50.83,
            "eps_4q": 4.16,
            "eps_4q_growth_year": -14.36,
            "roe": 1.25,
            "roe_4q": 9.54,
            "gross_profit": 229630,
            "gross_margin": 30.6,
            "gross_margin_4q_avg": 32.73,
            "net_income": 54325,
            "revenue": 750448,
            "common_shares": 972241,
            "book_valuer_per_share": 44.7,
            "book_valuer_per_share_4q_avg": 43.38,
            "equity": 4345262,
            "current_ratio": 158.72,
            "debt_ratio": 35.38,
            "inventory_turnover_ratio": 0.66,
            "account_receivable_turnover_ratio": 0.46,
            "reinvestment_rate": 32.63,
            "research_to_sale_ratio": 5.25,
            "price_fair": 252.35,
            "eps_avg_yearly": 7.21,
            "eps_latest_yearly": 2.36,
            "eps_growth_yearly": 62.36
        },
        "20202": {
            "year_quarter": 20202,
            "year": 2020,
            "quarter": 2,
            "eps": 0.41,
            "eps_growth_year": -8.89,
            "eps_4q": 4.03,
            "eps_4q_growth_year": 1.4,
            "roe": 1.01,
            "roe_4q": 9.53,
            "gross_profit": 217015,
            "gross_margin": 30.01,
            "gross_margin_4q_avg": 33.21,
            "net_income": 42429,
            "revenue": 723166,
            "common_shares": 972241,
            "book_valuer_per_share": 41.79,
            "book_valuer_per_share_4q_avg": 43.29,
            "equity": 4064277,
            "current_ratio": 149.04,
            "debt_ratio": 35.02,
            "inventory_turnover_ratio": 0.68,
            "account_receivable_turnover_ratio": 0.51,
            "reinvestment_rate": 34.93,
            "research_to_sale_ratio": 6.08,
            "price_fair": 240.28,
            "eps_avg_yearly": 6.87,
            "eps_latest_yearly": 1.64,
            "eps_growth_yearly": 54.59
        },
        "20203": {
            "year_quarter": 20203,
            "year": 2020,
            "quarter": 3,
            "eps": 1.6,
            "eps_growth_year": 66.67,
            "eps_4q": 4.71,
            "eps_4q_growth_year": 7.32,
            "roe": 3.86,
            "roe_4q": 11.11,
            "gross_profit": 346504,
            "gross_margin": 38.23,
            "gross_margin_4q_avg": 34.78,
            "net_income": 160770,
            "revenue": 906297,
            "common_shares": 996547,
            "book_valuer_per_share": 42.62,
            "book_valuer_per_share_4q_avg": 43.37,
            "equity": 4256892,
            "current_ratio": 156.73,
            "debt_ratio": 33.78,
            "inventory_turnover_ratio": 0.78,
            "account_receivable_turnover_ratio": 0.68,
            "reinvestment_rate": 37.69,
            "research_to_sale_ratio": 5.12,
            "price_fair": 235.99,
            "eps_avg_yearly": 6.74,
            "eps_latest_yearly": 6.4,
            "eps_growth_yearly": 122.97
        },
        "20204": {
            "year_quarter": 20204,
            "year": 2020,
            "quarter": 4,
            "eps": 3,
            "eps_growth_year": 38.4,
            "eps_4q": 5.59,
            "eps_4q_growth_year": 17.14,
            "roe": 6.78,
            "roe_4q": 12.9,
            "gross_profit": 536768,
            "gross_margin": 42.15,
            "gross_margin_4q_avg": 35.25,
            "net_income": 300702,
            "revenue": 1273361,
            "common_shares": 996547,
            "book_valuer_per_share": 46.2,
            "book_valuer_per_share_4q_avg": 43.83,
            "equity": 4615508,
            "current_ratio": 164.73,
            "debt_ratio": 34.33,
            "inventory_turnover_ratio": 0.96,
            "account_receivable_turnover_ratio": 0.76,
            "reinvestment_rate": 43.42,
            "research_to_sale_ratio": 3.87,
            "price_fair": 230.91,
            "eps_avg_yearly": 6.6,
            "eps_latest_yearly": 12,
            "eps_growth_yearly": 127.02
        },
        "20211": {
            "year_quarter": 20211,
            "year": 2021,
            "quarter": 1,
            "eps": 2.25,
            "eps_growth_year": 281.36,
            "eps_4q": 7.27,
            "eps_4q_growth_year": 74.64,
            "roe": 4.77,
            "roe_4q": 16.42,
            "gross_profit": 455343,
            "gross_margin": 39.37,
            "gross_margin_4q_avg": 37.44,
            "net_income": 225253,
            "revenue": 1156665,
            "common_shares": 996547,
            "book_valuer_per_share": 48.25,
            "book_valuer_per_share_4q_avg": 44.72,
            "equity": 4821292,
            "current_ratio": 176.82,
            "debt_ratio": 32.57,
            "inventory_turnover_ratio": 0.84,
            "account_receivable_turnover_ratio": 0.59,
            "reinvestment_rate": 41.54,
            "research_to_sale_ratio": 4.15,
            "price_fair": 226.28,
            "eps_avg_yearly": 6.47,
            "eps_latest_yearly": 9,
            "eps_growth_yearly": 126.35
        },
        "20212": {
            "year_quarter": 20212,
            "year": 2021,
            "quarter": 2,
            "eps": 1.62,
            "eps_growth_year": 295.12,
            "eps_4q": 8.49,
            "eps_4q_growth_year": 110.75,
            "roe": 3.47,
            "roe_4q": 18.88,
            "gross_profit": 417041,
            "gross_margin": 35.59,
            "gross_margin_4q_avg": 38.84,
            "net_income": 163290,
            "revenue": 1171905,
            "common_shares": 996547,
            "book_valuer_per_share": 45.8,
            "book_valuer_per_share_4q_avg": 45.72,
            "equity": 4579128,
            "current_ratio": 147.14,
            "debt_ratio": 39.49,
            "inventory_turnover_ratio": 0.82,
            "account_receivable_turnover_ratio": 0.59,
            "reinvestment_rate": 41.5,
            "research_to_sale_ratio": 4.12,
            "price_fair": 220.68,
            "eps_avg_yearly": 6.31,
            "eps_latest_yearly": 6.48,
            "eps_growth_yearly": 124.03
        },
        "20213": {
            "year_quarter": 20213,
            "year": 2021,
            "quarter": 3,
            "eps": 1.73,
            "eps_growth_year": 8.12,
            "eps_4q": 8.6,
            "eps_4q_growth_year": 82.52,
            "roe": 3.75,
            "roe_4q": 18.77,
            "gross_profit": 387299,
            "gross_margin": 33.54,
            "gross_margin_4q_avg": 37.66,
            "net_income": 175133,
            "revenue": 1154663,
            "common_shares": 996547,
            "book_valuer_per_share": 47.54,
            "book_valuer_per_share_4q_avg": 46.95,
            "equity": 4755463,
            "current_ratio": 149.97,
            "debt_ratio": 38.75,
            "inventory_turnover_ratio": 0.72,
            "account_receivable_turnover_ratio": 0.6,
            "reinvestment_rate": 44.13,
            "research_to_sale_ratio": 4.47,
            "price_fair": 216.83,
            "eps_avg_yearly": 6.2,
            "eps_latest_yearly": 6.92,
            "eps_growth_yearly": 126.72
        },
        "20214": {
            "year_quarter": 20214,
            "year": 2021,
            "quarter": 4,
            "eps": 2.31,
            "eps_growth_year": -22.79,
            "eps_4q": 7.91,
            "eps_4q_growth_year": 41.45,
            "roe": 4.76,
            "roe_4q": 16.75,
            "gross_profit": 476157,
            "gross_margin": 32.49,
            "gross_margin_4q_avg": 35.25,
            "net_income": 232032,
            "revenue": 1465629,
            "common_shares": 996547,
            "book_valuer_per_share": 50.02,
            "book_valuer_per_share_4q_avg": 47.9,
            "equity": 5004043,
            "current_ratio": 149.43,
            "debt_ratio": 38.98,
            "inventory_turnover_ratio": 0.81,
            "account_receivable_turnover_ratio": 0.73,
            "reinvestment_rate": 43.93,
            "research_to_sale_ratio": 4.4,
            "price_fair": 212.63,
            "eps_avg_yearly": 6.08,
            "eps_latest_yearly": 9.24,
            "eps_growth_yearly": 127.96
        },
        "20221": {
            "year_quarter": 20221,
            "year": 2022,
            "quarter": 1,
            "eps": 2.07,
            "eps_growth_year": -8,
            "eps_4q": 7.74,
            "eps_4q_growth_year": 6.37,
            "roe": 4.02,
            "roe_4q": 16,
            "gross_profit": 425924,
            "gross_margin": 32.01,
            "gross_margin_4q_avg": 33.41,
            "net_income": 207412,
            "revenue": 1330662,
            "common_shares": 996547,
            "book_valuer_per_share": 53.2,
            "book_valuer_per_share_4q_avg": 49.14,
            "equity": 5321306,
            "current_ratio": 148.31,
            "debt_ratio": 40.14,
            "inventory_turnover_ratio": 0.67,
            "account_receivable_turnover_ratio": 0.63,
            "reinvestment_rate": 49.53,
            "research_to_sale_ratio": 4.77,
            "price_fair": 210.26,
            "eps_avg_yearly": 6.01,
            "eps_latest_yearly": 8.28,
            "eps_growth_yearly": 129.4
        },
        "20222": {
            "year_quarter": 20222,
            "year": 2022,
            "quarter": 2,
            "eps": 1.05,
            "eps_growth_year": -35.19,
            "eps_4q": 7.16,
            "eps_4q_growth_year": -15.6,
            "roe": 2.02,
            "roe_4q": 14.549999999999999,
            "gross_profit": 392531,
            "gross_margin": 27.8,
            "gross_margin_4q_avg": 31.46,
            "net_income": 103368,
            "revenue": 1412174,
            "common_shares": 996547,
            "book_valuer_per_share": 48.96,
            "book_valuer_per_share_4q_avg": 49.93,
            "equity": 4898196,
            "current_ratio": 124.85,
            "debt_ratio": 47.36,
            "inventory_turnover_ratio": 0.68,
            "account_receivable_turnover_ratio": 0.63,
            "reinvestment_rate": 48.97,
            "research_to_sale_ratio": 4.73,
            "price_fair": 207.73,
            "eps_avg_yearly": 5.94,
            "eps_latest_yearly": 4.2,
            "eps_growth_yearly": 127.76
        },
        "20223": {
            "year_quarter": 20223,
            "year": 2022,
            "quarter": 3,
            "eps": 4.62,
            "eps_growth_year": 167.05,
            "eps_4q": 10.05,
            "eps_4q_growth_year": 16.96,
            "roe": 8.96,
            "roe_4q": 19.759999999999998,
            "gross_profit": 541517,
            "gross_margin": 30.38,
            "gross_margin_4q_avg": 30.67,
            "net_income": 461190,
            "revenue": 1782259,
            "common_shares": 996547,
            "book_valuer_per_share": 53.92,
            "book_valuer_per_share_4q_avg": 51.53,
            "equity": 5394456,
            "current_ratio": 131.04,
            "debt_ratio": 46.82,
            "inventory_turnover_ratio": 0.73,
            "account_receivable_turnover_ratio": 0.74,
            "reinvestment_rate": 43.01,
            "research_to_sale_ratio": 4.42,
            "price_fair": 243.34,
            "eps_avg_yearly": 6.95,
            "eps_latest_yearly": 18.48,
            "eps_growth_yearly": 227.5
        },
        "20224": {
            "year_quarter": 20224,
            "year": 2022,
            "quarter": 4,
            "eps": 2.29,
            "eps_growth_year": -0.88,
            "eps_4q": 10.03,
            "eps_4q_growth_year": 26.8,
            "roe": 4.2,
            "roe_4q": 19.2,
            "gross_profit": 605191,
            "gross_margin": 30.23,
            "gross_margin_4q_avg": 30.11,
            "net_income": 230305,
            "revenue": 2001654,
            "common_shares": 996547,
            "book_valuer_per_share": 55.72,
            "book_valuer_per_share_4q_avg": 52.95,
            "equity": 5574655,
            "current_ratio": 129.3,
            "debt_ratio": 49.19,
            "inventory_turnover_ratio": 0.77,
            "account_receivable_turnover_ratio": 0.74,
            "reinvestment_rate": 43.95,
            "research_to_sale_ratio": 3.93,
            "price_fair": 247.8,
            "eps_avg_yearly": 7.08,
            "eps_latest_yearly": 9.16,
            "eps_growth_yearly": 158.98
        },
        "20231": {
            "year_quarter": 20231,
            "year": 2023,
            "quarter": 1,
            "eps": 2.23,
            "eps_growth_year": 7.73,
            "eps_4q": 10.19,
            "eps_4q_growth_year": 31.69,
            "roe": 3.93,
            "roe_4q": 19.110000000000003,
            "gross_profit": 512573,
            "gross_margin": 31.82,
            "gross_margin_4q_avg": 30.06,
            "net_income": 223850,
            "revenue": 1610813,
            "common_shares": 996547,
            "book_valuer_per_share": 58.13,
            "book_valuer_per_share_4q_avg": 54.18,
            "equity": 5816280,
            "current_ratio": 136.24,
            "debt_ratio": 45.57,
            "inventory_turnover_ratio": 0.61,
            "account_receivable_turnover_ratio": 0.56,
            "reinvestment_rate": 42.73,
            "research_to_sale_ratio": 5.06,
            "price_fair": 256.81,
            "eps_avg_yearly": 7.34,
            "eps_latest_yearly": 8.92,
            "eps_growth_yearly": 166.47
        }
    },
    "months": {
        "2003-10": {
            "month": "2003-10",
            "price": "49.25",
            "revenue": 80476
        },
        "2003-11": {
            "month": "2003-11",
            "price": "39.67",
            "revenue": 78143
        },
        "2003-12": {
            "month": "2003-12",
            "price": "41.67",
            "revenue": 75101
        },
        "2004-01": {
            "month": "2004-01",
            "price": "40.99",
            "revenue": 61167
        },
        "2004-02": {
            "month": "2004-02",
            "price": "41.70",
            "revenue": 71515
        },
        "2004-03": {
            "month": "2004-03",
            "price": "42.59",
            "revenue": 85125
        },
        "2004-04": {
            "month": "2004-04",
            "price": "43.01",
            "revenue": 80663
        },
        "2004-05": {
            "month": "2004-05",
            "price": "41.65",
            "revenue": 75306
        },
        "2004-06": {
            "month": "2004-06",
            "price": "41.72",
            "revenue": 70287
        },
        "2004-07": {
            "month": "2004-07",
            "price": "40.48",
            "revenue": 63297
        },
        "2004-08": {
            "month": "2004-08",
            "price": "39.81",
            "revenue": 69878
        },
        "2004-09": {
            "month": "2004-09",
            "price": "39.24",
            "revenue": 84393
        },
        "2004-10": {
            "month": "2004-10",
            "price": "38.78",
            "revenue": 85167
        },
        "2004-11": {
            "month": "2004-11",
            "price": "38.99",
            "revenue": 84982
        },
        "2004-12": {
            "month": "2004-12",
            "price": "37.14",
            "revenue": 77230
        },
        "2005-01": {
            "month": "2005-01",
            "price": "36.75",
            "revenue": 81529
        },
        "2005-02": {
            "month": "2005-02",
            "price": "37.17",
            "revenue": 70879
        },
        "2005-03": {
            "month": "2005-03",
            "price": "38.54",
            "revenue": 104518
        },
        "2005-04": {
            "month": "2005-04",
            "price": "37.82",
            "revenue": 97417
        },
        "2005-05": {
            "month": "2005-05",
            "price": "37.93",
            "revenue": 91461
        },
        "2005-06": {
            "month": "2005-06",
            "price": "38.46",
            "revenue": 83151
        },
        "2005-07": {
            "month": "2005-07",
            "price": "37.68",
            "revenue": 82457
        },
        "2005-08": {
            "month": "2005-08",
            "price": "33.63",
            "revenue": 84877
        },
        "2005-09": {
            "month": "2005-09",
            "price": "32.53",
            "revenue": 85114
        },
        "2005-10": {
            "month": "2005-10",
            "price": "30.69",
            "revenue": 86679
        },
        "2005-11": {
            "month": "2005-11",
            "price": "29.99",
            "revenue": 92500
        },
        "2005-12": {
            "month": "2005-12",
            "price": "32.18",
            "revenue": 90403
        },
        "2006-01": {
            "month": "2006-01",
            "price": "33.91",
            "revenue": 81765
        },
        "2006-02": {
            "month": "2006-02",
            "price": "33.56",
            "revenue": 81278
        },
        "2006-03": {
            "month": "2006-03",
            "price": "33.19",
            "revenue": 102485
        },
        "2006-04": {
            "month": "2006-04",
            "price": "38.26",
            "revenue": 102659
        },
        "2006-05": {
            "month": "2006-05",
            "price": "38.71",
            "revenue": 97028
        },
        "2006-06": {
            "month": "2006-06",
            "price": "36.70",
            "revenue": 92169
        },
        "2006-07": {
            "month": "2006-07",
            "price": "35.54",
            "revenue": 88010
        },
        "2006-08": {
            "month": "2006-08",
            "price": "35.22",
            "revenue": 91067
        },
        "2006-09": {
            "month": "2006-09",
            "price": "34.57",
            "revenue": 96188
        },
        "2006-10": {
            "month": "2006-10",
            "price": "36.42",
            "revenue": 90926
        },
        "2006-11": {
            "month": "2006-11",
            "price": "37.04",
            "revenue": 91340
        },
        "2006-12": {
            "month": "2006-12",
            "price": "37.61",
            "revenue": 89593
        },
        "2007-01": {
            "month": "2007-01",
            "price": "39.11",
            "revenue": 96549
        },
        "2007-02": {
            "month": "2007-02",
            "price": "38.76",
            "revenue": 72382
        },
        "2007-03": {
            "month": "2007-03",
            "price": "38.98",
            "revenue": 124128
        },
        "2007-04": {
            "month": "2007-04",
            "price": "40.28",
            "revenue": 122681
        },
        "2007-05": {
            "month": "2007-05",
            "price": "41.25",
            "revenue": 120397
        },
        "2007-06": {
            "month": "2007-06",
            "price": "49.29",
            "revenue": 109951
        },
        "2007-07": {
            "month": "2007-07",
            "price": "58.51",
            "revenue": 99242
        },
        "2007-08": {
            "month": "2007-08",
            "price": "54.70",
            "revenue": 121870
        },
        "2007-09": {
            "month": "2007-09",
            "price": "49.45",
            "revenue": 112003
        },
        "2007-10": {
            "month": "2007-10",
            "price": "49.97",
            "revenue": 118025
        },
        "2007-11": {
            "month": "2007-11",
            "price": "40.69",
            "revenue": 127588
        },
        "2007-12": {
            "month": "2007-12",
            "price": "37.59",
            "revenue": 111160
        },
        "2008-01": {
            "month": "2008-01",
            "price": "35.85",
            "revenue": 120971
        },
        "2008-02": {
            "month": "2008-02",
            "price": "36.46",
            "revenue": 96043
        },
        "2008-03": {
            "month": "2008-03",
            "price": "37.35",
            "revenue": 140715
        },
        "2008-04": {
            "month": "2008-04",
            "price": "40.05",
            "revenue": 129700
        },
        "2008-05": {
            "month": "2008-05",
            "price": "41.42",
            "revenue": 135220
        },
        "2008-06": {
            "month": "2008-06",
            "price": "38.01",
            "revenue": 108572
        },
        "2008-07": {
            "month": "2008-07",
            "price": "34.84",
            "revenue": 135844
        },
        "2008-08": {
            "month": "2008-08",
            "price": "35.44",
            "revenue": 121985
        },
        "2008-09": {
            "month": "2008-09",
            "price": "31.93",
            "revenue": 119047
        },
        "2008-10": {
            "month": "2008-10",
            "price": "27.95",
            "revenue": 106622
        },
        "2008-11": {
            "month": "2008-11",
            "price": "24.60",
            "revenue": 81437
        },
        "2008-12": {
            "month": "2008-12",
            "price": "21.38",
            "revenue": 78197
        },
        "2009-01": {
            "month": "2009-01",
            "price": "20.58",
            "revenue": 58381
        },
        "2009-02": {
            "month": "2009-02",
            "price": "20.79",
            "revenue": 87648
        },
        "2009-03": {
            "month": "2009-03",
            "price": "25.09",
            "revenue": 133629
        },
        "2009-04": {
            "month": "2009-04",
            "price": "29.94",
            "revenue": 119411
        },
        "2009-05": {
            "month": "2009-05",
            "price": "33.72",
            "revenue": 104209
        },
        "2009-06": {
            "month": "2009-06",
            "price": "43.19",
            "revenue": 117381
        },
        "2009-07": {
            "month": "2009-07",
            "price": "55.72",
            "revenue": 130995
        },
        "2009-08": {
            "month": "2009-08",
            "price": "53.60",
            "revenue": 123706
        },
        "2009-09": {
            "month": "2009-09",
            "price": "65.64",
            "revenue": 136103
        },
        "2009-10": {
            "month": "2009-10",
            "price": "69.54",
            "revenue": 142190
        },
        "2009-11": {
            "month": "2009-11",
            "price": "68.59",
            "revenue": 137772
        },
        "2009-12": {
            "month": "2009-12",
            "price": "69.53",
            "revenue": 144465
        },
        "2010-01": {
            "month": "2010-01",
            "price": "65.96",
            "revenue": 167701
        },
        "2010-02": {
            "month": "2010-02",
            "price": "61.80",
            "revenue": 125545
        },
        "2010-03": {
            "month": "2010-03",
            "price": "78.31",
            "revenue": 223272
        },
        "2010-04": {
            "month": "2010-04",
            "price": "92.26",
            "revenue": 196063
        },
        "2010-05": {
            "month": "2010-05",
            "price": "89.11",
            "revenue": 156713
        },
        "2010-06": {
            "month": "2010-06",
            "price": "83.85",
            "revenue": 155321
        },
        "2010-07": {
            "month": "2010-07",
            "price": "81.27",
            "revenue": 162473
        },
        "2010-08": {
            "month": "2010-08",
            "price": "77.73",
            "revenue": 157713
        },
        "2010-09": {
            "month": "2010-09",
            "price": "77.88",
            "revenue": 168829
        },
        "2010-10": {
            "month": "2010-10",
            "price": "83.59",
            "revenue": 175417
        },
        "2010-11": {
            "month": "2010-11",
            "price": "77.31",
            "revenue": 164090
        },
        "2010-12": {
            "month": "2010-12",
            "price": "77.39",
            "revenue": 172132
        },
        "2011-01": {
            "month": "2011-01",
            "price": "70.26",
            "revenue": 180573
        },
        "2011-02": {
            "month": "2011-02",
            "price": "71.64",
            "revenue": 115577
        },
        "2011-03": {
            "month": "2011-03",
            "price": "70.63",
            "revenue": 208936
        },
        "2011-04": {
            "month": "2011-04",
            "price": "72.97",
            "revenue": 211774
        },
        "2011-05": {
            "month": "2011-05",
            "price": "79.11",
            "revenue": 187336
        },
        "2011-06": {
            "month": "2011-06",
            "price": "73.71",
            "revenue": 149868
        },
        "2011-07": {
            "month": "2011-07",
            "price": "69.88",
            "revenue": 145696
        },
        "2011-08": {
            "month": "2011-08",
            "price": "54.14",
            "revenue": 153840
        },
        "2011-09": {
            "month": "2011-09",
            "price": "44.25",
            "revenue": 152649
        },
        "2011-10": {
            "month": "2011-10",
            "price": "43.73",
            "revenue": 178757
        },
        "2011-11": {
            "month": "2011-11",
            "price": "46.61",
            "revenue": 208859
        },
        "2011-12": {
            "month": "2011-12",
            "price": "48.10",
            "revenue": 216249
        },
        "2012-01": {
            "month": "2012-01",
            "price": "47.44",
            "revenue": 152700
        },
        "2012-02": {
            "month": "2012-02",
            "price": "56.64",
            "revenue": 196552
        },
        "2012-03": {
            "month": "2012-03",
            "price": "55.20",
            "revenue": 239892
        },
        "2012-04": {
            "month": "2012-04",
            "price": "56.32",
            "revenue": 207912
        },
        "2012-05": {
            "month": "2012-05",
            "price": "51.02",
            "revenue": 202730
        },
        "2012-06": {
            "month": "2012-06",
            "price": "48.53",
            "revenue": 181486
        },
        "2012-07": {
            "month": "2012-07",
            "price": "50.23",
            "revenue": 159900
        },
        "2012-08": {
            "month": "2012-08",
            "price": "52.59",
            "revenue": 190779
        },
        "2012-09": {
            "month": "2012-09",
            "price": "50.00",
            "revenue": 212057
        },
        "2012-10": {
            "month": "2012-10",
            "price": "48.82",
            "revenue": 222853
        },
        "2012-11": {
            "month": "2012-11",
            "price": "46.43",
            "revenue": 248347
        },
        "2012-12": {
            "month": "2012-12",
            "price": "46.90",
            "revenue": 222929
        },
        "2013-01": {
            "month": "2013-01",
            "price": "47.51",
            "revenue": 241606
        },
        "2013-02": {
            "month": "2013-02",
            "price": "52.12",
            "revenue": 163986
        },
        "2013-03": {
            "month": "2013-03",
            "price": "56.81",
            "revenue": 258586
        },
        "2013-04": {
            "month": "2013-04",
            "price": "63.94",
            "revenue": 267187
        },
        "2013-05": {
            "month": "2013-05",
            "price": "68.84",
            "revenue": 238919
        },
        "2013-06": {
            "month": "2013-06",
            "price": "69.73",
            "revenue": 190287
        },
        "2013-07": {
            "month": "2013-07",
            "price": "77.59",
            "revenue": 171227
        },
        "2013-08": {
            "month": "2013-08",
            "price": "86.61",
            "revenue": 213173
        },
        "2013-09": {
            "month": "2013-09",
            "price": "91.58",
            "revenue": 218583
        },
        "2013-10": {
            "month": "2013-10",
            "price": "96.30",
            "revenue": 247776
        },
        "2013-11": {
            "month": "2013-11",
            "price": "90.90",
            "revenue": 290928
        },
        "2013-12": {
            "month": "2013-12",
            "price": "92.58",
            "revenue": 283452
        },
        "2014-01": {
            "month": "2014-01",
            "price": "85.17",
            "revenue": 254958
        },
        "2014-02": {
            "month": "2014-02",
            "price": "90.57",
            "revenue": 207630
        },
        "2014-03": {
            "month": "2014-03",
            "price": "92.85",
            "revenue": 292085
        },
        "2014-04": {
            "month": "2014-04",
            "price": "105.75",
            "revenue": 278287
        },
        "2014-05": {
            "month": "2014-05",
            "price": "103.58",
            "revenue": 266668
        },
        "2014-06": {
            "month": "2014-06",
            "price": "111.42",
            "revenue": 235469
        },
        "2014-07": {
            "month": "2014-07",
            "price": "113.55",
            "revenue": 253832
        },
        "2014-08": {
            "month": "2014-08",
            "price": "117.93",
            "revenue": 261056
        },
        "2014-09": {
            "month": "2014-09",
            "price": "120.48",
            "revenue": 247028
        },
        "2014-10": {
            "month": "2014-10",
            "price": "110.34",
            "revenue": 298965
        },
        "2014-11": {
            "month": "2014-11",
            "price": "114.45",
            "revenue": 304529
        },
        "2014-12": {
            "month": "2014-12",
            "price": "114.42",
            "revenue": 329860
        },
        "2015-01": {
            "month": "2015-01",
            "price": "113.65",
            "revenue": 330685
        },
        "2015-02": {
            "month": "2015-02",
            "price": "122.19",
            "revenue": 217430
        },
        "2015-03": {
            "month": "2015-03",
            "price": "133.68",
            "revenue": 295485
        },
        "2015-04": {
            "month": "2015-04",
            "price": "147.75",
            "revenue": 315943
        },
        "2015-05": {
            "month": "2015-05",
            "price": "147.98",
            "revenue": 296435
        },
        "2015-06": {
            "month": "2015-06",
            "price": "145.48",
            "revenue": 229140
        },
        "2015-07": {
            "month": "2015-07",
            "price": "125.82",
            "revenue": 249279
        },
        "2015-08": {
            "month": "2015-08",
            "price": "116.36",
            "revenue": 232368
        },
        "2015-09": {
            "month": "2015-09",
            "price": "115.08",
            "revenue": 261954
        },
        "2015-10": {
            "month": "2015-10",
            "price": "141.86",
            "revenue": 286142
        },
        "2015-11": {
            "month": "2015-11",
            "price": "144.07",
            "revenue": 321440
        },
        "2015-12": {
            "month": "2015-12",
            "price": "137.78",
            "revenue": 359357
        },
        "2016-01": {
            "month": "2016-01",
            "price": "130.02",
            "revenue": 339794
        },
        "2016-02": {
            "month": "2016-02",
            "price": "145.46",
            "revenue": 250155
        },
        "2016-03": {
            "month": "2016-03",
            "price": "152.76",
            "revenue": 321590
        },
        "2016-04": {
            "month": "2016-04",
            "price": "155.32",
            "revenue": 325003
        },
        "2016-05": {
            "month": "2016-05",
            "price": "136.48",
            "revenue": 295688
        },
        "2016-06": {
            "month": "2016-06",
            "price": "135.31",
            "revenue": 283266
        },
        "2016-07": {
            "month": "2016-07",
            "price": "140.35",
            "revenue": 284375
        },
        "2016-08": {
            "month": "2016-08",
            "price": "154.22",
            "revenue": 295282
        },
        "2016-09": {
            "month": "2016-09",
            "price": "152.76",
            "revenue": 333919
        },
        "2016-10": {
            "month": "2016-10",
            "price": "149.25",
            "revenue": 368832
        },
        "2016-11": {
            "month": "2016-11",
            "price": "139.80",
            "revenue": 436963
        },
        "2016-12": {
            "month": "2016-12",
            "price": "143.89",
            "revenue": 447575
        },
        "2017-01": {
            "month": "2017-01",
            "price": "144.59",
            "revenue": 362948
        },
        "2017-02": {
            "month": "2017-02",
            "price": "151.42",
            "revenue": 311411
        },
        "2017-03": {
            "month": "2017-03",
            "price": "155.02",
            "revenue": 364668
        },
        "2017-04": {
            "month": "2017-04",
            "price": "148.64",
            "revenue": 331290
        },
        "2017-05": {
            "month": "2017-05",
            "price": "169.68",
            "revenue": 287246
        },
        "2017-06": {
            "month": "2017-06",
            "price": "175.04",
            "revenue": 293849
        },
        "2017-07": {
            "month": "2017-07",
            "price": "177.90",
            "revenue": 255573
        },
        "2017-08": {
            "month": "2017-08",
            "price": "169.13",
            "revenue": 288850
        },
        "2017-09": {
            "month": "2017-09",
            "price": "170.05",
            "revenue": 335953
        },
        "2017-10": {
            "month": "2017-10",
            "price": "175.16",
            "revenue": 365208
        },
        "2017-11": {
            "month": "2017-11",
            "price": "160.80",
            "revenue": 433512
        },
        "2017-12": {
            "month": "2017-12",
            "price": "150.40",
            "revenue": 448331
        },
        "2018-01": {
            "month": "2018-01",
            "price": "155.45",
            "revenue": 426217
        },
        "2018-02": {
            "month": "2018-02",
            "price": "143.65",
            "revenue": 317289
        },
        "2018-03": {
            "month": "2018-03",
            "price": "143.65",
            "revenue": 368892
        },
        "2018-04": {
            "month": "2018-04",
            "price": "147.14",
            "revenue": 447111
        },
        "2018-05": {
            "month": "2018-05",
            "price": "141.77",
            "revenue": 286676
        },
        "2018-06": {
            "month": "2018-06",
            "price": "142.48",
            "revenue": 301732
        },
        "2018-07": {
            "month": "2018-07",
            "price": "134.02",
            "revenue": 295965
        },
        "2018-08": {
            "month": "2018-08",
            "price": "123.09",
            "revenue": 310230
        },
        "2018-09": {
            "month": "2018-09",
            "price": "97.84",
            "revenue": 319969
        },
        "2018-10": {
            "month": "2018-10",
            "price": "82.41",
            "revenue": 316366
        },
        "2018-11": {
            "month": "2018-11",
            "price": "75.42",
            "revenue": 349558
        },
        "2018-12": {
            "month": "2018-12",
            "price": "83.33",
            "revenue": 347518
        },
        "2019-01": {
            "month": "2019-01",
            "price": "87.88",
            "revenue": 319775
        },
        "2019-02": {
            "month": "2019-02",
            "price": "94.28",
            "revenue": 194301
        },
        "2019-03": {
            "month": "2019-03",
            "price": "89.80",
            "revenue": 363404
        },
        "2019-04": {
            "month": "2019-04",
            "price": "88.70",
            "revenue": 248237
        },
        "2019-05": {
            "month": "2019-05",
            "price": "75.85",
            "revenue": 321172
        },
        "2019-06": {
            "month": "2019-06",
            "price": "74.53",
            "revenue": 273423
        },
        "2019-07": {
            "month": "2019-07",
            "price": "78.41",
            "revenue": 280510
        },
        "2019-08": {
            "month": "2019-08",
            "price": "74.30",
            "revenue": 313396
        },
        "2019-09": {
            "month": "2019-09",
            "price": "73.59",
            "revenue": 341489
        },
        "2019-10": {
            "month": "2019-10",
            "price": "74.03",
            "revenue": 334232
        },
        "2019-11": {
            "month": "2019-11",
            "price": "75.28",
            "revenue": 396962
        },
        "2019-12": {
            "month": "2019-12",
            "price": "80.23",
            "revenue": 414073
        },
        "2020-01": {
            "month": "2020-01",
            "price": "93.48",
            "revenue": 297304
        },
        "2020-02": {
            "month": "2020-02",
            "price": "88.82",
            "revenue": 184233
        },
        "2020-03": {
            "month": "2020-03",
            "price": "67.03",
            "revenue": 272726
        },
        "2020-04": {
            "month": "2020-04",
            "price": "66.28",
            "revenue": 260189
        },
        "2020-05": {
            "month": "2020-05",
            "price": "81.06",
            "revenue": 228988
        },
        "2020-06": {
            "month": "2020-06",
            "price": "87.04",
            "revenue": 235751
        },
        "2020-07": {
            "month": "2020-07",
            "price": "80.20",
            "revenue": 262256
        },
        "2020-08": {
            "month": "2020-08",
            "price": "75.25",
            "revenue": 298987
        },
        "2020-09": {
            "month": "2020-09",
            "price": "74.51",
            "revenue": 346072
        },
        "2020-10": {
            "month": "2020-10",
            "price": "82.71",
            "revenue": 382080
        },
        "2020-11": {
            "month": "2020-11",
            "price": "95.21",
            "revenue": 423451
        },
        "2020-12": {
            "month": "2020-12",
            "price": "111.43",
            "revenue": 472614
        },
        "2021-01": {
            "month": "2021-01",
            "price": "116.32",
            "revenue": 433626
        },
        "2021-02": {
            "month": "2021-02",
            "price": "114.50",
            "revenue": 317267
        },
        "2021-03": {
            "month": "2021-03",
            "price": "113.70",
            "revenue": 405771
        },
        "2021-04": {
            "month": "2021-04",
            "price": "116.24",
            "revenue": 400481
        },
        "2021-05": {
            "month": "2021-05",
            "price": "102.09",
            "revenue": 398446
        },
        "2021-06": {
            "month": "2021-06",
            "price": "115.26",
            "revenue": 373673
        },
        "2021-07": {
            "month": "2021-07",
            "price": "141.98",
            "revenue": 363822
        },
        "2021-08": {
            "month": "2021-08",
            "price": "124.70",
            "revenue": 375488
        },
        "2021-09": {
            "month": "2021-09",
            "price": "116.18",
            "revenue": 417584
        },
        "2021-10": {
            "month": "2021-10",
            "price": "117.65",
            "revenue": 467096
        },
        "2021-11": {
            "month": "2021-11",
            "price": "132.18",
            "revenue": 491975
        },
        "2021-12": {
            "month": "2021-12",
            "price": "136.61",
            "revenue": 507242
        },
        "2022-01": {
            "month": "2022-01",
            "price": "133.08",
            "revenue": 499349
        },
        "2022-02": {
            "month": "2022-02",
            "price": "127.50",
            "revenue": 380064
        },
        "2022-03": {
            "month": "2022-03",
            "price": "119.85",
            "revenue": 450564
        },
        "2022-04": {
            "month": "2022-04",
            "price": "114.18",
            "revenue": 452472
        },
        "2022-05": {
            "month": "2022-05",
            "price": "113.05",
            "revenue": 444740
        },
        "2022-06": {
            "month": "2022-06",
            "price": "129.00",
            "revenue": 515216
        },
        "2022-07": {
            "month": "2022-07",
            "price": "145.38",
            "revenue": 524289
        },
        "2022-08": {
            "month": "2022-08",
            "price": "153.85",
            "revenue": 621134
        },
        "2022-09": {
            "month": "2022-09",
            "price": "168.17",
            "revenue": 643678
        },
        "2022-10": {
            "month": "2022-10",
            "price": "156.10",
            "revenue": 672088
        },
        "2022-11": {
            "month": "2022-11",
            "price": "152.32",
            "revenue": 688509
        },
        "2022-12": {
            "month": "2022-12",
            "price": "153.59",
            "revenue": 643353
        },
        "2023-01": {
            "month": "2023-01",
            "price": "144.31",
            "revenue": 508181
        },
        "2023-02": {
            "month": "2023-02",
            "price": "156.89",
            "revenue": 504208
        },
        "2023-03": {
            "month": "2023-03",
            "price": "148.46",
            "revenue": 603684
        },
        "2023-04": {
            "month": "2023-04",
            "price": "141.65",
            "revenue": 517832
        }
    }
}
