{
    "summary": {
        "stock_name": "全國電",
        "stock_id": "6281",
        "category": "電子通路",
        "main_business": "電視機等家用電器通訊器材燈具及其有關器材零組件之買賣業務<br>電腦及其週邊自動化事務機器及其器材零組件之裝配及買賣業務<br>前各項產品之維修及保養服務業務及電器安裝業務",
        "website_url": "http://www.elifemall.com.tw",
        "ceo": "林政勲",
        "pe_ratio": 16,
        "report_year_from": 2001,
        "report_year_to": 2023,
        "age": 23,
        "eps_negative_percentage": 0,
        "eps_growth_avg": {
            "last_all": 1.05,
            "last_2y": -8.47,
            "last_4y": 3.08,
            "last_8y": 1.33,
            "last_12y": 1.17,
            "last_16y": 1.9,
            "last_20y": null,
            "at_2006_last_3y": null,
            "at_2007_last_3y": null,
            "at_2008_last_3y": null,
            "at_2009_last_3y": -10.89,
            "at_2010_last_3y": 4.26,
            "at_2011_last_3y": 4.19,
            "at_2012_last_3y": 13.37,
            "at_2013_last_3y": 12.04,
            "at_2014_last_3y": 0.81,
            "at_2015_last_3y": -0.22,
            "at_2016_last_3y": -1.18,
            "at_2017_last_3y": 2.38,
            "at_2018_last_3y": -0.85,
            "at_2019_last_3y": 0.89,
            "at_2020_last_3y": 5.46,
            "at_2021_last_3y": 8.38,
            "at_2022_last_3y": 10.31,
            "at_2023_last_3y": 1.64,
            "at_2024_last_3y": 1.64,
            "at_2006_last_all": null,
            "at_2007_last_all": -3.54,
            "at_2008_last_all": -8.75,
            "at_2009_last_all": -10.89,
            "at_2010_last_all": 0.74,
            "at_2011_last_all": 1.61,
            "at_2012_last_all": 3.89,
            "at_2013_last_all": 0.57,
            "at_2014_last_all": 0.77,
            "at_2015_last_all": 0.88,
            "at_2016_last_all": 2.05,
            "at_2017_last_all": 1.17,
            "at_2018_last_all": 0.27,
            "at_2019_last_all": 0.88,
            "at_2020_last_all": 2.96,
            "at_2021_last_all": 2.97,
            "at_2022_last_all": 2.63,
            "at_2023_last_all": 1.05,
            "at_2024_last_all": 1.05
        },
        "latest_eps": 5.32,
        "latest_price": 85.1,
        "latest_roe": 19.24,
        "latest_gross_margin": 18.45,
        "latest_equity": 2773002,
        "latest_revenue": 5480474,
        "latest_gross_profit": 1011132,
        "latest_net_income": 122626,
        "latest_debt_ratio": 68.69,
        "latest_current_ratio": 138.71,
        "latest_account_receivable_turnover_ratio": 37.43,
        "latest_inventory_turnover_ratio": 1.23,
        "latest_reinvestment_rate": 4.32,
        "latest_research_to_sale_ratio": null
    },
    "eps_dividends": {
        "2001": {
            "cash": 0,
            "stock": 0,
            "eps": 0
        },
        "2002": {
            "cash": 0,
            "stock": 0,
            "eps": 0
        },
        "2003": {
            "cash": 0,
            "stock": 0,
            "eps": 0
        },
        "2004": {
            "cash": 2,
            "stock": 0,
            "eps": 0
        },
        "2005": {
            "cash": 2.32,
            "stock": 0.2,
            "eps": 4.81
        },
        "2006": {
            "cash": 2.91,
            "stock": 0.1,
            "eps": 4.17
        },
        "2007": {
            "cash": 3.2,
            "stock": 0.1,
            "eps": 4.43
        },
        "2008": {
            "cash": 3.4,
            "stock": 0.1,
            "eps": 3.58
        },
        "2009": {
            "cash": 3.2,
            "stock": 0,
            "eps": 2.96
        },
        "2010": {
            "cash": 3.56,
            "stock": 0,
            "eps": 4.36
        },
        "2011": {
            "cash": 7.48,
            "stock": 0,
            "eps": 4.62
        },
        "2012": {
            "cash": 0,
            "stock": 0,
            "eps": 5.43
        },
        "2013": {
            "cash": 4.9,
            "stock": 0,
            "eps": 4.2
        },
        "2014": {
            "cash": 3.5,
            "stock": 0,
            "eps": 4.3
        },
        "2015": {
            "cash": 3.9,
            "stock": 0,
            "eps": 4.38
        },
        "2016": {
            "cash": 3.7,
            "stock": 0,
            "eps": 4.98
        },
        "2017": {
            "cash": 4.3,
            "stock": 0,
            "eps": 4.56
        },
        "2018": {
            "cash": 4,
            "stock": 0,
            "eps": 4.08
        },
        "2019": {
            "cash": 4,
            "stock": 0,
            "eps": 4.44
        },
        "2020": {
            "cash": 4,
            "stock": 0,
            "eps": 5.86
        },
        "2021": {
            "cash": 5,
            "stock": 0,
            "eps": 6.05
        },
        "2022": {
            "cash": 5,
            "stock": 0,
            "eps": 5.88
        },
        "2023": {
            "cash": 5,
            "stock": 0,
            "eps": 4.36
        }
    },
    "dividends": {
        "2004-06-04": {
            "cash": 2,
            "stock": 0
        },
        "2005-03-15": {
            "cash": 2.32,
            "stock": 0.2
        },
        "2006-03-16": {
            "cash": 2.91,
            "stock": 0.1
        },
        "2007-03-27": {
            "cash": 3.2,
            "stock": 0.1
        },
        "2008-03-20": {
            "cash": 3.4,
            "stock": 0.1
        },
        "2009-02-25": {
            "cash": 3.2,
            "stock": 0
        },
        "2010-03-11": {
            "cash": 3.56,
            "stock": 0
        },
        "2011-01-01": {
            "cash": 4,
            "stock": 0
        },
        "2011-03-25": {
            "cash": 3.48,
            "stock": 0
        },
        "2013-03-15": {
            "cash": 4.9,
            "stock": 0
        },
        "2014-06-23": {
            "cash": 3.5,
            "stock": 0
        },
        "2015-07-29": {
            "cash": 3.9,
            "stock": 0
        },
        "2016-07-15": {
            "cash": 3.7,
            "stock": 0
        },
        "2017-07-07": {
            "cash": 4.3,
            "stock": 0
        },
        "2018-07-25": {
            "cash": 4,
            "stock": 0
        },
        "2019-07-26": {
            "cash": 4,
            "stock": 0
        },
        "2020-07-24": {
            "cash": 4,
            "stock": 0
        },
        "2021-08-06": {
            "cash": 5,
            "stock": 0
        },
        "2022-07-22": {
            "cash": 5,
            "stock": 0
        },
        "2023-06-02": {
            "cash": 5,
            "stock": 0
        }
    },
    "prices": {
        "200101": "無",
        "200102": "無",
        "200103": "無",
        "200104": "無",
        "200105": "無",
        "200106": "無",
        "200107": "無",
        "200108": "無",
        "200109": "無",
        "200110": "無",
        "200111": "無",
        "200112": "無",
        "200201": "無",
        "200202": "無",
        "200203": "無",
        "200204": "無",
        "200205": "無",
        "200206": "無",
        "200207": "無",
        "200208": "無",
        "200209": "無",
        "200210": "無",
        "200211": "無",
        "200212": "無",
        "200301": "無",
        "200302": "無",
        "200303": "無",
        "200304": "無",
        "200305": "無",
        "200306": "無",
        "200307": "無",
        "200308": "無",
        "200309": "無",
        "200310": "22.40",
        "200311": "24.66",
        "200312": "22.57",
        "200401": "23.02",
        "200402": "24.94",
        "200403": "29.98",
        "200404": "31.89",
        "200405": "28.08",
        "200406": "24.52",
        "200407": "22.38",
        "200408": "21.98",
        "200409": "23.18",
        "200410": "25.44",
        "200411": "28.22",
        "200412": "27.41",
        "200501": "28.35",
        "200502": "29.81",
        "200503": "34.00",
        "200504": "35.01",
        "200505": "33.32",
        "200506": "36.36",
        "200507": "43.18",
        "200508": "46.19",
        "200509": "46.94",
        "200510": "45.42",
        "200511": "43.50",
        "200512": "41.10",
        "200601": "40.76",
        "200602": "41.61",
        "200603": "39.68",
        "200604": "39.81",
        "200605": "41.35",
        "200606": "38.05",
        "200607": "36.25",
        "200608": "32.15",
        "200609": "33.02",
        "200610": "35.36",
        "200611": "38.34",
        "200612": "40.43",
        "200701": "41.81",
        "200702": "43.93",
        "200703": "49.17",
        "200704": "57.05",
        "200705": "57.59",
        "200706": "62.80",
        "200707": "75.72",
        "200708": "67.56",
        "200709": "68.43",
        "200710": "66.48",
        "200711": "62.83",
        "200712": "56.06",
        "200801": "56.12",
        "200802": "55.73",
        "200803": "56.50",
        "200804": "56.92",
        "200805": "58.34",
        "200806": "54.32",
        "200807": "44.17",
        "200808": "39.17",
        "200809": "34.79",
        "200810": "29.43",
        "200811": "24.31",
        "200812": "25.42",
        "200901": "26.17",
        "200902": "26.44",
        "200903": "31.27",
        "200904": "33.24",
        "200905": "35.66",
        "200906": "37.15",
        "200907": "35.49",
        "200908": "39.98",
        "200909": "39.94",
        "200910": "39.50",
        "200911": "38.38",
        "200912": "42.45",
        "201001": "43.36",
        "201002": "47.81",
        "201003": "49.73",
        "201004": "51.92",
        "201005": "49.03",
        "201006": "49.50",
        "201007": "48.92",
        "201008": "48.01",
        "201009": "47.47",
        "201010": "47.09",
        "201011": "46.98",
        "201012": "47.12",
        "201101": "47.40",
        "201102": "49.03",
        "201103": "49.95",
        "201104": "49.62",
        "201105": "49.74",
        "201106": "51.49",
        "201107": "53.08",
        "201108": "52.93",
        "201109": "50.41",
        "201110": "49.24",
        "201111": "51.25",
        "201112": "53.66",
        "201201": "53.46",
        "201202": "56.04",
        "201203": "60.97",
        "201204": "62.16",
        "201205": "63.92",
        "201206": "64.34",
        "201207": "64.80",
        "201208": "66.80",
        "201209": "68.97",
        "201210": "67.09",
        "201211": "65.61",
        "201212": "66.20",
        "201301": "67.77",
        "201302": "68.12",
        "201303": "69.36",
        "201304": "72.82",
        "201305": "73.61",
        "201306": "73.83",
        "201307": "71.04",
        "201308": "66.79",
        "201309": "66.35",
        "201310": "67.00",
        "201311": "64.01",
        "201312": "62.40",
        "201401": "62.65",
        "201402": "62.65",
        "201403": "63.23",
        "201404": "64.21",
        "201405": "63.70",
        "201406": "64.78",
        "201407": "62.54",
        "201408": "62.52",
        "201409": "62.33",
        "201410": "59.84",
        "201411": "58.12",
        "201412": "59.23",
        "201501": "60.79",
        "201502": "60.65",
        "201503": "61.62",
        "201504": "62.73",
        "201505": "63.50",
        "201506": "62.88",
        "201507": "60.45",
        "201508": "56.47",
        "201509": "55.52",
        "201510": "56.13",
        "201511": "56.48",
        "201512": "56.15",
        "201601": "55.46",
        "201602": "56.22",
        "201603": "58.93",
        "201604": "58.49",
        "201605": "58.80",
        "201606": "59.26",
        "201607": "57.97",
        "201608": "59.67",
        "201609": "60.28",
        "201610": "60.26",
        "201611": "60.15",
        "201612": "60.96",
        "201701": "62.39",
        "201702": "62.49",
        "201703": "63.40",
        "201704": "63.49",
        "201705": "64.49",
        "201706": "61.48",
        "201707": "61.65",
        "201708": "61.43",
        "201709": "62.33",
        "201710": "63.08",
        "201711": "62.38",
        "201712": "62.13",
        "201801": "63.05",
        "201802": "63.08",
        "201803": "64.93",
        "201804": "64.89",
        "201805": "65.65",
        "201806": "66.21",
        "201807": "65.44",
        "201808": "64.88",
        "201809": "64.83",
        "201810": "63.17",
        "201811": "62.39",
        "201812": "62.80",
        "201901": "63.18",
        "201902": "64.73",
        "201903": "65.02",
        "201904": "65.54",
        "201905": "65.57",
        "201906": "66.14",
        "201907": "64.60",
        "201908": "65.21",
        "201909": "66.09",
        "201910": "66.36",
        "201911": "66.63",
        "201912": "67.51",
        "202001": "68.55",
        "202002": "67.66",
        "202003": "64.29",
        "202004": "65.82",
        "202005": "67.74",
        "202006": "71.08",
        "202007": "69.66",
        "202008": "69.77",
        "202009": "69.71",
        "202010": "68.93",
        "202011": "70.62",
        "202012": "71.97",
        "202101": "73.36",
        "202102": "74.28",
        "202103": "81.94",
        "202104": "84.05",
        "202105": "81.30",
        "202106": "83.16",
        "202107": "84.14",
        "202108": "83.72",
        "202109": "84.56",
        "202110": "83.66",
        "202111": "83.26",
        "202112": "82.34",
        "202201": "81.99",
        "202202": "82.68",
        "202203": "84.69",
        "202204": "85.47",
        "202205": "85.78",
        "202206": "86.40",
        "202207": "81.72",
        "202208": "82.30",
        "202209": "82.12",
        "202210": "80.68",
        "202211": "81.46",
        "202212": "81.46",
        "202301": "82.46",
        "202302": "84.06",
        "202303": "86.82",
        "202304": "83.74",
        "202305": "84.35",
        "202306": "85.33",
        "202307": "85.64",
        "202308": "84.90",
        "202309": "84.74",
        "202310": "84.63",
        "202311": "84.65",
        "202312": "84.90"
    },
    "quarters": {
        "20011": {
            "year_quarter": 20011,
            "year": 2001,
            "quarter": 1,
            "eps": null,
            "eps_growth_year": null,
            "eps_4q": null,
            "eps_4q_growth_year": null,
            "roe": null,
            "roe_4q": 0,
            "gross_profit": null,
            "gross_margin": null,
            "gross_margin_4q_avg": 0,
            "net_income": null,
            "net_income_4q": null,
            "revenue": null,
            "revenue_4q": null,
            "common_shares": null,
            "book_valuer_per_share": null,
            "book_valuer_per_share_4q_avg": 0,
            "equity": null,
            "current_ratio": null,
            "debt_ratio": null,
            "inventory_turnover_ratio": null,
            "account_receivable_turnover_ratio": null,
            "reinvestment_rate": null,
            "research_to_sale_ratio": null,
            "price_fair": 0,
            "eps_avg_yearly": 0,
            "eps_latest_yearly": 0,
            "eps_growth_yearly": 0
        },
        "20012": {
            "year_quarter": 20012,
            "year": 2001,
            "quarter": 2,
            "eps": null,
            "eps_growth_year": null,
            "eps_4q": null,
            "eps_4q_growth_year": null,
            "roe": null,
            "roe_4q": 0,
            "gross_profit": null,
            "gross_margin": null,
            "gross_margin_4q_avg": 0,
            "net_income": null,
            "net_income_4q": null,
            "revenue": null,
            "revenue_4q": null,
            "common_shares": null,
            "book_valuer_per_share": null,
            "book_valuer_per_share_4q_avg": 0,
            "equity": null,
            "current_ratio": null,
            "debt_ratio": null,
            "inventory_turnover_ratio": null,
            "account_receivable_turnover_ratio": null,
            "reinvestment_rate": null,
            "research_to_sale_ratio": null,
            "price_fair": 0,
            "eps_avg_yearly": 0,
            "eps_latest_yearly": 0,
            "eps_growth_yearly": 0
        },
        "20013": {
            "year_quarter": 20013,
            "year": 2001,
            "quarter": 3,
            "eps": null,
            "eps_growth_year": null,
            "eps_4q": null,
            "eps_4q_growth_year": null,
            "roe": null,
            "roe_4q": 0,
            "gross_profit": null,
            "gross_margin": null,
            "gross_margin_4q_avg": 0,
            "net_income": null,
            "net_income_4q": null,
            "revenue": null,
            "revenue_4q": null,
            "common_shares": null,
            "book_valuer_per_share": null,
            "book_valuer_per_share_4q_avg": 0,
            "equity": null,
            "current_ratio": null,
            "debt_ratio": null,
            "inventory_turnover_ratio": null,
            "account_receivable_turnover_ratio": null,
            "reinvestment_rate": null,
            "research_to_sale_ratio": null,
            "price_fair": 0,
            "eps_avg_yearly": 0,
            "eps_latest_yearly": 0,
            "eps_growth_yearly": 0
        },
        "20014": {
            "year_quarter": 20014,
            "year": 2001,
            "quarter": 4,
            "eps": null,
            "eps_growth_year": null,
            "eps_4q": null,
            "eps_4q_growth_year": null,
            "roe": null,
            "roe_4q": 0,
            "gross_profit": null,
            "gross_margin": null,
            "gross_margin_4q_avg": 0,
            "net_income": null,
            "net_income_4q": null,
            "revenue": null,
            "revenue_4q": null,
            "common_shares": 965688,
            "book_valuer_per_share": 9.58,
            "book_valuer_per_share_4q_avg": 2.4,
            "equity": 924942,
            "current_ratio": 125.69,
            "debt_ratio": 50.98,
            "inventory_turnover_ratio": null,
            "account_receivable_turnover_ratio": null,
            "reinvestment_rate": null,
            "research_to_sale_ratio": null,
            "price_fair": 0,
            "eps_avg_yearly": 0,
            "eps_latest_yearly": 0,
            "eps_growth_yearly": 0
        },
        "20021": {
            "year_quarter": 20021,
            "year": 2002,
            "quarter": 1,
            "eps": null,
            "eps_growth_year": null,
            "eps_4q": null,
            "eps_4q_growth_year": null,
            "roe": null,
            "roe_4q": 0,
            "gross_profit": null,
            "gross_margin": null,
            "gross_margin_4q_avg": 0,
            "net_income": null,
            "net_income_4q": null,
            "revenue": null,
            "revenue_4q": null,
            "common_shares": null,
            "book_valuer_per_share": null,
            "book_valuer_per_share_4q_avg": 2.4,
            "equity": null,
            "current_ratio": null,
            "debt_ratio": null,
            "inventory_turnover_ratio": null,
            "account_receivable_turnover_ratio": null,
            "reinvestment_rate": null,
            "research_to_sale_ratio": null,
            "price_fair": 0,
            "eps_avg_yearly": 0,
            "eps_latest_yearly": 0,
            "eps_growth_yearly": 0
        },
        "20022": {
            "year_quarter": 20022,
            "year": 2002,
            "quarter": 2,
            "eps": null,
            "eps_growth_year": null,
            "eps_4q": null,
            "eps_4q_growth_year": null,
            "roe": null,
            "roe_4q": 0,
            "gross_profit": null,
            "gross_margin": null,
            "gross_margin_4q_avg": 0,
            "net_income": null,
            "net_income_4q": null,
            "revenue": null,
            "revenue_4q": null,
            "common_shares": null,
            "book_valuer_per_share": null,
            "book_valuer_per_share_4q_avg": 2.4,
            "equity": null,
            "current_ratio": null,
            "debt_ratio": null,
            "inventory_turnover_ratio": null,
            "account_receivable_turnover_ratio": null,
            "reinvestment_rate": null,
            "research_to_sale_ratio": null,
            "price_fair": 0,
            "eps_avg_yearly": 0,
            "eps_latest_yearly": 0,
            "eps_growth_yearly": 0
        },
        "20023": {
            "year_quarter": 20023,
            "year": 2002,
            "quarter": 3,
            "eps": null,
            "eps_growth_year": null,
            "eps_4q": null,
            "eps_4q_growth_year": null,
            "roe": null,
            "roe_4q": 0,
            "gross_profit": null,
            "gross_margin": null,
            "gross_margin_4q_avg": 0,
            "net_income": null,
            "net_income_4q": null,
            "revenue": null,
            "revenue_4q": null,
            "common_shares": null,
            "book_valuer_per_share": null,
            "book_valuer_per_share_4q_avg": 2.4,
            "equity": null,
            "current_ratio": null,
            "debt_ratio": null,
            "inventory_turnover_ratio": null,
            "account_receivable_turnover_ratio": null,
            "reinvestment_rate": null,
            "research_to_sale_ratio": null,
            "price_fair": 0,
            "eps_avg_yearly": 0,
            "eps_latest_yearly": 0,
            "eps_growth_yearly": 0
        },
        "20024": {
            "year_quarter": 20024,
            "year": 2002,
            "quarter": 4,
            "eps": null,
            "eps_growth_year": null,
            "eps_4q": null,
            "eps_4q_growth_year": null,
            "roe": null,
            "roe_4q": 0,
            "gross_profit": null,
            "gross_margin": null,
            "gross_margin_4q_avg": 0,
            "net_income": null,
            "net_income_4q": null,
            "revenue": null,
            "revenue_4q": null,
            "common_shares": 965688,
            "book_valuer_per_share": 10.64,
            "book_valuer_per_share_4q_avg": 2.66,
            "equity": 1027209,
            "current_ratio": 144.65,
            "debt_ratio": 48.28,
            "inventory_turnover_ratio": null,
            "account_receivable_turnover_ratio": null,
            "reinvestment_rate": null,
            "research_to_sale_ratio": null,
            "price_fair": 0,
            "eps_avg_yearly": 0,
            "eps_latest_yearly": 0,
            "eps_growth_yearly": 0
        },
        "20031": {
            "year_quarter": 20031,
            "year": 2003,
            "quarter": 1,
            "eps": null,
            "eps_growth_year": null,
            "eps_4q": null,
            "eps_4q_growth_year": null,
            "roe": null,
            "roe_4q": 0,
            "gross_profit": null,
            "gross_margin": null,
            "gross_margin_4q_avg": 0,
            "net_income": null,
            "net_income_4q": null,
            "revenue": null,
            "revenue_4q": null,
            "common_shares": null,
            "book_valuer_per_share": null,
            "book_valuer_per_share_4q_avg": 2.66,
            "equity": null,
            "current_ratio": null,
            "debt_ratio": null,
            "inventory_turnover_ratio": null,
            "account_receivable_turnover_ratio": null,
            "reinvestment_rate": null,
            "research_to_sale_ratio": null,
            "price_fair": 0,
            "eps_avg_yearly": 0,
            "eps_latest_yearly": 0,
            "eps_growth_yearly": 0
        },
        "20032": {
            "year_quarter": 20032,
            "year": 2003,
            "quarter": 2,
            "eps": null,
            "eps_growth_year": null,
            "eps_4q": null,
            "eps_4q_growth_year": null,
            "roe": null,
            "roe_4q": 0,
            "gross_profit": null,
            "gross_margin": null,
            "gross_margin_4q_avg": 0,
            "net_income": null,
            "net_income_4q": null,
            "revenue": null,
            "revenue_4q": null,
            "common_shares": null,
            "book_valuer_per_share": null,
            "book_valuer_per_share_4q_avg": 2.66,
            "equity": null,
            "current_ratio": null,
            "debt_ratio": null,
            "inventory_turnover_ratio": null,
            "account_receivable_turnover_ratio": null,
            "reinvestment_rate": null,
            "research_to_sale_ratio": null,
            "price_fair": 0,
            "eps_avg_yearly": 0,
            "eps_latest_yearly": 0,
            "eps_growth_yearly": 0
        },
        "20033": {
            "year_quarter": 20033,
            "year": 2003,
            "quarter": 3,
            "eps": null,
            "eps_growth_year": null,
            "eps_4q": null,
            "eps_4q_growth_year": null,
            "roe": null,
            "roe_4q": 0,
            "gross_profit": null,
            "gross_margin": null,
            "gross_margin_4q_avg": 0,
            "net_income": null,
            "net_income_4q": null,
            "revenue": null,
            "revenue_4q": null,
            "common_shares": null,
            "book_valuer_per_share": null,
            "book_valuer_per_share_4q_avg": 2.66,
            "equity": null,
            "current_ratio": null,
            "debt_ratio": null,
            "inventory_turnover_ratio": null,
            "account_receivable_turnover_ratio": null,
            "reinvestment_rate": null,
            "research_to_sale_ratio": null,
            "price_fair": 0,
            "eps_avg_yearly": 0,
            "eps_latest_yearly": 0,
            "eps_growth_yearly": 0
        },
        "20034": {
            "year_quarter": 20034,
            "year": 2003,
            "quarter": 4,
            "eps": null,
            "eps_growth_year": null,
            "eps_4q": null,
            "eps_4q_growth_year": null,
            "roe": null,
            "roe_4q": 0,
            "gross_profit": null,
            "gross_margin": null,
            "gross_margin_4q_avg": 0,
            "net_income": null,
            "net_income_4q": null,
            "revenue": null,
            "revenue_4q": null,
            "common_shares": 965688,
            "book_valuer_per_share": 13.24,
            "book_valuer_per_share_4q_avg": 3.31,
            "equity": 1278850,
            "current_ratio": 145.9,
            "debt_ratio": 56.94,
            "inventory_turnover_ratio": null,
            "account_receivable_turnover_ratio": null,
            "reinvestment_rate": null,
            "research_to_sale_ratio": null,
            "price_fair": 0,
            "eps_avg_yearly": 0,
            "eps_latest_yearly": 0,
            "eps_growth_yearly": 0
        },
        "20041": {
            "year_quarter": 20041,
            "year": 2004,
            "quarter": 1,
            "eps": null,
            "eps_growth_year": null,
            "eps_4q": null,
            "eps_4q_growth_year": null,
            "roe": null,
            "roe_4q": 0,
            "gross_profit": null,
            "gross_margin": null,
            "gross_margin_4q_avg": 0,
            "net_income": null,
            "net_income_4q": null,
            "revenue": null,
            "revenue_4q": null,
            "common_shares": null,
            "book_valuer_per_share": null,
            "book_valuer_per_share_4q_avg": 3.31,
            "equity": null,
            "current_ratio": null,
            "debt_ratio": null,
            "inventory_turnover_ratio": null,
            "account_receivable_turnover_ratio": null,
            "reinvestment_rate": null,
            "research_to_sale_ratio": null,
            "price_fair": 0,
            "eps_avg_yearly": 0,
            "eps_latest_yearly": 0,
            "eps_growth_yearly": 0
        },
        "20042": {
            "year_quarter": 20042,
            "year": 2004,
            "quarter": 2,
            "eps": null,
            "eps_growth_year": null,
            "eps_4q": null,
            "eps_4q_growth_year": null,
            "roe": null,
            "roe_4q": 0,
            "gross_profit": null,
            "gross_margin": null,
            "gross_margin_4q_avg": 0,
            "net_income": null,
            "net_income_4q": null,
            "revenue": null,
            "revenue_4q": null,
            "common_shares": null,
            "book_valuer_per_share": null,
            "book_valuer_per_share_4q_avg": 3.31,
            "equity": null,
            "current_ratio": null,
            "debt_ratio": null,
            "inventory_turnover_ratio": null,
            "account_receivable_turnover_ratio": null,
            "reinvestment_rate": null,
            "research_to_sale_ratio": null,
            "price_fair": 0,
            "eps_avg_yearly": 0,
            "eps_latest_yearly": 0,
            "eps_growth_yearly": 0
        },
        "20043": {
            "year_quarter": 20043,
            "year": 2004,
            "quarter": 3,
            "eps": null,
            "eps_growth_year": null,
            "eps_4q": null,
            "eps_4q_growth_year": null,
            "roe": null,
            "roe_4q": 0,
            "gross_profit": null,
            "gross_margin": null,
            "gross_margin_4q_avg": 0,
            "net_income": null,
            "net_income_4q": null,
            "revenue": null,
            "revenue_4q": null,
            "common_shares": null,
            "book_valuer_per_share": null,
            "book_valuer_per_share_4q_avg": 3.31,
            "equity": null,
            "current_ratio": null,
            "debt_ratio": null,
            "inventory_turnover_ratio": null,
            "account_receivable_turnover_ratio": null,
            "reinvestment_rate": null,
            "research_to_sale_ratio": null,
            "price_fair": 0,
            "eps_avg_yearly": 0,
            "eps_latest_yearly": 0,
            "eps_growth_yearly": 0
        },
        "20044": {
            "year_quarter": 20044,
            "year": 2004,
            "quarter": 4,
            "eps": null,
            "eps_growth_year": null,
            "eps_4q": null,
            "eps_4q_growth_year": null,
            "roe": null,
            "roe_4q": 0,
            "gross_profit": null,
            "gross_margin": null,
            "gross_margin_4q_avg": 0,
            "net_income": null,
            "net_income_4q": null,
            "revenue": null,
            "revenue_4q": null,
            "common_shares": 980021,
            "book_valuer_per_share": 14.17,
            "book_valuer_per_share_4q_avg": 3.54,
            "equity": 1389136,
            "current_ratio": 153.61,
            "debt_ratio": 56.11,
            "inventory_turnover_ratio": null,
            "account_receivable_turnover_ratio": null,
            "reinvestment_rate": null,
            "research_to_sale_ratio": null,
            "price_fair": 0,
            "eps_avg_yearly": 0,
            "eps_latest_yearly": 0,
            "eps_growth_yearly": 0
        },
        "20051": {
            "year_quarter": 20051,
            "year": 2005,
            "quarter": 1,
            "eps": 2.09,
            "eps_growth_year": null,
            "eps_4q": null,
            "eps_4q_growth_year": null,
            "roe": 13.96,
            "roe_4q": 13.96,
            "gross_profit": 908031,
            "gross_margin": 24.82,
            "gross_margin_4q_avg": 6.21,
            "net_income": 210087,
            "net_income_4q": null,
            "revenue": 3658725,
            "revenue_4q": null,
            "common_shares": 1001451,
            "book_valuer_per_share": 16.17,
            "book_valuer_per_share_4q_avg": 7.59,
            "equity": 1619796,
            "current_ratio": 161.08,
            "debt_ratio": 54.91,
            "inventory_turnover_ratio": 2.45,
            "account_receivable_turnover_ratio": null,
            "reinvestment_rate": null,
            "research_to_sale_ratio": null,
            "price_fair": 0,
            "eps_avg_yearly": 0,
            "eps_latest_yearly": 0,
            "eps_growth_yearly": 0
        },
        "20052": {
            "year_quarter": 20052,
            "year": 2005,
            "quarter": 2,
            "eps": 1,
            "eps_growth_year": null,
            "eps_4q": null,
            "eps_4q_growth_year": null,
            "roe": 6.56,
            "roe_4q": 20.52,
            "gross_profit": 792337,
            "gross_margin": 23.02,
            "gross_margin_4q_avg": 11.96,
            "net_income": 101134,
            "net_income_4q": null,
            "revenue": 3441982,
            "revenue_4q": null,
            "common_shares": 1005011,
            "book_valuer_per_share": 14.54,
            "book_valuer_per_share_4q_avg": 11.22,
            "equity": 1461575,
            "current_ratio": 144.71,
            "debt_ratio": 61.82,
            "inventory_turnover_ratio": 2.08,
            "account_receivable_turnover_ratio": null,
            "reinvestment_rate": null,
            "research_to_sale_ratio": null,
            "price_fair": 12,
            "eps_avg_yearly": 4,
            "eps_latest_yearly": 4,
            "eps_growth_yearly": -208.61
        },
        "20053": {
            "year_quarter": 20053,
            "year": 2005,
            "quarter": 3,
            "eps": 1,
            "eps_growth_year": null,
            "eps_4q": null,
            "eps_4q_growth_year": null,
            "roe": 6.73,
            "roe_4q": 27.25,
            "gross_profit": 756689,
            "gross_margin": 22.35,
            "gross_margin_4q_avg": 17.55,
            "net_income": 103622,
            "net_income_4q": null,
            "revenue": 3385159,
            "revenue_4q": null,
            "common_shares": 1076834,
            "book_valuer_per_share": 15,
            "book_valuer_per_share_4q_avg": 14.97,
            "equity": 1615770,
            "current_ratio": 163.92,
            "debt_ratio": 54.49,
            "inventory_turnover_ratio": 2.02,
            "account_receivable_turnover_ratio": null,
            "reinvestment_rate": null,
            "research_to_sale_ratio": null,
            "price_fair": 12,
            "eps_avg_yearly": 4,
            "eps_latest_yearly": 4,
            "eps_growth_yearly": -104.31
        },
        "20054": {
            "year_quarter": 20054,
            "year": 2005,
            "quarter": 4,
            "eps": 0.72,
            "eps_growth_year": null,
            "eps_4q": 4.68,
            "eps_4q_growth_year": null,
            "roe": 3.89,
            "roe_4q": 31.14,
            "gross_profit": 739285,
            "gross_margin": 25.92,
            "gross_margin_4q_avg": 24.03,
            "net_income": 75448,
            "net_income_4q": null,
            "revenue": 2852104,
            "revenue_4q": null,
            "common_shares": 1244497,
            "book_valuer_per_share": 18.18,
            "book_valuer_per_share_4q_avg": 15.97,
            "equity": 2262199,
            "current_ratio": 184.24,
            "debt_ratio": 49.9,
            "inventory_turnover_ratio": 1.63,
            "account_receivable_turnover_ratio": null,
            "reinvestment_rate": null,
            "research_to_sale_ratio": null,
            "price_fair": 10.88,
            "eps_avg_yearly": 3.63,
            "eps_latest_yearly": 2.88,
            "eps_growth_yearly": -106.87
        },
        "20061": {
            "year_quarter": 20061,
            "year": 2006,
            "quarter": 1,
            "eps": 1.53,
            "eps_growth_year": -26.79,
            "eps_4q": 3.78,
            "eps_4q_growth_year": null,
            "roe": 8.08,
            "roe_4q": 25.26,
            "gross_profit": 832325,
            "gross_margin": 24.36,
            "gross_margin_4q_avg": 23.91,
            "net_income": 190906,
            "net_income_4q": null,
            "revenue": 3417146,
            "revenue_4q": null,
            "common_shares": 1255599,
            "book_valuer_per_share": 19.62,
            "book_valuer_per_share_4q_avg": 16.84,
            "equity": 2463554,
            "current_ratio": 214.6,
            "debt_ratio": 43.03,
            "inventory_turnover_ratio": 1.83,
            "account_receivable_turnover_ratio": null,
            "reinvestment_rate": null,
            "research_to_sale_ratio": null,
            "price_fair": 148.75,
            "eps_avg_yearly": 4.25,
            "eps_latest_yearly": 6.12,
            "eps_growth_yearly": 32.35
        },
        "20062": {
            "year_quarter": 20062,
            "year": 2006,
            "quarter": 2,
            "eps": 0.96,
            "eps_growth_year": -4,
            "eps_4q": 3.88,
            "eps_4q_growth_year": null,
            "roe": 5.25,
            "roe_4q": 23.95,
            "gross_profit": 757403,
            "gross_margin": 22.99,
            "gross_margin_4q_avg": 23.91,
            "net_income": 121834,
            "net_income_4q": null,
            "revenue": 3294579,
            "revenue_4q": null,
            "common_shares": 1266057,
            "book_valuer_per_share": 17.22,
            "book_valuer_per_share_4q_avg": 17.51,
            "equity": 2179522,
            "current_ratio": 171.76,
            "debt_ratio": 53.35,
            "inventory_turnover_ratio": 1.7,
            "account_receivable_turnover_ratio": null,
            "reinvestment_rate": null,
            "research_to_sale_ratio": null,
            "price_fair": 12.5,
            "eps_avg_yearly": 4.17,
            "eps_latest_yearly": 3.84,
            "eps_growth_yearly": -3.93
        },
        "20063": {
            "year_quarter": 20063,
            "year": 2006,
            "quarter": 3,
            "eps": 0.98,
            "eps_growth_year": -2,
            "eps_4q": 4.04,
            "eps_4q_growth_year": null,
            "roe": 5.55,
            "roe_4q": 22.770000000000003,
            "gross_profit": 754535,
            "gross_margin": 21.87,
            "gross_margin_4q_avg": 23.79,
            "net_income": 124454,
            "net_income_4q": null,
            "revenue": 3450718,
            "revenue_4q": null,
            "common_shares": 1283476,
            "book_valuer_per_share": 17.96,
            "book_valuer_per_share_4q_avg": 18.25,
            "equity": 2304759,
            "current_ratio": 215.15,
            "debt_ratio": 42.92,
            "inventory_turnover_ratio": 1.88,
            "account_receivable_turnover_ratio": null,
            "reinvestment_rate": null,
            "research_to_sale_ratio": null,
            "price_fair": 12.38,
            "eps_avg_yearly": 4.13,
            "eps_latest_yearly": 3.92,
            "eps_growth_yearly": -1.88
        },
        "20064": {
            "year_quarter": 20064,
            "year": 2006,
            "quarter": 4,
            "eps": 0.7,
            "eps_growth_year": -2.78,
            "eps_4q": 4.14,
            "eps_4q_growth_year": -11.5,
            "roe": 3.79,
            "roe_4q": 22.67,
            "gross_profit": 670127,
            "gross_margin": 23.73,
            "gross_margin_4q_avg": 23.24,
            "net_income": 88940,
            "net_income_4q": null,
            "revenue": 2823948,
            "revenue_4q": null,
            "common_shares": 1284429,
            "book_valuer_per_share": 18.64,
            "book_valuer_per_share_4q_avg": 18.36,
            "equity": 2394586,
            "current_ratio": 196,
            "debt_ratio": 46.85,
            "inventory_turnover_ratio": 1.55,
            "account_receivable_turnover_ratio": null,
            "reinvestment_rate": null,
            "research_to_sale_ratio": null,
            "price_fair": 11.81,
            "eps_avg_yearly": 3.94,
            "eps_latest_yearly": 2.8,
            "eps_growth_yearly": -17.94
        },
        "20071": {
            "year_quarter": 20071,
            "year": 2007,
            "quarter": 1,
            "eps": 1.59,
            "eps_growth_year": 3.92,
            "eps_4q": 4.21,
            "eps_4q_growth_year": 11.45,
            "roe": 8.16,
            "roe_4q": 22.75,
            "gross_profit": 967157,
            "gross_margin": 23.49,
            "gross_margin_4q_avg": 23.02,
            "net_income": 203602,
            "net_income_4q": null,
            "revenue": 4116916,
            "revenue_4q": null,
            "common_shares": 1284429,
            "book_valuer_per_share": 20.23,
            "book_valuer_per_share_4q_avg": 18.51,
            "equity": 2598188,
            "current_ratio": 192.14,
            "debt_ratio": 48.17,
            "inventory_turnover_ratio": 2.06,
            "account_receivable_turnover_ratio": null,
            "reinvestment_rate": null,
            "research_to_sale_ratio": null,
            "price_fair": 148.4,
            "eps_avg_yearly": 4.24,
            "eps_latest_yearly": 6.36,
            "eps_growth_yearly": 47.87
        },
        "20072": {
            "year_quarter": 20072,
            "year": 2007,
            "quarter": 2,
            "eps": 1.04,
            "eps_growth_year": 8.33,
            "eps_4q": 4.23,
            "eps_4q_growth_year": 9.25,
            "roe": 5.58,
            "roe_4q": 23.080000000000002,
            "gross_profit": 843505,
            "gross_margin": 22.22,
            "gross_margin_4q_avg": 22.83,
            "net_income": 135797,
            "net_income_4q": null,
            "revenue": 3795756,
            "revenue_4q": null,
            "common_shares": 1284429,
            "book_valuer_per_share": 17.68,
            "book_valuer_per_share_4q_avg": 18.63,
            "equity": 2271168,
            "current_ratio": 168.53,
            "debt_ratio": 54.8,
            "inventory_turnover_ratio": 1.76,
            "account_receivable_turnover_ratio": null,
            "reinvestment_rate": null,
            "research_to_sale_ratio": null,
            "price_fair": 148.09,
            "eps_avg_yearly": 4.23,
            "eps_latest_yearly": 4.16,
            "eps_growth_yearly": 27.18
        },
        "20073": {
            "year_quarter": 20073,
            "year": 2007,
            "quarter": 3,
            "eps": 1.15,
            "eps_growth_year": 17.35,
            "eps_4q": 4.42,
            "eps_4q_growth_year": 9.59,
            "roe": 6.41,
            "roe_4q": 23.939999999999998,
            "gross_profit": 868006,
            "gross_margin": 21.76,
            "gross_margin_4q_avg": 22.8,
            "net_income": 150465,
            "net_income_4q": null,
            "revenue": 3989722,
            "revenue_4q": null,
            "common_shares": 1303273,
            "book_valuer_per_share": 18.58,
            "book_valuer_per_share_4q_avg": 18.78,
            "equity": 2421633,
            "current_ratio": 221.69,
            "debt_ratio": 40.99,
            "inventory_turnover_ratio": 2,
            "account_receivable_turnover_ratio": null,
            "reinvestment_rate": null,
            "research_to_sale_ratio": null,
            "price_fair": 149.38,
            "eps_avg_yearly": 4.27,
            "eps_latest_yearly": 4.6,
            "eps_growth_yearly": 28.69
        },
        "20074": {
            "year_quarter": 20074,
            "year": 2007,
            "quarter": 4,
            "eps": 0.65,
            "eps_growth_year": -7.14,
            "eps_4q": 4.38,
            "eps_4q_growth_year": 5.88,
            "roe": 3.46,
            "roe_4q": 23.61,
            "gross_profit": 755383,
            "gross_margin": 23.87,
            "gross_margin_4q_avg": 22.84,
            "net_income": 85262,
            "net_income_4q": null,
            "revenue": 3164419,
            "revenue_4q": null,
            "common_shares": 1303273,
            "book_valuer_per_share": 19.24,
            "book_valuer_per_share_4q_avg": 18.93,
            "equity": 2506896,
            "current_ratio": 186.62,
            "debt_ratio": 49.07,
            "inventory_turnover_ratio": 1.51,
            "account_receivable_turnover_ratio": null,
            "reinvestment_rate": null,
            "research_to_sale_ratio": null,
            "price_fair": 83.46,
            "eps_avg_yearly": 4.12,
            "eps_latest_yearly": 2.6,
            "eps_growth_yearly": 10.27
        },
        "20081": {
            "year_quarter": 20081,
            "year": 2008,
            "quarter": 1,
            "eps": 1.47,
            "eps_growth_year": -7.55,
            "eps_4q": 4.32,
            "eps_4q_growth_year": 2.59,
            "roe": 7.37,
            "roe_4q": 22.82,
            "gross_profit": 918384,
            "gross_margin": 23.44,
            "gross_margin_4q_avg": 22.82,
            "net_income": 191844,
            "net_income_4q": null,
            "revenue": 3917195,
            "revenue_4q": null,
            "common_shares": 1303273,
            "book_valuer_per_share": 20.71,
            "book_valuer_per_share_4q_avg": 19.05,
            "equity": 2698739,
            "current_ratio": 208.86,
            "debt_ratio": 43.83,
            "inventory_turnover_ratio": 1.62,
            "account_receivable_turnover_ratio": null,
            "reinvestment_rate": null,
            "research_to_sale_ratio": null,
            "price_fair": 149.22,
            "eps_avg_yearly": 4.26,
            "eps_latest_yearly": 5.88,
            "eps_growth_yearly": 51.47
        },
        "20082": {
            "year_quarter": 20082,
            "year": 2008,
            "quarter": 2,
            "eps": 0.9,
            "eps_growth_year": -13.46,
            "eps_4q": 4.13,
            "eps_4q_growth_year": -2.36,
            "roe": 4.74,
            "roe_4q": 21.98,
            "gross_profit": 848789,
            "gross_margin": 21.61,
            "gross_margin_4q_avg": 22.67,
            "net_income": 118997,
            "net_income_4q": null,
            "revenue": 3928631,
            "revenue_4q": null,
            "common_shares": 1303273,
            "book_valuer_per_share": 17.79,
            "book_valuer_per_share_4q_avg": 19.08,
            "equity": 2318422,
            "current_ratio": 175.65,
            "debt_ratio": 51.93,
            "inventory_turnover_ratio": 1.57,
            "account_receivable_turnover_ratio": null,
            "reinvestment_rate": null,
            "research_to_sale_ratio": null,
            "price_fair": 147.43,
            "eps_avg_yearly": 4.21,
            "eps_latest_yearly": 3.6,
            "eps_growth_yearly": 35.58
        },
        "20083": {
            "year_quarter": 20083,
            "year": 2008,
            "quarter": 3,
            "eps": 0.68,
            "eps_growth_year": -40.87,
            "eps_4q": 3.68,
            "eps_4q_growth_year": -16.85,
            "roe": 3.8,
            "roe_4q": 19.37,
            "gross_profit": 745899,
            "gross_margin": 21.4,
            "gross_margin_4q_avg": 22.58,
            "net_income": 89831,
            "net_income_4q": null,
            "revenue": 3485850,
            "revenue_4q": null,
            "common_shares": 1322306,
            "book_valuer_per_share": 18.21,
            "book_valuer_per_share_4q_avg": 18.99,
            "equity": 2408252,
            "current_ratio": 237.62,
            "debt_ratio": 37.99,
            "inventory_turnover_ratio": 1.61,
            "account_receivable_turnover_ratio": null,
            "reinvestment_rate": null,
            "research_to_sale_ratio": null,
            "price_fair": 143.7,
            "eps_avg_yearly": 4.11,
            "eps_latest_yearly": 2.72,
            "eps_growth_yearly": 26.05
        },
        "20084": {
            "year_quarter": 20084,
            "year": 2008,
            "quarter": 4,
            "eps": 0.53,
            "eps_growth_year": -18.46,
            "eps_4q": 3.59,
            "eps_4q_growth_year": -18.15,
            "roe": 2.84,
            "roe_4q": 18.75,
            "gross_profit": 638357,
            "gross_margin": 24.34,
            "gross_margin_4q_avg": 22.7,
            "net_income": 69428,
            "net_income_4q": null,
            "revenue": 2622736,
            "revenue_4q": null,
            "common_shares": 1322306,
            "book_valuer_per_share": 18.74,
            "book_valuer_per_share_4q_avg": 18.86,
            "equity": 2477681,
            "current_ratio": 208.53,
            "debt_ratio": 43.22,
            "inventory_turnover_ratio": 1.34,
            "account_receivable_turnover_ratio": 158.57,
            "reinvestment_rate": -2.9,
            "research_to_sale_ratio": null,
            "price_fair": 112.98,
            "eps_avg_yearly": 3.97,
            "eps_latest_yearly": 2.12,
            "eps_growth_yearly": 18.43
        },
        "20091": {
            "year_quarter": 20091,
            "year": 2009,
            "quarter": 1,
            "eps": 1.22,
            "eps_growth_year": -17.01,
            "eps_4q": 3.32,
            "eps_4q_growth_year": -23.18,
            "roe": 6.33,
            "roe_4q": 17.71,
            "gross_profit": 769777,
            "gross_margin": 23.31,
            "gross_margin_4q_avg": 22.67,
            "net_income": 161946,
            "net_income_4q": null,
            "revenue": 3302757,
            "revenue_4q": null,
            "common_shares": 1322306,
            "book_valuer_per_share": 19.96,
            "book_valuer_per_share_4q_avg": 18.68,
            "equity": 2639627,
            "current_ratio": 228.59,
            "debt_ratio": 39.75,
            "inventory_turnover_ratio": 1.58,
            "account_receivable_turnover_ratio": 68.81,
            "reinvestment_rate": -2.77,
            "research_to_sale_ratio": null,
            "price_fair": 141.05,
            "eps_avg_yearly": 4.03,
            "eps_latest_yearly": 4.88,
            "eps_growth_yearly": 49.83
        },
        "20092": {
            "year_quarter": 20092,
            "year": 2009,
            "quarter": 2,
            "eps": 0.71,
            "eps_growth_year": -21.11,
            "eps_4q": 3.13,
            "eps_4q_growth_year": -24.28,
            "roe": 3.81,
            "roe_4q": 16.78,
            "gross_profit": 650944,
            "gross_margin": 22.16,
            "gross_margin_4q_avg": 22.8,
            "net_income": 94229,
            "net_income_4q": null,
            "revenue": 2936948,
            "revenue_4q": null,
            "common_shares": 1322306,
            "book_valuer_per_share": 17.47,
            "book_valuer_per_share_4q_avg": 18.6,
            "equity": 2310718,
            "current_ratio": 190.92,
            "debt_ratio": 47.51,
            "inventory_turnover_ratio": 1.35,
            "account_receivable_turnover_ratio": 55.03,
            "reinvestment_rate": -2.91,
            "research_to_sale_ratio": null,
            "price_fair": 138.51,
            "eps_avg_yearly": 3.96,
            "eps_latest_yearly": 2.84,
            "eps_growth_yearly": 52.42
        },
        "20093": {
            "year_quarter": 20093,
            "year": 2009,
            "quarter": 3,
            "eps": 0.62,
            "eps_growth_year": -8.82,
            "eps_4q": 3.1,
            "eps_4q_growth_year": -15.75,
            "roe": 3.46,
            "roe_4q": 16.439999999999998,
            "gross_profit": 676923,
            "gross_margin": 20.59,
            "gross_margin_4q_avg": 22.6,
            "net_income": 81433,
            "net_income_4q": null,
            "revenue": 3287315,
            "revenue_4q": null,
            "common_shares": 1322306,
            "book_valuer_per_share": 18.09,
            "book_valuer_per_share_4q_avg": 18.57,
            "equity": 2392151,
            "current_ratio": 233.33,
            "debt_ratio": 38.73,
            "inventory_turnover_ratio": 1.74,
            "account_receivable_turnover_ratio": 79.06,
            "reinvestment_rate": -2.37,
            "research_to_sale_ratio": null,
            "price_fair": 135.19,
            "eps_avg_yearly": 3.86,
            "eps_latest_yearly": 2.48,
            "eps_growth_yearly": 49.25
        },
        "20094": {
            "year_quarter": 20094,
            "year": 2009,
            "quarter": 4,
            "eps": 0.41,
            "eps_growth_year": -22.64,
            "eps_4q": 3.95,
            "eps_4q_growth_year": 10.2,
            "roe": 2.44,
            "roe_4q": 16.04,
            "gross_profit": 593074,
            "gross_margin": 24.7,
            "gross_margin_4q_avg": 22.69,
            "net_income": 54595,
            "net_income_4q": null,
            "revenue": 2400803,
            "revenue_4q": null,
            "common_shares": 991729,
            "book_valuer_per_share": 21.08,
            "book_valuer_per_share_4q_avg": 19.15,
            "equity": 2090232,
            "current_ratio": 182.28,
            "debt_ratio": 50.9,
            "inventory_turnover_ratio": 1.37,
            "account_receivable_turnover_ratio": 159.21,
            "reinvestment_rate": -2.47,
            "research_to_sale_ratio": null,
            "price_fair": 132.48,
            "eps_avg_yearly": 3.79,
            "eps_latest_yearly": 1.64,
            "eps_growth_yearly": 47.78
        },
        "20101": {
            "year_quarter": 20101,
            "year": 2010,
            "quarter": 1,
            "eps": 1.55,
            "eps_growth_year": 27.05,
            "eps_4q": 3.87,
            "eps_4q_growth_year": 16.67,
            "roe": 7.04,
            "roe_4q": 16.75,
            "gross_profit": 717652,
            "gross_margin": 23.46,
            "gross_margin_4q_avg": 22.73,
            "net_income": 153432,
            "net_income_4q": null,
            "revenue": 3058479,
            "revenue_4q": null,
            "common_shares": 991729,
            "book_valuer_per_share": 22.89,
            "book_valuer_per_share_4q_avg": 19.88,
            "equity": 2269601,
            "current_ratio": 200.9,
            "debt_ratio": 45.86,
            "inventory_turnover_ratio": 1.55,
            "account_receivable_turnover_ratio": 106.47,
            "reinvestment_rate": -2.32,
            "research_to_sale_ratio": null,
            "price_fair": 132.65,
            "eps_avg_yearly": 3.79,
            "eps_latest_yearly": 6.2,
            "eps_growth_yearly": 89.17
        },
        "20102": {
            "year_quarter": 20102,
            "year": 2010,
            "quarter": 2,
            "eps": 1.04,
            "eps_growth_year": 46.36,
            "eps_4q": 3.96,
            "eps_4q_growth_year": 26.44,
            "roe": 4.81,
            "roe_4q": 17.75,
            "gross_profit": 649386,
            "gross_margin": 22.24,
            "gross_margin_4q_avg": 22.75,
            "net_income": 103054,
            "net_income_4q": null,
            "revenue": 2920172,
            "revenue_4q": null,
            "common_shares": 991729,
            "book_valuer_per_share": 20.36,
            "book_valuer_per_share_4q_avg": 20.61,
            "equity": 2019600,
            "current_ratio": 174.3,
            "debt_ratio": 52.81,
            "inventory_turnover_ratio": 1.34,
            "account_receivable_turnover_ratio": 78.88,
            "reinvestment_rate": -2.1,
            "research_to_sale_ratio": null,
            "price_fair": 133.35,
            "eps_avg_yearly": 3.81,
            "eps_latest_yearly": 4.16,
            "eps_growth_yearly": 90.26
        },
        "20103": {
            "year_quarter": 20103,
            "year": 2010,
            "quarter": 3,
            "eps": 1.02,
            "eps_growth_year": 64.19,
            "eps_4q": 4.15,
            "eps_4q_growth_year": 34.07,
            "roe": 4.88,
            "roe_4q": 19.17,
            "gross_profit": 690587,
            "gross_margin": 20.06,
            "gross_margin_4q_avg": 22.62,
            "net_income": 100954,
            "net_income_4q": null,
            "revenue": 3442399,
            "revenue_4q": null,
            "common_shares": 991729,
            "book_valuer_per_share": 21.38,
            "book_valuer_per_share_4q_avg": 21.43,
            "equity": 2120553,
            "current_ratio": 217.67,
            "debt_ratio": 42.08,
            "inventory_turnover_ratio": 1.74,
            "account_receivable_turnover_ratio": 97.37,
            "reinvestment_rate": -1.8,
            "research_to_sale_ratio": null,
            "price_fair": 133.7,
            "eps_avg_yearly": 3.82,
            "eps_latest_yearly": 4.08,
            "eps_growth_yearly": 89.25
        },
        "20104": {
            "year_quarter": 20104,
            "year": 2010,
            "quarter": 4,
            "eps": 0.75,
            "eps_growth_year": 82.68,
            "eps_4q": 4.35,
            "eps_4q_growth_year": 10.08,
            "roe": 3.48,
            "roe_4q": 20.209999999999997,
            "gross_profit": 635372,
            "gross_margin": 24.4,
            "gross_margin_4q_avg": 22.54,
            "net_income": 74278,
            "net_income_4q": null,
            "revenue": 2604070,
            "revenue_4q": null,
            "common_shares": 991729,
            "book_valuer_per_share": 21.66,
            "book_valuer_per_share_4q_avg": 21.57,
            "equity": 2148224,
            "current_ratio": 200.01,
            "debt_ratio": 47.35,
            "inventory_turnover_ratio": 1.36,
            "account_receivable_turnover_ratio": 78.83,
            "reinvestment_rate": -1.86,
            "research_to_sale_ratio": null,
            "price_fair": 134.14,
            "eps_avg_yearly": 3.83,
            "eps_latest_yearly": 3,
            "eps_growth_yearly": 89.78
        },
        "20111": {
            "year_quarter": 20111,
            "year": 2011,
            "quarter": 1,
            "eps": 1.43,
            "eps_growth_year": -7.74,
            "eps_4q": 4.23,
            "eps_4q_growth_year": 9.41,
            "roe": 6.31,
            "roe_4q": 19.479999999999997,
            "gross_profit": 735723,
            "gross_margin": 24.01,
            "gross_margin_4q_avg": 22.68,
            "net_income": 141513,
            "net_income_4q": null,
            "revenue": 3063898,
            "revenue_4q": null,
            "common_shares": 991729,
            "book_valuer_per_share": 23.56,
            "book_valuer_per_share_4q_avg": 21.74,
            "equity": 2336344,
            "current_ratio": 234.94,
            "debt_ratio": 39.27,
            "inventory_turnover_ratio": 1.63,
            "account_receivable_turnover_ratio": 97.43,
            "reinvestment_rate": -2.18,
            "research_to_sale_ratio": null,
            "price_fair": 132.74,
            "eps_avg_yearly": 3.79,
            "eps_latest_yearly": 5.72,
            "eps_growth_yearly": 80.66
        },
        "20112": {
            "year_quarter": 20112,
            "year": 2011,
            "quarter": 2,
            "eps": 1.27,
            "eps_growth_year": 22.26,
            "eps_4q": 4.46,
            "eps_4q_growth_year": 12.79,
            "roe": 5.66,
            "roe_4q": 20.33,
            "gross_profit": 705909,
            "gross_margin": 20.87,
            "gross_margin_4q_avg": 22.34,
            "net_income": 125991,
            "net_income_4q": null,
            "revenue": 3382384,
            "revenue_4q": null,
            "common_shares": 991729,
            "book_valuer_per_share": 21.35,
            "book_valuer_per_share_4q_avg": 21.99,
            "equity": 2117214,
            "current_ratio": 166.56,
            "debt_ratio": 56.03,
            "inventory_turnover_ratio": 1.62,
            "account_receivable_turnover_ratio": 119.27,
            "reinvestment_rate": -3.14,
            "research_to_sale_ratio": null,
            "price_fair": 134.75,
            "eps_avg_yearly": 3.85,
            "eps_latest_yearly": 5.08,
            "eps_growth_yearly": 86.51
        },
        "20113": {
            "year_quarter": 20113,
            "year": 2011,
            "quarter": 3,
            "eps": 0.9,
            "eps_growth_year": -11.11,
            "eps_4q": 4.35,
            "eps_4q_growth_year": 4.73,
            "roe": 4.15,
            "roe_4q": 19.6,
            "gross_profit": 693513,
            "gross_margin": 20.18,
            "gross_margin_4q_avg": 22.37,
            "net_income": 89741,
            "net_income_4q": null,
            "revenue": 3436047,
            "revenue_4q": null,
            "common_shares": 991729,
            "book_valuer_per_share": 22.25,
            "book_valuer_per_share_4q_avg": 22.21,
            "equity": 2206955,
            "current_ratio": 208.91,
            "debt_ratio": 44.37,
            "inventory_turnover_ratio": 1.58,
            "account_receivable_turnover_ratio": 111.96,
            "reinvestment_rate": -3.49,
            "research_to_sale_ratio": null,
            "price_fair": 132.56,
            "eps_avg_yearly": 3.79,
            "eps_latest_yearly": 3.6,
            "eps_growth_yearly": 76.58
        },
        "20114": {
            "year_quarter": 20114,
            "year": 2011,
            "quarter": 4,
            "eps": 1.02,
            "eps_growth_year": 36.19,
            "eps_4q": 4.62,
            "eps_4q_growth_year": 6.18,
            "roe": 4.58,
            "roe_4q": 20.7,
            "gross_profit": 720616,
            "gross_margin": 25.77,
            "gross_margin_4q_avg": 22.71,
            "net_income": 101160,
            "net_income_4q": null,
            "revenue": 2796695,
            "revenue_4q": null,
            "common_shares": 991729,
            "book_valuer_per_share": 22.3,
            "book_valuer_per_share_4q_avg": 22.37,
            "equity": 2211715,
            "current_ratio": 187.72,
            "debt_ratio": 51.88,
            "inventory_turnover_ratio": 1.22,
            "account_receivable_turnover_ratio": 58.48,
            "reinvestment_rate": -4.18,
            "research_to_sale_ratio": null,
            "price_fair": 135.8,
            "eps_avg_yearly": 3.88,
            "eps_latest_yearly": 4.08,
            "eps_growth_yearly": 90.79
        },
        "20121": {
            "year_quarter": 20121,
            "year": 2012,
            "quarter": 1,
            "eps": 1.87,
            "eps_growth_year": 30.77,
            "eps_4q": 5.06,
            "eps_4q_growth_year": 19.59,
            "roe": 7.87,
            "roe_4q": 22.26,
            "gross_profit": 879516,
            "gross_margin": 23,
            "gross_margin_4q_avg": 22.46,
            "net_income": 185156,
            "net_income_4q": null,
            "revenue": 3824110,
            "revenue_4q": null,
            "common_shares": 991729,
            "book_valuer_per_share": 25.14,
            "book_valuer_per_share_4q_avg": 22.76,
            "equity": 2493271,
            "current_ratio": 192.36,
            "debt_ratio": 48.7,
            "inventory_turnover_ratio": 1.55,
            "account_receivable_turnover_ratio": 33.57,
            "reinvestment_rate": -3.76,
            "research_to_sale_ratio": null,
            "price_fair": 139.3,
            "eps_avg_yearly": 3.98,
            "eps_latest_yearly": 7.48,
            "eps_growth_yearly": 80.08
        },
        "20122": {
            "year_quarter": 20122,
            "year": 2012,
            "quarter": 2,
            "eps": 1.43,
            "eps_growth_year": 12.34,
            "eps_4q": 5.22,
            "eps_4q_growth_year": 16.91,
            "roe": 5.98,
            "roe_4q": 22.58,
            "gross_profit": 808704,
            "gross_margin": 20.99,
            "gross_margin_4q_avg": 22.49,
            "net_income": 141542,
            "net_income_4q": null,
            "revenue": 3853000,
            "revenue_4q": null,
            "common_shares": 991729,
            "book_valuer_per_share": 22.57,
            "book_valuer_per_share_4q_avg": 23.07,
            "equity": 2238121,
            "current_ratio": 161.56,
            "debt_ratio": 58.01,
            "inventory_turnover_ratio": 1.38,
            "account_receivable_turnover_ratio": 31.05,
            "reinvestment_rate": -2.89,
            "research_to_sale_ratio": null,
            "price_fair": 143.94,
            "eps_avg_yearly": 4.11,
            "eps_latest_yearly": 5.72,
            "eps_growth_yearly": 83.89
        },
        "20123": {
            "year_quarter": 20123,
            "year": 2012,
            "quarter": 3,
            "eps": 1.16,
            "eps_growth_year": 28.29,
            "eps_4q": 5.48,
            "eps_4q_growth_year": 25.83,
            "roe": 5.02,
            "roe_4q": 23.450000000000003,
            "gross_profit": 835866,
            "gross_margin": 20.18,
            "gross_margin_4q_avg": 22.49,
            "net_income": 115130,
            "net_income_4q": null,
            "revenue": 4142919,
            "revenue_4q": null,
            "common_shares": 991729,
            "book_valuer_per_share": 23.73,
            "book_valuer_per_share_4q_avg": 23.44,
            "equity": 2353251,
            "current_ratio": 195.75,
            "debt_ratio": 47.53,
            "inventory_turnover_ratio": 1.52,
            "account_receivable_turnover_ratio": 49.68,
            "reinvestment_rate": -1.86,
            "research_to_sale_ratio": null,
            "price_fair": 148.14,
            "eps_avg_yearly": 4.23,
            "eps_latest_yearly": 4.64,
            "eps_growth_yearly": 85.28
        },
        "20124": {
            "year_quarter": 20124,
            "year": 2012,
            "quarter": 4,
            "eps": 0.97,
            "eps_growth_year": -5.33,
            "eps_4q": 5.42,
            "eps_4q_growth_year": 17.27,
            "roe": 4.12,
            "roe_4q": 22.990000000000002,
            "gross_profit": 756792,
            "gross_margin": 23.95,
            "gross_margin_4q_avg": 22.03,
            "net_income": 95765,
            "net_income_4q": null,
            "revenue": 3160463,
            "revenue_4q": null,
            "common_shares": 991729,
            "book_valuer_per_share": 23.13,
            "book_valuer_per_share_4q_avg": 23.64,
            "equity": 2293440,
            "current_ratio": 184.43,
            "debt_ratio": 53.68,
            "inventory_turnover_ratio": 1.19,
            "account_receivable_turnover_ratio": 28.11,
            "reinvestment_rate": -0.67,
            "research_to_sale_ratio": null,
            "price_fair": 151.99,
            "eps_avg_yearly": 4.34,
            "eps_latest_yearly": 3.88,
            "eps_growth_yearly": 86.7
        },
        "20131": {
            "year_quarter": 20131,
            "year": 2013,
            "quarter": 1,
            "eps": 1.47,
            "eps_growth_year": -21.39,
            "eps_4q": 5.03,
            "eps_4q_growth_year": -0.73,
            "roe": 6.28,
            "roe_4q": 21.4,
            "gross_profit": 808091,
            "gross_margin": 22.74,
            "gross_margin_4q_avg": 21.97,
            "net_income": 145956,
            "net_income_4q": null,
            "revenue": 3553760,
            "revenue_4q": null,
            "common_shares": 991729,
            "book_valuer_per_share": 23.73,
            "book_valuer_per_share_4q_avg": 23.29,
            "equity": 2353015,
            "current_ratio": 198.73,
            "debt_ratio": 50.92,
            "inventory_turnover_ratio": 1.2,
            "account_receivable_turnover_ratio": 28.46,
            "reinvestment_rate": 1.47,
            "research_to_sale_ratio": null,
            "price_fair": 154.18,
            "eps_avg_yearly": 4.41,
            "eps_latest_yearly": 5.88,
            "eps_growth_yearly": 67.04
        },
        "20132": {
            "year_quarter": 20132,
            "year": 2013,
            "quarter": 2,
            "eps": 1.35,
            "eps_growth_year": -5.41,
            "eps_4q": 4.95,
            "eps_4q_growth_year": -5.24,
            "roe": 6.14,
            "roe_4q": 21.56,
            "gross_profit": 832795,
            "gross_margin": 20.04,
            "gross_margin_4q_avg": 21.73,
            "net_income": 133617,
            "net_income_4q": null,
            "revenue": 4154634,
            "revenue_4q": null,
            "common_shares": 991729,
            "book_valuer_per_share": 20.17,
            "book_valuer_per_share_4q_avg": 22.69,
            "equity": 2000684,
            "current_ratio": 159.63,
            "debt_ratio": 61.63,
            "inventory_turnover_ratio": 1.39,
            "account_receivable_turnover_ratio": 29.23,
            "reinvestment_rate": 3.31,
            "research_to_sale_ratio": null,
            "price_fair": 159.78,
            "eps_avg_yearly": 4.57,
            "eps_latest_yearly": 5.4,
            "eps_growth_yearly": 75.45
        },
        "20133": {
            "year_quarter": 20133,
            "year": 2013,
            "quarter": 3,
            "eps": 0.67,
            "eps_growth_year": -42.29,
            "eps_4q": 4.45,
            "eps_4q_growth_year": -18.68,
            "roe": 3.26,
            "roe_4q": 19.8,
            "gross_profit": 737446,
            "gross_margin": 18.96,
            "gross_margin_4q_avg": 21.42,
            "net_income": 66212,
            "net_income_4q": null,
            "revenue": 3888859,
            "revenue_4q": null,
            "common_shares": 991729,
            "book_valuer_per_share": 20.84,
            "book_valuer_per_share_4q_avg": 21.97,
            "equity": 2066896,
            "current_ratio": 197.41,
            "debt_ratio": 50.72,
            "inventory_turnover_ratio": 1.47,
            "account_receivable_turnover_ratio": 30.58,
            "reinvestment_rate": 5.41,
            "research_to_sale_ratio": null,
            "price_fair": 160.21,
            "eps_avg_yearly": 4.58,
            "eps_latest_yearly": 2.68,
            "eps_growth_yearly": 66.03
        },
        "20134": {
            "year_quarter": 20134,
            "year": 2013,
            "quarter": 4,
            "eps": 0.71,
            "eps_growth_year": -26.86,
            "eps_4q": 4.19,
            "eps_4q_growth_year": -22.65,
            "roe": 3.32,
            "roe_4q": 19,
            "gross_profit": 730913,
            "gross_margin": 23.32,
            "gross_margin_4q_avg": 21.27,
            "net_income": 70042,
            "net_income_4q": null,
            "revenue": 3133663,
            "revenue_4q": null,
            "common_shares": 991729,
            "book_valuer_per_share": 21.73,
            "book_valuer_per_share_4q_avg": 21.62,
            "equity": 2155263,
            "current_ratio": 170.87,
            "debt_ratio": 56.97,
            "inventory_turnover_ratio": 1.08,
            "account_receivable_turnover_ratio": 43.77,
            "reinvestment_rate": 6.73,
            "research_to_sale_ratio": null,
            "price_fair": 162.84,
            "eps_avg_yearly": 4.65,
            "eps_latest_yearly": 2.84,
            "eps_growth_yearly": 75.99
        },
        "20141": {
            "year_quarter": 20141,
            "year": 2014,
            "quarter": 1,
            "eps": 1.36,
            "eps_growth_year": -7.48,
            "eps_4q": 4.08,
            "eps_4q_growth_year": -18.81,
            "roe": 6.06,
            "roe_4q": 18.779999999999998,
            "gross_profit": 803077,
            "gross_margin": 21.99,
            "gross_margin_4q_avg": 21.08,
            "net_income": 134780,
            "net_income_4q": null,
            "revenue": 3652357,
            "revenue_4q": null,
            "common_shares": 991729,
            "book_valuer_per_share": 23.09,
            "book_valuer_per_share_4q_avg": 21.46,
            "equity": 2290043,
            "current_ratio": 185.33,
            "debt_ratio": 52.71,
            "inventory_turnover_ratio": 1.09,
            "account_receivable_turnover_ratio": 39.5,
            "reinvestment_rate": 8.24,
            "research_to_sale_ratio": null,
            "price_fair": 161.18,
            "eps_avg_yearly": 4.61,
            "eps_latest_yearly": 5.44,
            "eps_growth_yearly": 29.36
        },
        "20142": {
            "year_quarter": 20142,
            "year": 2014,
            "quarter": 2,
            "eps": 1.19,
            "eps_growth_year": -11.85,
            "eps_4q": 3.92,
            "eps_4q_growth_year": -20.71,
            "roe": 5.42,
            "roe_4q": 18.060000000000002,
            "gross_profit": 830754,
            "gross_margin": 19.47,
            "gross_margin_4q_avg": 20.94,
            "net_income": 117872,
            "net_income_4q": null,
            "revenue": 4266862,
            "revenue_4q": null,
            "common_shares": 991729,
            "book_valuer_per_share": 20.78,
            "book_valuer_per_share_4q_avg": 21.61,
            "equity": 2060810,
            "current_ratio": 154.95,
            "debt_ratio": 61.86,
            "inventory_turnover_ratio": 1.26,
            "account_receivable_turnover_ratio": 30.29,
            "reinvestment_rate": 9.59,
            "research_to_sale_ratio": null,
            "price_fair": 162.49,
            "eps_avg_yearly": 4.64,
            "eps_latest_yearly": 4.76,
            "eps_growth_yearly": 34.46
        },
        "20143": {
            "year_quarter": 20143,
            "year": 2014,
            "quarter": 3,
            "eps": 1.1,
            "eps_growth_year": 64.18,
            "eps_4q": 4.36,
            "eps_4q_growth_year": -2.05,
            "roe": 5.19,
            "roe_4q": 19.99,
            "gross_profit": 872899,
            "gross_margin": 18.44,
            "gross_margin_4q_avg": 20.81,
            "net_income": 109805,
            "net_income_4q": null,
            "revenue": 4732483,
            "revenue_4q": null,
            "common_shares": 991729,
            "book_valuer_per_share": 21.89,
            "book_valuer_per_share_4q_avg": 21.87,
            "equity": 2170615,
            "current_ratio": 180.34,
            "debt_ratio": 53.65,
            "inventory_turnover_ratio": 1.61,
            "account_receivable_turnover_ratio": 45.28,
            "reinvestment_rate": 10.1,
            "research_to_sale_ratio": null,
            "price_fair": 163.19,
            "eps_avg_yearly": 4.66,
            "eps_latest_yearly": 4.4,
            "eps_growth_yearly": 33.05
        },
        "20144": {
            "year_quarter": 20144,
            "year": 2014,
            "quarter": 4,
            "eps": 0.65,
            "eps_growth_year": -8,
            "eps_4q": 4.3,
            "eps_4q_growth_year": 2.66,
            "roe": 2.92,
            "roe_4q": 19.59,
            "gross_profit": 788300,
            "gross_margin": 23.99,
            "gross_margin_4q_avg": 20.97,
            "net_income": 64439,
            "net_income_4q": null,
            "revenue": 3286603,
            "revenue_4q": null,
            "common_shares": 991729,
            "book_valuer_per_share": 22.57,
            "book_valuer_per_share_4q_avg": 22.08,
            "equity": 2237956,
            "current_ratio": 167.61,
            "debt_ratio": 57.27,
            "inventory_turnover_ratio": 1.04,
            "account_receivable_turnover_ratio": 71.09,
            "reinvestment_rate": 11.01,
            "research_to_sale_ratio": null,
            "price_fair": 162.31,
            "eps_avg_yearly": 4.64,
            "eps_latest_yearly": 2.6,
            "eps_growth_yearly": 29.45
        },
        "20151": {
            "year_quarter": 20151,
            "year": 2015,
            "quarter": 1,
            "eps": 1.49,
            "eps_growth_year": 9.56,
            "eps_4q": 4.43,
            "eps_4q_growth_year": 8.64,
            "roe": 6.38,
            "roe_4q": 19.910000000000004,
            "gross_profit": 839301,
            "gross_margin": 21.03,
            "gross_margin_4q_avg": 20.73,
            "net_income": 147485,
            "net_income_4q": null,
            "revenue": 3990542,
            "revenue_4q": null,
            "common_shares": 991729,
            "book_valuer_per_share": 24.05,
            "book_valuer_per_share_4q_avg": 22.32,
            "equity": 2385441,
            "current_ratio": 176.84,
            "debt_ratio": 54.52,
            "inventory_turnover_ratio": 1.17,
            "account_receivable_turnover_ratio": 81.44,
            "reinvestment_rate": 11.72,
            "research_to_sale_ratio": null,
            "price_fair": 162.84,
            "eps_avg_yearly": 4.65,
            "eps_latest_yearly": 5.96,
            "eps_growth_yearly": 39.09
        },
        "20152": {
            "year_quarter": 20152,
            "year": 2015,
            "quarter": 2,
            "eps": 1.3,
            "eps_growth_year": 9.24,
            "eps_4q": 4.55,
            "eps_4q_growth_year": 15.99,
            "roe": 5.73,
            "roe_4q": 20.22,
            "gross_profit": 888600,
            "gross_margin": 18.97,
            "gross_margin_4q_avg": 20.61,
            "net_income": 129350,
            "net_income_4q": null,
            "revenue": 4683600,
            "revenue_4q": null,
            "common_shares": 991729,
            "book_valuer_per_share": 21.46,
            "book_valuer_per_share_4q_avg": 22.49,
            "equity": 2128017,
            "current_ratio": 149.58,
            "debt_ratio": 63.89,
            "inventory_turnover_ratio": 1.37,
            "account_receivable_turnover_ratio": 80.96,
            "reinvestment_rate": 12.03,
            "research_to_sale_ratio": null,
            "price_fair": 163.1,
            "eps_avg_yearly": 4.66,
            "eps_latest_yearly": 5.2,
            "eps_growth_yearly": 38.7
        },
        "20153": {
            "year_quarter": 20153,
            "year": 2015,
            "quarter": 3,
            "eps": 0.88,
            "eps_growth_year": -20,
            "eps_4q": 4.32,
            "eps_4q_growth_year": -1.01,
            "roe": 4,
            "roe_4q": 19.03,
            "gross_profit": 809485,
            "gross_margin": 19.4,
            "gross_margin_4q_avg": 20.85,
            "net_income": 86847,
            "net_income_4q": null,
            "revenue": 4171950,
            "revenue_4q": null,
            "common_shares": 991729,
            "book_valuer_per_share": 22.33,
            "book_valuer_per_share_4q_avg": 22.6,
            "equity": 2214864,
            "current_ratio": 188.64,
            "debt_ratio": 51.25,
            "inventory_turnover_ratio": 1.3,
            "account_receivable_turnover_ratio": 55.23,
            "reinvestment_rate": 12.21,
            "research_to_sale_ratio": null,
            "price_fair": 162.93,
            "eps_avg_yearly": 4.66,
            "eps_latest_yearly": 3.52,
            "eps_growth_yearly": 37.9
        },
        "20154": {
            "year_quarter": 20154,
            "year": 2015,
            "quarter": 4,
            "eps": 0.71,
            "eps_growth_year": 8.78,
            "eps_4q": 4.37,
            "eps_4q_growth_year": 1.61,
            "roe": 3.13,
            "roe_4q": 19.24,
            "gross_profit": 802116,
            "gross_margin": 21.94,
            "gross_margin_4q_avg": 20.34,
            "net_income": 70100,
            "net_income_4q": null,
            "revenue": 3655636,
            "revenue_4q": null,
            "common_shares": 991729,
            "book_valuer_per_share": 22.83,
            "book_valuer_per_share_4q_avg": 22.67,
            "equity": 2264307,
            "current_ratio": 165.24,
            "debt_ratio": 58.47,
            "inventory_turnover_ratio": 1.2,
            "account_receivable_turnover_ratio": 52.95,
            "reinvestment_rate": 12.21,
            "research_to_sale_ratio": null,
            "price_fair": 160.21,
            "eps_avg_yearly": 4.58,
            "eps_latest_yearly": 2.84,
            "eps_growth_yearly": 29.74
        },
        "20161": {
            "year_quarter": 20161,
            "year": 2016,
            "quarter": 1,
            "eps": 2.08,
            "eps_growth_year": 39.6,
            "eps_4q": 4.97,
            "eps_4q_growth_year": 12.1,
            "roe": 8.72,
            "roe_4q": 21.580000000000002,
            "gross_profit": 997429,
            "gross_margin": 20.87,
            "gross_margin_4q_avg": 20.3,
            "net_income": 206475,
            "net_income_4q": null,
            "revenue": 4778539,
            "revenue_4q": null,
            "common_shares": 991729,
            "book_valuer_per_share": 24.91,
            "book_valuer_per_share_4q_avg": 22.88,
            "equity": 2470782,
            "current_ratio": 170.24,
            "debt_ratio": 56.01,
            "inventory_turnover_ratio": 1.52,
            "account_receivable_turnover_ratio": 87.13,
            "reinvestment_rate": 10.27,
            "research_to_sale_ratio": null,
            "price_fair": 162.05,
            "eps_avg_yearly": 4.63,
            "eps_latest_yearly": 8.32,
            "eps_growth_yearly": 57.15
        },
        "20162": {
            "year_quarter": 20162,
            "year": 2016,
            "quarter": 2,
            "eps": 1.42,
            "eps_growth_year": 9.23,
            "eps_4q": 5.08,
            "eps_4q_growth_year": 11.7,
            "roe": 5.96,
            "roe_4q": 21.81,
            "gross_profit": 886371,
            "gross_margin": 19.01,
            "gross_margin_4q_avg": 20.31,
            "net_income": 140424,
            "net_income_4q": null,
            "revenue": 4662658,
            "revenue_4q": null,
            "common_shares": 991729,
            "book_valuer_per_share": 22.63,
            "book_valuer_per_share_4q_avg": 23.18,
            "equity": 2244266,
            "current_ratio": 154.32,
            "debt_ratio": 61.62,
            "inventory_turnover_ratio": 1.47,
            "account_receivable_turnover_ratio": 88.86,
            "reinvestment_rate": 9.11,
            "research_to_sale_ratio": null,
            "price_fair": 161.96,
            "eps_avg_yearly": 4.63,
            "eps_latest_yearly": 5.68,
            "eps_growth_yearly": 55.09
        },
        "20163": {
            "year_quarter": 20163,
            "year": 2016,
            "quarter": 3,
            "eps": 0.93,
            "eps_growth_year": 5.68,
            "eps_4q": 5.14,
            "eps_4q_growth_year": 18.98,
            "roe": 4.03,
            "roe_4q": 21.84,
            "gross_profit": 798382,
            "gross_margin": 19.67,
            "gross_margin_4q_avg": 20.37,
            "net_income": 92378,
            "net_income_4q": null,
            "revenue": 4059012,
            "revenue_4q": null,
            "common_shares": 991729,
            "book_valuer_per_share": 23.56,
            "book_valuer_per_share_4q_avg": 23.48,
            "equity": 2336644,
            "current_ratio": 190.5,
            "debt_ratio": 50.48,
            "inventory_turnover_ratio": 1.4,
            "account_receivable_turnover_ratio": 88.51,
            "reinvestment_rate": 8.21,
            "research_to_sale_ratio": null,
            "price_fair": 159.95,
            "eps_avg_yearly": 4.57,
            "eps_latest_yearly": 3.72,
            "eps_growth_yearly": 51.19
        },
        "20164": {
            "year_quarter": 20164,
            "year": 2016,
            "quarter": 4,
            "eps": 0.55,
            "eps_growth_year": -21.84,
            "eps_4q": 4.98,
            "eps_4q_growth_year": 13.9,
            "roe": 2.33,
            "roe_4q": 21.04,
            "gross_profit": 742748,
            "gross_margin": 22.42,
            "gross_margin_4q_avg": 20.49,
            "net_income": 54792,
            "net_income_4q": null,
            "revenue": 3312171,
            "revenue_4q": null,
            "common_shares": 991729,
            "book_valuer_per_share": 23.91,
            "book_valuer_per_share_4q_avg": 23.75,
            "equity": 2370813,
            "current_ratio": 181.29,
            "debt_ratio": 53.39,
            "inventory_turnover_ratio": 1.21,
            "account_receivable_turnover_ratio": 50.93,
            "reinvestment_rate": 6.36,
            "research_to_sale_ratio": null,
            "price_fair": 156.28,
            "eps_avg_yearly": 4.47,
            "eps_latest_yearly": 2.2,
            "eps_growth_yearly": 45.07
        },
        "20171": {
            "year_quarter": 20171,
            "year": 2017,
            "quarter": 1,
            "eps": 1.43,
            "eps_growth_year": -31.25,
            "eps_4q": 4.33,
            "eps_4q_growth_year": -12.81,
            "roe": 5.82,
            "roe_4q": 18.14,
            "gross_profit": 798192,
            "gross_margin": 21.56,
            "gross_margin_4q_avg": 20.67,
            "net_income": 142046,
            "net_income_4q": null,
            "revenue": 3702326,
            "revenue_4q": null,
            "common_shares": 991729,
            "book_valuer_per_share": 25.34,
            "book_valuer_per_share_4q_avg": 23.86,
            "equity": 2512859,
            "current_ratio": 190.03,
            "debt_ratio": 50.71,
            "inventory_turnover_ratio": 1.19,
            "account_receivable_turnover_ratio": 56.12,
            "reinvestment_rate": 4.29,
            "research_to_sale_ratio": null,
            "price_fair": 155.93,
            "eps_avg_yearly": 4.46,
            "eps_latest_yearly": 5.72,
            "eps_growth_yearly": 72.18
        },
        "20172": {
            "year_quarter": 20172,
            "year": 2017,
            "quarter": 2,
            "eps": 1.36,
            "eps_growth_year": -4.23,
            "eps_4q": 4.28,
            "eps_4q_growth_year": -15.81,
            "roe": 5.7,
            "roe_4q": 17.88,
            "gross_profit": 843386,
            "gross_margin": 18.14,
            "gross_margin_4q_avg": 20.45,
            "net_income": 134986,
            "net_income_4q": null,
            "revenue": 4649611,
            "revenue_4q": null,
            "common_shares": 991729,
            "book_valuer_per_share": 22.4,
            "book_valuer_per_share_4q_avg": 23.8,
            "equity": 2221401,
            "current_ratio": 159.09,
            "debt_ratio": 59.94,
            "inventory_turnover_ratio": 1.43,
            "account_receivable_turnover_ratio": 101.57,
            "reinvestment_rate": 2.15,
            "research_to_sale_ratio": null,
            "price_fair": 156.01,
            "eps_avg_yearly": 4.46,
            "eps_latest_yearly": 5.44,
            "eps_growth_yearly": 73
        },
        "20173": {
            "year_quarter": 20173,
            "year": 2017,
            "quarter": 3,
            "eps": 1.16,
            "eps_growth_year": 24.73,
            "eps_4q": 4.51,
            "eps_4q_growth_year": -12.25,
            "roe": 5.05,
            "roe_4q": 18.9,
            "gross_profit": 824455,
            "gross_margin": 17.79,
            "gross_margin_4q_avg": 19.98,
            "net_income": 115157,
            "net_income_4q": null,
            "revenue": 4634106,
            "revenue_4q": null,
            "common_shares": 991729,
            "book_valuer_per_share": 23.56,
            "book_valuer_per_share_4q_avg": 23.8,
            "equity": 2336558,
            "current_ratio": 183.27,
            "debt_ratio": 51.71,
            "inventory_turnover_ratio": 1.58,
            "account_receivable_turnover_ratio": 97.77,
            "reinvestment_rate": 0.14,
            "research_to_sale_ratio": null,
            "price_fair": 160.3,
            "eps_avg_yearly": 4.58,
            "eps_latest_yearly": 4.64,
            "eps_growth_yearly": 81.91
        },
        "20174": {
            "year_quarter": 20174,
            "year": 2017,
            "quarter": 4,
            "eps": 0.61,
            "eps_growth_year": 10.83,
            "eps_4q": 4.57,
            "eps_4q_growth_year": -8.33,
            "roe": 2.57,
            "roe_4q": 19.14,
            "gross_profit": 745821,
            "gross_margin": 22.02,
            "gross_margin_4q_avg": 19.88,
            "net_income": 60727,
            "net_income_4q": null,
            "revenue": 3386616,
            "revenue_4q": null,
            "common_shares": 991729,
            "book_valuer_per_share": 24.03,
            "book_valuer_per_share_4q_avg": 23.83,
            "equity": 2382855,
            "current_ratio": 189.92,
            "debt_ratio": 50.45,
            "inventory_turnover_ratio": 1.24,
            "account_receivable_turnover_ratio": 43.03,
            "reinvestment_rate": -0.38,
            "research_to_sale_ratio": null,
            "price_fair": 159.43,
            "eps_avg_yearly": 4.56,
            "eps_latest_yearly": 2.44,
            "eps_growth_yearly": 68.57
        },
        "20181": {
            "year_quarter": 20181,
            "year": 2018,
            "quarter": 1,
            "eps": 1.68,
            "eps_growth_year": 17.48,
            "eps_4q": 4.81,
            "eps_4q_growth_year": 11.05,
            "roe": 6.74,
            "roe_4q": 20.06,
            "gross_profit": 859761,
            "gross_margin": 20.93,
            "gross_margin_4q_avg": 19.72,
            "net_income": 166254,
            "net_income_4q": null,
            "revenue": 4107551,
            "revenue_4q": null,
            "common_shares": 991729,
            "book_valuer_per_share": 25.7,
            "book_valuer_per_share_4q_avg": 23.92,
            "equity": 2549109,
            "current_ratio": 174.78,
            "debt_ratio": 54.05,
            "inventory_turnover_ratio": 1.37,
            "account_receivable_turnover_ratio": 50.82,
            "reinvestment_rate": -0.96,
            "research_to_sale_ratio": null,
            "price_fair": 162.23,
            "eps_avg_yearly": 4.64,
            "eps_latest_yearly": 6.72,
            "eps_growth_yearly": 89.53
        },
        "20182": {
            "year_quarter": 20182,
            "year": 2018,
            "quarter": 2,
            "eps": 1.37,
            "eps_growth_year": 0.74,
            "eps_4q": 4.82,
            "eps_4q_growth_year": 12.75,
            "roe": 5.63,
            "roe_4q": 19.990000000000002,
            "gross_profit": 853458,
            "gross_margin": 17.64,
            "gross_margin_4q_avg": 19.6,
            "net_income": 136144,
            "net_income_4q": null,
            "revenue": 4839162,
            "revenue_4q": null,
            "common_shares": 991729,
            "book_valuer_per_share": 23.08,
            "book_valuer_per_share_4q_avg": 24.09,
            "equity": 2288561,
            "current_ratio": 155.18,
            "debt_ratio": 60.05,
            "inventory_turnover_ratio": 1.45,
            "account_receivable_turnover_ratio": 73.5,
            "reinvestment_rate": -0.48,
            "research_to_sale_ratio": null,
            "price_fair": 163.8,
            "eps_avg_yearly": 4.68,
            "eps_latest_yearly": 5.48,
            "eps_growth_yearly": 88.05
        },
        "20183": {
            "year_quarter": 20183,
            "year": 2018,
            "quarter": 3,
            "eps": 0.86,
            "eps_growth_year": -25.86,
            "eps_4q": 4.53,
            "eps_4q_growth_year": 0.45,
            "roe": 3.68,
            "roe_4q": 18.62,
            "gross_profit": 763075,
            "gross_margin": 18.29,
            "gross_margin_4q_avg": 19.72,
            "net_income": 85855,
            "net_income_4q": null,
            "revenue": 4171493,
            "revenue_4q": null,
            "common_shares": 991729,
            "book_valuer_per_share": 23.94,
            "book_valuer_per_share_4q_avg": 24.19,
            "equity": 2374416,
            "current_ratio": 182.16,
            "debt_ratio": 51.03,
            "inventory_turnover_ratio": 1.24,
            "account_receivable_turnover_ratio": 43.04,
            "reinvestment_rate": 0.6,
            "research_to_sale_ratio": null,
            "price_fair": 161.7,
            "eps_avg_yearly": 4.62,
            "eps_latest_yearly": 3.44,
            "eps_growth_yearly": 80.63
        },
        "20184": {
            "year_quarter": 20184,
            "year": 2018,
            "quarter": 4,
            "eps": 0.17,
            "eps_growth_year": -71.7,
            "eps_4q": 4.09,
            "eps_4q_growth_year": -10.48,
            "roe": 0.72,
            "roe_4q": 16.770000000000003,
            "gross_profit": 664223,
            "gross_margin": 20.6,
            "gross_margin_4q_avg": 19.37,
            "net_income": 17184,
            "net_income_4q": null,
            "revenue": 3225089,
            "revenue_4q": null,
            "common_shares": 991729,
            "book_valuer_per_share": 24.2,
            "book_valuer_per_share_4q_avg": 24.23,
            "equity": 2399926,
            "current_ratio": 199.02,
            "debt_ratio": 46.78,
            "inventory_turnover_ratio": 1.07,
            "account_receivable_turnover_ratio": 23.79,
            "reinvestment_rate": 0.34,
            "research_to_sale_ratio": null,
            "price_fair": 157.5,
            "eps_avg_yearly": 4.5,
            "eps_latest_yearly": 0.68,
            "eps_growth_yearly": 70.8
        },
        "20191": {
            "year_quarter": 20191,
            "year": 2019,
            "quarter": 1,
            "eps": 1.08,
            "eps_growth_year": -35.71,
            "eps_4q": 3.5,
            "eps_4q_growth_year": -27.33,
            "roe": 4.38,
            "roe_4q": 14.41,
            "gross_profit": 785089,
            "gross_margin": 19.97,
            "gross_margin_4q_avg": 19.13,
            "net_income": 107520,
            "net_income_4q": null,
            "revenue": 3931068,
            "revenue_4q": null,
            "common_shares": 991729,
            "book_valuer_per_share": 25.28,
            "book_valuer_per_share_4q_avg": 24.13,
            "equity": 2507446,
            "current_ratio": 147.9,
            "debt_ratio": 66.2,
            "inventory_turnover_ratio": 1.31,
            "account_receivable_turnover_ratio": 27.3,
            "reinvestment_rate": 0.6,
            "research_to_sale_ratio": null,
            "price_fair": 153.91,
            "eps_avg_yearly": 4.4,
            "eps_latest_yearly": 4.32,
            "eps_growth_yearly": 172.32
        },
        "20192": {
            "year_quarter": 20192,
            "year": 2019,
            "quarter": 2,
            "eps": 1.59,
            "eps_growth_year": 16.06,
            "eps_4q": 3.71,
            "eps_4q_growth_year": -23.02,
            "roe": 6.6,
            "roe_4q": 15.38,
            "gross_profit": 896336,
            "gross_margin": 17.97,
            "gross_margin_4q_avg": 19.21,
            "net_income": 157619,
            "net_income_4q": null,
            "revenue": 4987504,
            "revenue_4q": null,
            "common_shares": 991729,
            "book_valuer_per_share": 22.87,
            "book_valuer_per_share_4q_avg": 24.07,
            "equity": 2268373,
            "current_ratio": 128.64,
            "debt_ratio": 72.21,
            "inventory_turnover_ratio": 1.5,
            "account_receivable_turnover_ratio": 32.53,
            "reinvestment_rate": 2.5,
            "research_to_sale_ratio": null,
            "price_fair": 156.45,
            "eps_avg_yearly": 4.47,
            "eps_latest_yearly": 6.36,
            "eps_growth_yearly": 187.31
        },
        "20193": {
            "year_quarter": 20193,
            "year": 2019,
            "quarter": 3,
            "eps": 1.09,
            "eps_growth_year": 26.74,
            "eps_4q": 3.94,
            "eps_4q_growth_year": -13.07,
            "roe": 4.65,
            "roe_4q": 16.349999999999998,
            "gross_profit": 849966,
            "gross_margin": 17.27,
            "gross_margin_4q_avg": 18.95,
            "net_income": 107966,
            "net_income_4q": null,
            "revenue": 4922600,
            "revenue_4q": null,
            "common_shares": 991729,
            "book_valuer_per_share": 23.96,
            "book_valuer_per_share_4q_avg": 24.08,
            "equity": 2376339,
            "current_ratio": 137.12,
            "debt_ratio": 68.88,
            "inventory_turnover_ratio": 1.53,
            "account_receivable_turnover_ratio": 31.85,
            "reinvestment_rate": 4.02,
            "research_to_sale_ratio": null,
            "price_fair": 158.29,
            "eps_avg_yearly": 4.52,
            "eps_latest_yearly": 4.36,
            "eps_growth_yearly": 187.52
        },
        "20194": {
            "year_quarter": 20194,
            "year": 2019,
            "quarter": 4,
            "eps": 0.68,
            "eps_growth_year": 292.67,
            "eps_4q": 4.44,
            "eps_4q_growth_year": 8.67,
            "roe": 2.8,
            "roe_4q": 18.43,
            "gross_profit": 745294,
            "gross_margin": 20.23,
            "gross_margin_4q_avg": 18.86,
            "net_income": 67476,
            "net_income_4q": null,
            "revenue": 3684496,
            "revenue_4q": null,
            "common_shares": 991729,
            "book_valuer_per_share": 24.65,
            "book_valuer_per_share_4q_avg": 24.19,
            "equity": 2445084,
            "current_ratio": 139.68,
            "debt_ratio": 67.94,
            "inventory_turnover_ratio": 1.21,
            "account_receivable_turnover_ratio": 27.64,
            "reinvestment_rate": 4.21,
            "research_to_sale_ratio": null,
            "price_fair": 158.03,
            "eps_avg_yearly": 4.52,
            "eps_latest_yearly": 2.72,
            "eps_growth_yearly": 182.95
        },
        "20201": {
            "year_quarter": 20201,
            "year": 2020,
            "quarter": 1,
            "eps": 1.19,
            "eps_growth_year": 10.19,
            "eps_4q": 4.55,
            "eps_4q_growth_year": 30.21,
            "roe": 4.73,
            "roe_4q": 18.78,
            "gross_profit": 829765,
            "gross_margin": 19.58,
            "gross_margin_4q_avg": 18.76,
            "net_income": 118382,
            "net_income_4q": null,
            "revenue": 4238441,
            "revenue_4q": null,
            "common_shares": 991729,
            "book_valuer_per_share": 25.85,
            "book_valuer_per_share_4q_avg": 24.33,
            "equity": 2563466,
            "current_ratio": 138.38,
            "debt_ratio": 68.31,
            "inventory_turnover_ratio": 1.28,
            "account_receivable_turnover_ratio": 35.48,
            "reinvestment_rate": 5.92,
            "research_to_sale_ratio": null,
            "price_fair": 150.24,
            "eps_avg_yearly": 4.29,
            "eps_latest_yearly": 4.76,
            "eps_growth_yearly": 153.46
        },
        "20202": {
            "year_quarter": 20202,
            "year": 2020,
            "quarter": 2,
            "eps": 1.74,
            "eps_growth_year": 9.43,
            "eps_4q": 4.7,
            "eps_4q_growth_year": 26.53,
            "roe": 7.02,
            "roe_4q": 19.200000000000003,
            "gross_profit": 947798,
            "gross_margin": 17.63,
            "gross_margin_4q_avg": 18.68,
            "net_income": 172049,
            "net_income_4q": null,
            "revenue": 5376938,
            "revenue_4q": null,
            "common_shares": 991729,
            "book_valuer_per_share": 23.58,
            "book_valuer_per_share_4q_avg": 24.51,
            "equity": 2338823,
            "current_ratio": 124.12,
            "debt_ratio": 74.13,
            "inventory_turnover_ratio": 1.46,
            "account_receivable_turnover_ratio": 45.51,
            "reinvestment_rate": 6.77,
            "research_to_sale_ratio": null,
            "price_fair": 153.04,
            "eps_avg_yearly": 4.37,
            "eps_latest_yearly": 6.96,
            "eps_growth_yearly": 172.95
        },
        "20203": {
            "year_quarter": 20203,
            "year": 2020,
            "quarter": 3,
            "eps": 2.02,
            "eps_growth_year": 85.32,
            "eps_4q": 5.63,
            "eps_4q_growth_year": 43.15,
            "roe": 8.23,
            "roe_4q": 22.78,
            "gross_profit": 1012317,
            "gross_margin": 17.57,
            "gross_margin_4q_avg": 18.75,
            "net_income": 200810,
            "net_income_4q": null,
            "revenue": 5761817,
            "revenue_4q": null,
            "common_shares": 991729,
            "book_valuer_per_share": 25.61,
            "book_valuer_per_share_4q_avg": 24.92,
            "equity": 2539633,
            "current_ratio": 136.05,
            "debt_ratio": 69.22,
            "inventory_turnover_ratio": 1.61,
            "account_receivable_turnover_ratio": 51.1,
            "reinvestment_rate": 8.21,
            "research_to_sale_ratio": null,
            "price_fair": 162.58,
            "eps_avg_yearly": 4.65,
            "eps_latest_yearly": 8.08,
            "eps_growth_yearly": 185.6
        },
        "20204": {
            "year_quarter": 20204,
            "year": 2020,
            "quarter": 4,
            "eps": 0.91,
            "eps_growth_year": 34.4,
            "eps_4q": 5.87,
            "eps_4q_growth_year": 32.08,
            "roe": 3.52,
            "roe_4q": 23.5,
            "gross_profit": 815467,
            "gross_margin": 19.89,
            "gross_margin_4q_avg": 18.67,
            "net_income": 90691,
            "net_income_4q": null,
            "revenue": 4099059,
            "revenue_4q": null,
            "common_shares": 991729,
            "book_valuer_per_share": 26.37,
            "book_valuer_per_share_4q_avg": 25.35,
            "equity": 2615051,
            "current_ratio": 139.71,
            "debt_ratio": 68.17,
            "inventory_turnover_ratio": 1.24,
            "account_receivable_turnover_ratio": 38.74,
            "reinvestment_rate": 9.59,
            "research_to_sale_ratio": null,
            "price_fair": 165.73,
            "eps_avg_yearly": 4.74,
            "eps_latest_yearly": 3.64,
            "eps_growth_yearly": 182.07
        },
        "20211": {
            "year_quarter": 20211,
            "year": 2021,
            "quarter": 1,
            "eps": 1.38,
            "eps_growth_year": 15.97,
            "eps_4q": 6.06,
            "eps_4q_growth_year": 33.03,
            "roe": 5.1,
            "roe_4q": 23.87,
            "gross_profit": 891684,
            "gross_margin": 19.78,
            "gross_margin_4q_avg": 18.72,
            "net_income": 136988,
            "net_income_4q": null,
            "revenue": 4509151,
            "revenue_4q": null,
            "common_shares": 991729,
            "book_valuer_per_share": 27.75,
            "book_valuer_per_share_4q_avg": 25.83,
            "equity": 2752039,
            "current_ratio": 139.62,
            "debt_ratio": 67.97,
            "inventory_turnover_ratio": 1.28,
            "account_receivable_turnover_ratio": 47.26,
            "reinvestment_rate": 10.68,
            "research_to_sale_ratio": null,
            "price_fair": 165.29,
            "eps_avg_yearly": 4.72,
            "eps_latest_yearly": 5.52,
            "eps_growth_yearly": 154.99
        },
        "20212": {
            "year_quarter": 20212,
            "year": 2021,
            "quarter": 2,
            "eps": 1.83,
            "eps_growth_year": 5.17,
            "eps_4q": 6.15,
            "eps_4q_growth_year": 30.94,
            "roe": 7,
            "roe_4q": 23.85,
            "gross_profit": 1017678,
            "gross_margin": 17.08,
            "gross_margin_4q_avg": 18.58,
            "net_income": 181538,
            "net_income_4q": null,
            "revenue": 5956643,
            "revenue_4q": null,
            "common_shares": 991729,
            "book_valuer_per_share": 24.58,
            "book_valuer_per_share_4q_avg": 26.08,
            "equity": 2437712,
            "current_ratio": 120.77,
            "debt_ratio": 75.33,
            "inventory_turnover_ratio": 1.58,
            "account_receivable_turnover_ratio": 60.53,
            "reinvestment_rate": 15.25,
            "research_to_sale_ratio": null,
            "price_fair": 169.4,
            "eps_avg_yearly": 4.84,
            "eps_latest_yearly": 7.32,
            "eps_growth_yearly": 164.36
        },
        "20213": {
            "year_quarter": 20213,
            "year": 2021,
            "quarter": 3,
            "eps": 1.5,
            "eps_growth_year": -25.74,
            "eps_4q": 5.62,
            "eps_4q_growth_year": -0.21,
            "roe": 5.9,
            "roe_4q": 21.52,
            "gross_profit": 980100,
            "gross_margin": 18.43,
            "gross_margin_4q_avg": 18.8,
            "net_income": 148328,
            "net_income_4q": null,
            "revenue": 5317099,
            "revenue_4q": null,
            "common_shares": 991729,
            "book_valuer_per_share": 26.08,
            "book_valuer_per_share_4q_avg": 26.2,
            "equity": 2586134,
            "current_ratio": 134.27,
            "debt_ratio": 69.33,
            "inventory_turnover_ratio": 1.45,
            "account_receivable_turnover_ratio": 51.89,
            "reinvestment_rate": 15.71,
            "research_to_sale_ratio": null,
            "price_fair": 172.38,
            "eps_avg_yearly": 4.93,
            "eps_latest_yearly": 6,
            "eps_growth_yearly": 163.53
        },
        "20214": {
            "year_quarter": 20214,
            "year": 2021,
            "quarter": 4,
            "eps": 1.34,
            "eps_growth_year": 46.67,
            "eps_4q": 6.05,
            "eps_4q_growth_year": 3.08,
            "roe": 5.02,
            "roe_4q": 23.020000000000003,
            "gross_profit": 1015680,
            "gross_margin": 20.28,
            "gross_margin_4q_avg": 18.89,
            "net_income": 133014,
            "net_income_4q": null,
            "revenue": 5007301,
            "revenue_4q": null,
            "common_shares": 991729,
            "book_valuer_per_share": 27.38,
            "book_valuer_per_share_4q_avg": 26.45,
            "equity": 2715234,
            "current_ratio": 131.76,
            "debt_ratio": 70.73,
            "inventory_turnover_ratio": 1.39,
            "account_receivable_turnover_ratio": 38.57,
            "reinvestment_rate": 16.19,
            "research_to_sale_ratio": null,
            "price_fair": 178.76,
            "eps_avg_yearly": 5.11,
            "eps_latest_yearly": 5.36,
            "eps_growth_yearly": 172.72
        },
        "20221": {
            "year_quarter": 20221,
            "year": 2022,
            "quarter": 1,
            "eps": 1.55,
            "eps_growth_year": 12.32,
            "eps_4q": 6.21,
            "eps_4q_growth_year": 2.61,
            "roe": 5.49,
            "roe_4q": 23.41,
            "gross_profit": 1002760,
            "gross_margin": 19.87,
            "gross_margin_4q_avg": 18.92,
            "net_income": 153320,
            "net_income_4q": null,
            "revenue": 5046193,
            "revenue_4q": null,
            "common_shares": 991729,
            "book_valuer_per_share": 28.92,
            "book_valuer_per_share_4q_avg": 26.74,
            "equity": 2868554,
            "current_ratio": 132.57,
            "debt_ratio": 70.63,
            "inventory_turnover_ratio": 1.28,
            "account_receivable_turnover_ratio": 37.77,
            "reinvestment_rate": 15.34,
            "research_to_sale_ratio": null,
            "price_fair": 177.63,
            "eps_avg_yearly": 5.08,
            "eps_latest_yearly": 6.2,
            "eps_growth_yearly": 132.78
        },
        "20222": {
            "year_quarter": 20222,
            "year": 2022,
            "quarter": 2,
            "eps": 1.83,
            "eps_growth_year": 0,
            "eps_4q": 6.22,
            "eps_4q_growth_year": 1.09,
            "roe": 6.71,
            "roe_4q": 23.119999999999997,
            "gross_profit": 1163427,
            "gross_margin": 19.36,
            "gross_margin_4q_avg": 19.49,
            "net_income": 182037,
            "net_income_4q": null,
            "revenue": 6010618,
            "revenue_4q": null,
            "common_shares": 991729,
            "book_valuer_per_share": 25.76,
            "book_valuer_per_share_4q_avg": 27.04,
            "equity": 2554726,
            "current_ratio": 120.06,
            "debt_ratio": 76.5,
            "inventory_turnover_ratio": 1.3,
            "account_receivable_turnover_ratio": 60.93,
            "reinvestment_rate": 13.31,
            "research_to_sale_ratio": null,
            "price_fair": 181.65,
            "eps_avg_yearly": 5.19,
            "eps_latest_yearly": 7.32,
            "eps_growth_yearly": 141.91
        },
        "20223": {
            "year_quarter": 20223,
            "year": 2022,
            "quarter": 3,
            "eps": 1.55,
            "eps_growth_year": 3.33,
            "eps_4q": 6.27,
            "eps_4q_growth_year": 11.53,
            "roe": 5.83,
            "roe_4q": 23.05,
            "gross_profit": 1076760,
            "gross_margin": 18.33,
            "gross_margin_4q_avg": 19.46,
            "net_income": 153468,
            "net_income_4q": null,
            "revenue": 5874015,
            "revenue_4q": null,
            "common_shares": 991729,
            "book_valuer_per_share": 27.31,
            "book_valuer_per_share_4q_avg": 27.34,
            "equity": 2708283,
            "current_ratio": 133.01,
            "debt_ratio": 70.35,
            "inventory_turnover_ratio": 1.31,
            "account_receivable_turnover_ratio": 63.99,
            "reinvestment_rate": 11.91,
            "research_to_sale_ratio": null,
            "price_fair": 187.69,
            "eps_avg_yearly": 5.36,
            "eps_latest_yearly": 6.2,
            "eps_growth_yearly": 147.39
        },
        "20224": {
            "year_quarter": 20224,
            "year": 2022,
            "quarter": 4,
            "eps": 0.95,
            "eps_growth_year": -28.88,
            "eps_4q": 5.88,
            "eps_4q_growth_year": -2.74,
            "roe": 3.41,
            "roe_4q": 21.439999999999998,
            "gross_profit": 962214,
            "gross_margin": 21.57,
            "gross_margin_4q_avg": 19.78,
            "net_income": 94594,
            "net_income_4q": null,
            "revenue": 4461284,
            "revenue_4q": null,
            "common_shares": 991729,
            "book_valuer_per_share": 28.6,
            "book_valuer_per_share_4q_avg": 27.65,
            "equity": 2836171,
            "current_ratio": 138.13,
            "debt_ratio": 68.51,
            "inventory_turnover_ratio": 1.16,
            "account_receivable_turnover_ratio": 37.29,
            "reinvestment_rate": 10.5,
            "research_to_sale_ratio": null,
            "price_fair": 194.51,
            "eps_avg_yearly": 5.56,
            "eps_latest_yearly": 3.8,
            "eps_growth_yearly": 157.77
        },
        "20231": {
            "year_quarter": 20231,
            "year": 2023,
            "quarter": 1,
            "eps": 1.36,
            "eps_growth_year": -12.26,
            "eps_4q": 5.7,
            "eps_4q_growth_year": -8.27,
            "roe": 5.09,
            "roe_4q": 21.04,
            "gross_profit": 997652,
            "gross_margin": 20.9,
            "gross_margin_4q_avg": 20.04,
            "net_income": 135138,
            "net_income_4q": null,
            "revenue": 4773898,
            "revenue_4q": null,
            "common_shares": 991729,
            "book_valuer_per_share": 24.96,
            "book_valuer_per_share_4q_avg": 26.66,
            "equity": 2475444,
            "current_ratio": 120.63,
            "debt_ratio": 75.1,
            "inventory_turnover_ratio": 1.14,
            "account_receivable_turnover_ratio": 38.51,
            "reinvestment_rate": 9.14,
            "research_to_sale_ratio": null,
            "price_fair": 196.96,
            "eps_avg_yearly": 5.63,
            "eps_latest_yearly": 5.44,
            "eps_growth_yearly": 34.74
        },
        "20232": {
            "year_quarter": 20232,
            "year": 2023,
            "quarter": 2,
            "eps": 1.76,
            "eps_growth_year": -3.83,
            "eps_4q": 5.63,
            "eps_4q_growth_year": -9.51,
            "roe": 6.82,
            "roe_4q": 21.15,
            "gross_profit": 1111425,
            "gross_margin": 18.97,
            "gross_margin_4q_avg": 19.94,
            "net_income": 174854,
            "net_income_4q": null,
            "revenue": 5858430,
            "revenue_4q": null,
            "common_shares": 991729,
            "book_valuer_per_share": 26.72,
            "book_valuer_per_share_4q_avg": 26.9,
            "equity": 2650298,
            "current_ratio": 126.24,
            "debt_ratio": 73.14,
            "inventory_turnover_ratio": 1.18,
            "account_receivable_turnover_ratio": 56.97,
            "reinvestment_rate": 6.44,
            "research_to_sale_ratio": null,
            "price_fair": 198.45,
            "eps_avg_yearly": 5.67,
            "eps_latest_yearly": 7.04,
            "eps_growth_yearly": 30.29
        },
        "20233": {
            "year_quarter": 20233,
            "year": 2023,
            "quarter": 3,
            "eps": 1.24,
            "eps_growth_year": -20,
            "eps_4q": 5.32,
            "eps_4q_growth_year": -15.22,
            "roe": 4.52,
            "roe_4q": 19.84,
            "gross_profit": 1011132,
            "gross_margin": 18.45,
            "gross_margin_4q_avg": 19.97,
            "net_income": 122626,
            "net_income_4q": null,
            "revenue": 5480474,
            "revenue_4q": null,
            "common_shares": 991729,
            "book_valuer_per_share": 27.96,
            "book_valuer_per_share_4q_avg": 27.06,
            "equity": 2773002,
            "current_ratio": 138.71,
            "debt_ratio": 68.69,
            "inventory_turnover_ratio": 1.23,
            "account_receivable_turnover_ratio": 37.43,
            "reinvestment_rate": 4.32,
            "research_to_sale_ratio": null,
            "price_fair": 199.76,
            "eps_avg_yearly": 5.71,
            "eps_latest_yearly": 4.96,
            "eps_growth_yearly": 30.76
        }
    },
    "months": {
        "2003-10": {
            "month": "2003-10",
            "price": "22.40",
            "revenue": 882185
        },
        "2003-11": {
            "month": "2003-11",
            "price": "24.66",
            "revenue": 735877
        },
        "2003-12": {
            "month": "2003-12",
            "price": "22.57",
            "revenue": 846918
        },
        "2004-01": {
            "month": "2004-01",
            "price": "23.02",
            "revenue": 1291003
        },
        "2004-02": {
            "month": "2004-02",
            "price": "24.94",
            "revenue": 882304
        },
        "2004-03": {
            "month": "2004-03",
            "price": "29.98",
            "revenue": 748692
        },
        "2004-04": {
            "month": "2004-04",
            "price": "31.89",
            "revenue": 871664
        },
        "2004-05": {
            "month": "2004-05",
            "price": "28.08",
            "revenue": 1002659
        },
        "2004-06": {
            "month": "2004-06",
            "price": "24.52",
            "revenue": 1008770
        },
        "2004-07": {
            "month": "2004-07",
            "price": "22.38",
            "revenue": 1048883
        },
        "2004-08": {
            "month": "2004-08",
            "price": "21.98",
            "revenue": 964572
        },
        "2004-09": {
            "month": "2004-09",
            "price": "23.18",
            "revenue": 951522
        },
        "2004-10": {
            "month": "2004-10",
            "price": "25.44",
            "revenue": 939275
        },
        "2004-11": {
            "month": "2004-11",
            "price": "28.22",
            "revenue": 817401
        },
        "2004-12": {
            "month": "2004-12",
            "price": "27.41",
            "revenue": 852795
        },
        "2005-01": {
            "month": "2005-01",
            "price": "28.35",
            "revenue": 1316108
        },
        "2005-02": {
            "month": "2005-02",
            "price": "29.81",
            "revenue": 1413968
        },
        "2005-03": {
            "month": "2005-03",
            "price": "34.00",
            "revenue": 928649
        },
        "2005-04": {
            "month": "2005-04",
            "price": "35.01",
            "revenue": 1072325
        },
        "2005-05": {
            "month": "2005-05",
            "price": "33.32",
            "revenue": 1253004
        },
        "2005-06": {
            "month": "2005-06",
            "price": "36.36",
            "revenue": 1116653
        },
        "2005-07": {
            "month": "2005-07",
            "price": "43.18",
            "revenue": 1278603
        },
        "2005-08": {
            "month": "2005-08",
            "price": "46.19",
            "revenue": 1061010
        },
        "2005-09": {
            "month": "2005-09",
            "price": "46.94",
            "revenue": 1045547
        },
        "2005-10": {
            "month": "2005-10",
            "price": "45.42",
            "revenue": 986041
        },
        "2005-11": {
            "month": "2005-11",
            "price": "43.50",
            "revenue": 829323
        },
        "2005-12": {
            "month": "2005-12",
            "price": "41.10",
            "revenue": 1036740
        },
        "2006-01": {
            "month": "2006-01",
            "price": "40.76",
            "revenue": 1518981
        },
        "2006-02": {
            "month": "2006-02",
            "price": "41.61",
            "revenue": 1025860
        },
        "2006-03": {
            "month": "2006-03",
            "price": "39.68",
            "revenue": 872306
        },
        "2006-04": {
            "month": "2006-04",
            "price": "39.81",
            "revenue": 1068748
        },
        "2006-05": {
            "month": "2006-05",
            "price": "41.35",
            "revenue": 1093142
        },
        "2006-06": {
            "month": "2006-06",
            "price": "38.05",
            "revenue": 1132689
        },
        "2006-07": {
            "month": "2006-07",
            "price": "36.25",
            "revenue": 1428886
        },
        "2006-08": {
            "month": "2006-08",
            "price": "32.15",
            "revenue": 1031045
        },
        "2006-09": {
            "month": "2006-09",
            "price": "33.02",
            "revenue": 990787
        },
        "2006-10": {
            "month": "2006-10",
            "price": "35.36",
            "revenue": 911165
        },
        "2006-11": {
            "month": "2006-11",
            "price": "38.34",
            "revenue": 844793
        },
        "2006-12": {
            "month": "2006-12",
            "price": "40.43",
            "revenue": 1067989
        },
        "2007-01": {
            "month": "2007-01",
            "price": "41.81",
            "revenue": 1316707
        },
        "2007-02": {
            "month": "2007-02",
            "price": "43.93",
            "revenue": 1739286
        },
        "2007-03": {
            "month": "2007-03",
            "price": "49.17",
            "revenue": 1060923
        },
        "2007-04": {
            "month": "2007-04",
            "price": "57.05",
            "revenue": 1280054
        },
        "2007-05": {
            "month": "2007-05",
            "price": "57.59",
            "revenue": 1211506
        },
        "2007-06": {
            "month": "2007-06",
            "price": "62.80",
            "revenue": 1304196
        },
        "2007-07": {
            "month": "2007-07",
            "price": "75.72",
            "revenue": 1854331
        },
        "2007-08": {
            "month": "2007-08",
            "price": "67.56",
            "revenue": 1118393
        },
        "2007-09": {
            "month": "2007-09",
            "price": "68.43",
            "revenue": 1016998
        },
        "2007-10": {
            "month": "2007-10",
            "price": "66.48",
            "revenue": 1097178
        },
        "2007-11": {
            "month": "2007-11",
            "price": "62.83",
            "revenue": 1033038
        },
        "2007-12": {
            "month": "2007-12",
            "price": "56.06",
            "revenue": 1034202
        },
        "2008-01": {
            "month": "2008-01",
            "price": "56.12",
            "revenue": 1524569
        },
        "2008-02": {
            "month": "2008-02",
            "price": "55.73",
            "revenue": 1525523
        },
        "2008-03": {
            "month": "2008-03",
            "price": "56.50",
            "revenue": 867103
        },
        "2008-04": {
            "month": "2008-04",
            "price": "56.92",
            "revenue": 1433862
        },
        "2008-05": {
            "month": "2008-05",
            "price": "58.34",
            "revenue": 1247600
        },
        "2008-06": {
            "month": "2008-06",
            "price": "54.32",
            "revenue": 1247169
        },
        "2008-07": {
            "month": "2008-07",
            "price": "44.17",
            "revenue": 1461224
        },
        "2008-08": {
            "month": "2008-08",
            "price": "39.17",
            "revenue": 1068334
        },
        "2008-09": {
            "month": "2008-09",
            "price": "34.79",
            "revenue": 956291
        },
        "2008-10": {
            "month": "2008-10",
            "price": "29.43",
            "revenue": 841247
        },
        "2008-11": {
            "month": "2008-11",
            "price": "24.31",
            "revenue": 921351
        },
        "2008-12": {
            "month": "2008-12",
            "price": "25.42",
            "revenue": 860139
        },
        "2009-01": {
            "month": "2009-01",
            "price": "26.17",
            "revenue": 1633906
        },
        "2009-02": {
            "month": "2009-02",
            "price": "26.44",
            "revenue": 867662
        },
        "2009-03": {
            "month": "2009-03",
            "price": "31.27",
            "revenue": 801189
        },
        "2009-04": {
            "month": "2009-04",
            "price": "33.24",
            "revenue": 1057297
        },
        "2009-05": {
            "month": "2009-05",
            "price": "35.66",
            "revenue": 940216
        },
        "2009-06": {
            "month": "2009-06",
            "price": "37.15",
            "revenue": 939436
        },
        "2009-07": {
            "month": "2009-07",
            "price": "35.49",
            "revenue": 1260857
        },
        "2009-08": {
            "month": "2009-08",
            "price": "39.98",
            "revenue": 1082421
        },
        "2009-09": {
            "month": "2009-09",
            "price": "39.94",
            "revenue": 944037
        },
        "2009-10": {
            "month": "2009-10",
            "price": "39.50",
            "revenue": 725575
        },
        "2009-11": {
            "month": "2009-11",
            "price": "38.38",
            "revenue": 802796
        },
        "2009-12": {
            "month": "2009-12",
            "price": "42.45",
            "revenue": 872432
        },
        "2010-01": {
            "month": "2010-01",
            "price": "43.36",
            "revenue": 1045437
        },
        "2010-02": {
            "month": "2010-02",
            "price": "47.81",
            "revenue": 1186610
        },
        "2010-03": {
            "month": "2010-03",
            "price": "49.73",
            "revenue": 826432
        },
        "2010-04": {
            "month": "2010-04",
            "price": "51.92",
            "revenue": 896866
        },
        "2010-05": {
            "month": "2010-05",
            "price": "49.03",
            "revenue": 1003629
        },
        "2010-06": {
            "month": "2010-06",
            "price": "49.50",
            "revenue": 1019677
        },
        "2010-07": {
            "month": "2010-07",
            "price": "48.92",
            "revenue": 1552493
        },
        "2010-08": {
            "month": "2010-08",
            "price": "48.01",
            "revenue": 1036731
        },
        "2010-09": {
            "month": "2010-09",
            "price": "47.47",
            "revenue": 853175
        },
        "2010-10": {
            "month": "2010-10",
            "price": "47.09",
            "revenue": 891354
        },
        "2010-11": {
            "month": "2010-11",
            "price": "46.98",
            "revenue": 810116
        },
        "2010-12": {
            "month": "2010-12",
            "price": "47.12",
            "revenue": 902600
        },
        "2011-01": {
            "month": "2011-01",
            "price": "47.40",
            "revenue": 1382175
        },
        "2011-02": {
            "month": "2011-02",
            "price": "49.03",
            "revenue": 939419
        },
        "2011-03": {
            "month": "2011-03",
            "price": "49.95",
            "revenue": 742305
        },
        "2011-04": {
            "month": "2011-04",
            "price": "49.62",
            "revenue": 924899
        },
        "2011-05": {
            "month": "2011-05",
            "price": "49.74",
            "revenue": 1111051
        },
        "2011-06": {
            "month": "2011-06",
            "price": "51.49",
            "revenue": 1346434
        },
        "2011-07": {
            "month": "2011-07",
            "price": "53.08",
            "revenue": 1388974
        },
        "2011-08": {
            "month": "2011-08",
            "price": "52.93",
            "revenue": 1082847
        },
        "2011-09": {
            "month": "2011-09",
            "price": "50.41",
            "revenue": 964227
        },
        "2011-10": {
            "month": "2011-10",
            "price": "49.24",
            "revenue": 901780
        },
        "2011-11": {
            "month": "2011-11",
            "price": "51.25",
            "revenue": 870536
        },
        "2011-12": {
            "month": "2011-12",
            "price": "53.66",
            "revenue": 1024380
        },
        "2012-01": {
            "month": "2012-01",
            "price": "53.46",
            "revenue": 1657007
        },
        "2012-02": {
            "month": "2012-02",
            "price": "56.04",
            "revenue": 1087861
        },
        "2012-03": {
            "month": "2012-03",
            "price": "60.97",
            "revenue": 1079242
        },
        "2012-04": {
            "month": "2012-04",
            "price": "62.16",
            "revenue": 1183336
        },
        "2012-05": {
            "month": "2012-05",
            "price": "63.92",
            "revenue": 1273075
        },
        "2012-06": {
            "month": "2012-06",
            "price": "64.34",
            "revenue": 1396588
        },
        "2012-07": {
            "month": "2012-07",
            "price": "64.80",
            "revenue": 1890289
        },
        "2012-08": {
            "month": "2012-08",
            "price": "66.80",
            "revenue": 1191931
        },
        "2012-09": {
            "month": "2012-09",
            "price": "68.97",
            "revenue": 1060699
        },
        "2012-10": {
            "month": "2012-10",
            "price": "67.09",
            "revenue": 954270
        },
        "2012-11": {
            "month": "2012-11",
            "price": "65.61",
            "revenue": 964065
        },
        "2012-12": {
            "month": "2012-12",
            "price": "66.20",
            "revenue": 1242128
        },
        "2013-01": {
            "month": "2013-01",
            "price": "67.77",
            "revenue": 1334355
        },
        "2013-02": {
            "month": "2013-02",
            "price": "68.12",
            "revenue": 1265371
        },
        "2013-03": {
            "month": "2013-03",
            "price": "69.36",
            "revenue": 954033
        },
        "2013-04": {
            "month": "2013-04",
            "price": "72.82",
            "revenue": 1151561
        },
        "2013-05": {
            "month": "2013-05",
            "price": "73.61",
            "revenue": 1339560
        },
        "2013-06": {
            "month": "2013-06",
            "price": "73.83",
            "revenue": 1663513
        },
        "2013-07": {
            "month": "2013-07",
            "price": "71.04",
            "revenue": 1566708
        },
        "2013-08": {
            "month": "2013-08",
            "price": "66.79",
            "revenue": 1247558
        },
        "2013-09": {
            "month": "2013-09",
            "price": "66.35",
            "revenue": 1074593
        },
        "2013-10": {
            "month": "2013-10",
            "price": "67.00",
            "revenue": 969014
        },
        "2013-11": {
            "month": "2013-11",
            "price": "64.01",
            "revenue": 977323
        },
        "2013-12": {
            "month": "2013-12",
            "price": "62.40",
            "revenue": 1187326
        },
        "2014-01": {
            "month": "2014-01",
            "price": "62.65",
            "revenue": 1684932
        },
        "2014-02": {
            "month": "2014-02",
            "price": "62.65",
            "revenue": 1090461
        },
        "2014-03": {
            "month": "2014-03",
            "price": "63.23",
            "revenue": 876963
        },
        "2014-04": {
            "month": "2014-04",
            "price": "64.21",
            "revenue": 1288544
        },
        "2014-05": {
            "month": "2014-05",
            "price": "63.70",
            "revenue": 1368874
        },
        "2014-06": {
            "month": "2014-06",
            "price": "64.78",
            "revenue": 1609444
        },
        "2014-07": {
            "month": "2014-07",
            "price": "62.54",
            "revenue": 2048344
        },
        "2014-08": {
            "month": "2014-08",
            "price": "62.52",
            "revenue": 1430725
        },
        "2014-09": {
            "month": "2014-09",
            "price": "62.33",
            "revenue": 1253414
        },
        "2014-10": {
            "month": "2014-10",
            "price": "59.84",
            "revenue": 1026711
        },
        "2014-11": {
            "month": "2014-11",
            "price": "58.12",
            "revenue": 1035534
        },
        "2014-12": {
            "month": "2014-12",
            "price": "59.23",
            "revenue": 1224359
        },
        "2015-01": {
            "month": "2015-01",
            "price": "60.79",
            "revenue": 1305939
        },
        "2015-02": {
            "month": "2015-02",
            "price": "60.65",
            "revenue": 1565987
        },
        "2015-03": {
            "month": "2015-03",
            "price": "61.62",
            "revenue": 1118616
        },
        "2015-04": {
            "month": "2015-04",
            "price": "62.73",
            "revenue": 1456199
        },
        "2015-05": {
            "month": "2015-05",
            "price": "63.50",
            "revenue": 1473570
        },
        "2015-06": {
            "month": "2015-06",
            "price": "62.88",
            "revenue": 1753831
        },
        "2015-07": {
            "month": "2015-07",
            "price": "60.45",
            "revenue": 1764663
        },
        "2015-08": {
            "month": "2015-08",
            "price": "56.47",
            "revenue": 1260817
        },
        "2015-09": {
            "month": "2015-09",
            "price": "55.52",
            "revenue": 1146469
        },
        "2015-10": {
            "month": "2015-10",
            "price": "56.13",
            "revenue": 1086136
        },
        "2015-11": {
            "month": "2015-11",
            "price": "56.48",
            "revenue": 1180894
        },
        "2015-12": {
            "month": "2015-12",
            "price": "56.15",
            "revenue": 1388605
        },
        "2016-01": {
            "month": "2016-01",
            "price": "55.46",
            "revenue": 1823434
        },
        "2016-02": {
            "month": "2016-02",
            "price": "56.22",
            "revenue": 1765901
        },
        "2016-03": {
            "month": "2016-03",
            "price": "58.93",
            "revenue": 1189204
        },
        "2016-04": {
            "month": "2016-04",
            "price": "58.49",
            "revenue": 1444316
        },
        "2016-05": {
            "month": "2016-05",
            "price": "58.80",
            "revenue": 1567131
        },
        "2016-06": {
            "month": "2016-06",
            "price": "59.26",
            "revenue": 1651211
        },
        "2016-07": {
            "month": "2016-07",
            "price": "57.97",
            "revenue": 1638945
        },
        "2016-08": {
            "month": "2016-08",
            "price": "59.67",
            "revenue": 1309427
        },
        "2016-09": {
            "month": "2016-09",
            "price": "60.28",
            "revenue": 1110641
        },
        "2016-10": {
            "month": "2016-10",
            "price": "60.26",
            "revenue": 1117271
        },
        "2016-11": {
            "month": "2016-11",
            "price": "60.15",
            "revenue": 1046476
        },
        "2016-12": {
            "month": "2016-12",
            "price": "60.96",
            "revenue": 1148423
        },
        "2017-01": {
            "month": "2017-01",
            "price": "62.39",
            "revenue": 1630431
        },
        "2017-02": {
            "month": "2017-02",
            "price": "62.49",
            "revenue": 1023339
        },
        "2017-03": {
            "month": "2017-03",
            "price": "63.40",
            "revenue": 1048556
        },
        "2017-04": {
            "month": "2017-04",
            "price": "63.49",
            "revenue": 1490692
        },
        "2017-05": {
            "month": "2017-05",
            "price": "64.49",
            "revenue": 1556698
        },
        "2017-06": {
            "month": "2017-06",
            "price": "61.48",
            "revenue": 1602221
        },
        "2017-07": {
            "month": "2017-07",
            "price": "61.65",
            "revenue": 1838968
        },
        "2017-08": {
            "month": "2017-08",
            "price": "61.43",
            "revenue": 1618259
        },
        "2017-09": {
            "month": "2017-09",
            "price": "62.33",
            "revenue": 1176880
        },
        "2017-10": {
            "month": "2017-10",
            "price": "63.08",
            "revenue": 1132940
        },
        "2017-11": {
            "month": "2017-11",
            "price": "62.38",
            "revenue": 1080324
        },
        "2017-12": {
            "month": "2017-12",
            "price": "62.13",
            "revenue": 1173352
        },
        "2018-01": {
            "month": "2018-01",
            "price": "63.05",
            "revenue": 1407831
        },
        "2018-02": {
            "month": "2018-02",
            "price": "63.08",
            "revenue": 1629630
        },
        "2018-03": {
            "month": "2018-03",
            "price": "64.93",
            "revenue": 1070091
        },
        "2018-04": {
            "month": "2018-04",
            "price": "64.89",
            "revenue": 1438910
        },
        "2018-05": {
            "month": "2018-05",
            "price": "65.65",
            "revenue": 1780320
        },
        "2018-06": {
            "month": "2018-06",
            "price": "66.21",
            "revenue": 1619932
        },
        "2018-07": {
            "month": "2018-07",
            "price": "65.44",
            "revenue": 1561202
        },
        "2018-08": {
            "month": "2018-08",
            "price": "64.88",
            "revenue": 1386806
        },
        "2018-09": {
            "month": "2018-09",
            "price": "64.83",
            "revenue": 1223486
        },
        "2018-10": {
            "month": "2018-10",
            "price": "63.17",
            "revenue": 1043962
        },
        "2018-11": {
            "month": "2018-11",
            "price": "62.39",
            "revenue": 1089716
        },
        "2018-12": {
            "month": "2018-12",
            "price": "62.80",
            "revenue": 1091410
        },
        "2019-01": {
            "month": "2019-01",
            "price": "63.18",
            "revenue": 1592773
        },
        "2019-02": {
            "month": "2019-02",
            "price": "64.73",
            "revenue": 1200797
        },
        "2019-03": {
            "month": "2019-03",
            "price": "65.02",
            "revenue": 1137498
        },
        "2019-04": {
            "month": "2019-04",
            "price": "65.54",
            "revenue": 1626938
        },
        "2019-05": {
            "month": "2019-05",
            "price": "65.57",
            "revenue": 1747578
        },
        "2019-06": {
            "month": "2019-06",
            "price": "66.14",
            "revenue": 1612988
        },
        "2019-07": {
            "month": "2019-07",
            "price": "64.60",
            "revenue": 1969854
        },
        "2019-08": {
            "month": "2019-08",
            "price": "65.21",
            "revenue": 1576384
        },
        "2019-09": {
            "month": "2019-09",
            "price": "66.09",
            "revenue": 1376362
        },
        "2019-10": {
            "month": "2019-10",
            "price": "66.36",
            "revenue": 1210561
        },
        "2019-11": {
            "month": "2019-11",
            "price": "66.63",
            "revenue": 1223587
        },
        "2019-12": {
            "month": "2019-12",
            "price": "67.51",
            "revenue": 1250349
        },
        "2020-01": {
            "month": "2020-01",
            "price": "68.55",
            "revenue": 1711438
        },
        "2020-02": {
            "month": "2020-02",
            "price": "67.66",
            "revenue": 1242597
        },
        "2020-03": {
            "month": "2020-03",
            "price": "64.29",
            "revenue": 1284407
        },
        "2020-04": {
            "month": "2020-04",
            "price": "65.82",
            "revenue": 1514212
        },
        "2020-05": {
            "month": "2020-05",
            "price": "67.74",
            "revenue": 2017416
        },
        "2020-06": {
            "month": "2020-06",
            "price": "71.08",
            "revenue": 1845310
        },
        "2020-07": {
            "month": "2020-07",
            "price": "69.66",
            "revenue": 2327760
        },
        "2020-08": {
            "month": "2020-08",
            "price": "69.77",
            "revenue": 2008675
        },
        "2020-09": {
            "month": "2020-09",
            "price": "69.71",
            "revenue": 1425381
        },
        "2020-10": {
            "month": "2020-10",
            "price": "68.93",
            "revenue": 1253260
        },
        "2020-11": {
            "month": "2020-11",
            "price": "70.62",
            "revenue": 1352398
        },
        "2020-12": {
            "month": "2020-12",
            "price": "71.97",
            "revenue": 1493402
        },
        "2021-01": {
            "month": "2021-01",
            "price": "73.36",
            "revenue": 1906981
        },
        "2021-02": {
            "month": "2021-02",
            "price": "74.28",
            "revenue": 1318503
        },
        "2021-03": {
            "month": "2021-03",
            "price": "81.94",
            "revenue": 1283667
        },
        "2021-04": {
            "month": "2021-04",
            "price": "84.05",
            "revenue": 1673879
        },
        "2021-05": {
            "month": "2021-05",
            "price": "81.30",
            "revenue": 2300211
        },
        "2021-06": {
            "month": "2021-06",
            "price": "83.16",
            "revenue": 1982553
        },
        "2021-07": {
            "month": "2021-07",
            "price": "84.14",
            "revenue": 2144064
        },
        "2021-08": {
            "month": "2021-08",
            "price": "83.72",
            "revenue": 1720535
        },
        "2021-09": {
            "month": "2021-09",
            "price": "84.56",
            "revenue": 1452498
        },
        "2021-10": {
            "month": "2021-10",
            "price": "83.66",
            "revenue": 1727111
        },
        "2021-11": {
            "month": "2021-11",
            "price": "83.26",
            "revenue": 1730684
        },
        "2021-12": {
            "month": "2021-12",
            "price": "82.34",
            "revenue": 1549506
        },
        "2022-01": {
            "month": "2022-01",
            "price": "81.99",
            "revenue": 2087743
        },
        "2022-02": {
            "month": "2022-02",
            "price": "82.68",
            "revenue": 1408665
        },
        "2022-03": {
            "month": "2022-03",
            "price": "84.69",
            "revenue": 1549785
        },
        "2022-04": {
            "month": "2022-04",
            "price": "85.47",
            "revenue": 1992903
        },
        "2022-05": {
            "month": "2022-05",
            "price": "85.78",
            "revenue": 2014156
        },
        "2022-06": {
            "month": "2022-06",
            "price": "86.40",
            "revenue": 2003558
        },
        "2022-07": {
            "month": "2022-07",
            "price": "81.72",
            "revenue": 2337918
        },
        "2022-08": {
            "month": "2022-08",
            "price": "82.30",
            "revenue": 1961170
        },
        "2022-09": {
            "month": "2022-09",
            "price": "82.12",
            "revenue": 1574926
        },
        "2022-10": {
            "month": "2022-10",
            "price": "80.68",
            "revenue": 1392722
        },
        "2022-11": {
            "month": "2022-11",
            "price": "81.46",
            "revenue": 1435062
        },
        "2022-12": {
            "month": "2022-12",
            "price": "81.46",
            "revenue": 1633501
        },
        "2023-01": {
            "month": "2023-01",
            "price": "82.46",
            "revenue": 1910359
        },
        "2023-02": {
            "month": "2023-02",
            "price": "84.06",
            "revenue": 1376032
        },
        "2023-03": {
            "month": "2023-03",
            "price": "86.82",
            "revenue": 1487508
        },
        "2023-04": {
            "month": "2023-04",
            "price": "83.74",
            "revenue": 1875295
        },
        "2023-05": {
            "month": "2023-05",
            "price": "84.35",
            "revenue": 2017226
        },
        "2023-06": {
            "month": "2023-06",
            "price": "85.33",
            "revenue": 1965909
        },
        "2023-07": {
            "month": "2023-07",
            "price": "85.64",
            "revenue": 2155750
        },
        "2023-08": {
            "month": "2023-08",
            "price": "84.90",
            "revenue": 1820261
        },
        "2023-09": {
            "month": "2023-09",
            "price": "84.74",
            "revenue": 1504462
        },
        "2023-10": {
            "month": "2023-10",
            "price": "84.63",
            "revenue": 1430515
        },
        "2023-11": {
            "month": "2023-11",
            "price": "84.65",
            "revenue": 1407061
        },
        "2023-12": {
            "month": "2023-12",
            "price": "84.90",
            "revenue": 1473223
        }
    }
}
